1715 2780
142 103 198 150 65
227 103 349 141 THE
371 99 497 140 NEW
519 97 997 141 ECCLESIASTICAL
1017 98 1246 147 SYSTEM,
1275 111 1430 149 1523-4
1469 110 1542 149 127

144 207 266 246 verbo
299 219 385 246 esse
415 215 497 245 non
528 218 655 256 posse,
692 211 759 243 aut
793 203 825 242 si
860 203 944 242 sine
977 203 1098 243 verbo
1128 203 1187 250 sit,
1221 203 1427 242 ecclesiam
1458 216 1543 242 esse

145 261 335 300 desinere.
397 260 555 299 Deinde
582 273 673 298 cum
694 258 859 309 quilibet
880 258 928 296 sit
948 259 999 296 ad
1020 257 1128 297 verbi
1147 257 1406 296 ministerium
1428 265 1543 295 natus

144 330 166 354 e
187 313 386 366 baptismo
413 322 451 353 et
478 313 653 365 episcopi
678 314 837 364 papales
858 312 985 351 nolint
1005 313 1099 351 dare
1118 312 1227 351 verbi
1249 312 1447 350 ministros
1471 342 1478 349 .
1503 342 1510 348 .
1534 342 1541 349 .

144 369 338 420 reliquum
361 376 419 408 est
438 376 506 407 aut
526 367 750 419 permittere
771 366 977 405 ecclesiam
1001 366 1075 405 Dei
1097 366 1221 416 perire
1238 366 1322 405 sine
1336 366 1457 404 verbo
1477 373 1544 404 aut

146 431 341 474 oportere,
365 430 564 462 conventu
584 423 699 468 facto,
723 420 1004 460 communibus
1025 420 1214 470 suffragiis
1236 434 1282 459 ex
1303 433 1375 458 suo
1395 420 1544 470 gremio

144 477 286 528 eligere
313 491 436 516 unum
464 478 525 516 vel
555 482 751 526 quotquot
778 488 877 526 opus
902 474 1016 513 fuerit
1042 474 1208 514 idoneos
1236 482 1274 513 et
1301 474 1545 513 orationibus

146 545 193 570 ac
227 545 417 570 manuum
449 530 769 582 impositionibus
801 528 1043 567 universitati
1073 530 1355 568 commendare
1386 536 1424 566 et
1455 542 1546 566 con-

147 587 311 633 firmare,
353 593 473 636 atque
507 598 574 624 eos
606 592 690 622 tum
731 597 801 635 pro
842 582 1025 633 legitimis
1055 583 1251 634 episcopis
1287 590 1324 621 et
1359 582 1545 620 ministris

145 639 254 679 verbi
288 652 501 690 agnoscere
535 645 573 677 et
613 639 754 686 colere,
789 637 1011 676 indubitata
1041 639 1119 676 fide
1155 638 1354 676 credendo
1392 650 1415 674 a
1457 638 1545 674 Deo

146 701 301 745 gestum
335 701 374 732 et
411 695 559 732 factum
598 706 684 731 esse
722 693 832 742 quod
866 693 940 729 hac
975 692 1125 730 ratione
1154 691 1314 742 gesserit
1344 698 1382 729 et
1412 690 1546 729 fecerit

147 761 364 787 consensus
396 747 619 786 communis
655 747 842 793 fidelium,
874 746 1134 796 Evangelium
1165 745 1465 796 agnoscentium
1499 759 1545 783 ac

147 801 427 852 profitentium.
453 832 460 839 .
483 831 490 840 .
513 831 520 840 .

200 856 265 895 Sic
291 870 383 907 ergo
413 855 575 895 faciatis.
613 885 620 893 .
654 886 661 893 .
694 885 701 893 .
735 856 975 895 Convocatis
1003 861 1041 893 et
1069 853 1399 893 convenientibus
1424 853 1546 892 libere

148 924 316 961 quorum
346 911 466 949 corda
498 912 607 949 Deus
642 909 820 959 tetigerit,
850 916 892 947 ut
924 909 1129 947 vobiscum
1165 908 1272 947 idem
1308 907 1478 946 sentiant
1509 915 1546 945 et

148 964 312 1015 sapiant,
334 965 556 1015 procedatis
583 963 624 1002 in
648 963 811 1002 nomine
834 963 1010 1009 Domini,
1034 971 1072 1002 et
1093 962 1223 1013 eligite
1245 976 1364 1013 quem
1386 969 1424 1000 et
1446 975 1546 1012 quos

148 1018 359 1066 volueritis,
382 1018 450 1068 qui
466 1017 575 1068 digni
595 1025 633 1057 et
654 1017 788 1057 idonei
809 1017 881 1055 visi
901 1017 1045 1056 fuerint
1064 1034 1070 1056 ε
1102 1025 1186 1055 tum
1207 1016 1401 1067 impositis
1430 1030 1547 1066 super

148 1086 216 1112 eos
237 1072 420 1111 manibus
440 1072 597 1111 illorum
624 1072 691 1122 qui
720 1071 891 1122 potiores
912 1071 1013 1110 inter
1037 1085 1105 1110 vos
1127 1071 1284 1117 fuerint,
1306 1070 1547 1109 confirmetis

148 1135 187 1166 et
216 1126 505 1166 commendetis
533 1140 625 1165 eos.
650 1157 657 1164 .
685 1125 902 1165 ‚ecclesiae
925 1156 931 1163 .
956 1156 962 1163 .
988 1156 994 1163 .
1023 1125 1179 1175 sintque
1207 1127 1284 1164 hoc
1313 1125 1399 1175 ipso
1430 1124 1547 1163 vestri

150 1181 349 1232 Episcopi,
374 1180 556 1228 Ministri‚
581 1194 649 1219 seu
671 1182 862 1218 Pastores.
922 1182 1064 1218 Amen.
1091 1210 1097 1217 .
1122 1210 1128 1217 .
1153 1210 1160 1217 .

198 1262 289 1305 No.
321 1263 403 1305 66.
464 1261 695 1305 Luther's
736 1261 980 1304 Formula
1022 1260 1211 1303 Missae
1254 1260 1305 1304 et
1351 1258 1498 1304 Com-

566 1319 841 1371 munionis,
872 1319 987 1362 Dec.
1019 1330 1141 1372 1523.

269 1397 349 1435 .In
388 1394 524 1447 primis
558 1395 691 1446 itaque
730 1395 960 1446 profitemur
999 1408 1079 1433 non
1119 1407 1204 1433 esse
1244 1407 1317 1432 nec
1350 1393 1469 1432 fuisse
1508 1391 1547 1430 in

149 1450 284 1489 animo
304 1458 439 1489 nostro
460 1463 620 1488 omnem
637 1451 788 1488 cultum
810 1448 888 1488 Dei
908 1462 1065 1500 prorsus
1086 1449 1256 1495 abolere,
1281 1449 1350 1487 sed
1367 1461 1458 1486 eum
1481 1446 1548 1497 qui

150 1504 190 1543 in
211 1518 284 1543 usu
305 1512 374 1552 est,
403 1505 584 1554 pessimis
611 1503 892 1543 additamentis
923 1503 1114 1550 vitiatum,
1138 1515 1344 1553 repurgare
1369 1509 1408 1541 et
1432 1515 1547 1540 usum

150 1558 259 1610 pium
289 1566 517 1598 monstrare.
578 1559 682 1597 Nam
713 1559 789 1596 hoc
819 1570 961 1607 negare
988 1570 1069 1596 non
1096 1570 1307 1607 possumus
1337 1555 1480 1594 Missas
1511 1563 1549 1593 et

151 1612 488 1652 Communionem
523 1612 635 1663 panis
665 1619 704 1651 et
738 1611 818 1650 vini
852 1611 968 1650 ritum
997 1625 1082 1650 esse
1113 1624 1136 1649 a
1165 1611 1324 1650 Christo
1359 1609 1547 1648 divinitus

150 1665 384 1705 institutum.

206 1722 259 1759 At
280 1720 347 1759 ubi
368 1720 526 1759 licentia
546 1721 665 1759 fiebat
685 1720 859 1759 addendi
882 1726 920 1758 et
951 1718 1141 1765 mutandi,
1165 1726 1281 1768 prout
1305 1717 1427 1756 cuivis
1456 1716 1550 1755 libe-

151 1774 231 1822 bat,
273 1776 488 1814 accedente
527 1782 610 1812 tum
650 1781 688 1812 et
719 1781 906 1824 quaestus
946 1780 983 1811 et
1021 1772 1249 1811 ambitionis
1296 1771 1548 1810 sacerdotalis

152 1828 368 1879 tyrannide,
392 1836 477 1867 tum
498 1835 713 1878 coeperunt
734 1827 869 1866 altaria
883 1826 948 1865 illa
964 1834 1002 1865 et
1018 1826 1186 1877 insignia
1203 1827 1297 1864 Baal
1314 1833 1351 1864 et
1368 1825 1545 1864 omnium

152 1884 318 1922 deorum
334 1881 429 1933 poni
449 1882 486 1920 in
510 1883 702 1932 templum
726 1881 889 1920 Domini
910 1894 979 1931 per
999 1880 1141 1930 impios
1155 1894 1264 1931 reges
1285 1887 1451 1927 nostros,
1476 1879 1497 1917 i.
1514 1894 1547 1918 e.

153 1936 373 1987 episcopos.
433 1935 513 1974 Hic
527 1935 707 1974 sustulit
699 1935 841 1985 1mpius
858 1936 967 1973 Abas
983 1936 1103 1973 altare
1116 1948 1273 1973 aereum
1291 1942 1329 1973 et
1345 1933 1549 1973 constituit

153 1990 261 2029 aliud
281 2004 302 2029 e
325 1992 523 2029 Damasco
544 1989 722 2040 petitum,
746 1991 886 2039 loquor
906 1996 1037 2028 autem
1059 1990 1110 2028 de
1131 1989 1297 2029 Canone
1326 1988 1392 2027 illo
1420 1990 1549 2026 lacero

153 2051 192 2082 et
211 2043 479 2091 abominabili,
503 2058 549 2083 ex
570 2045 783 2082 multorum
806 2043 954 2081 lacunis
975 2056 1048 2082 ceu
1073 2043 1227 2081 sentina
1247 2043 1426 2081 collecto.
1487 2041 1548 2079 Ibi

155 2097 283 2148 coepit
306 2098 430 2136 Missa
450 2097 531 2136 fieri
552 2097 797 2144 sacrificium,
820 2097 871 2136 ibi
900 2097 1036 2136 addita
1061 2096 1270 2135 Offertoria
1289 2104 1326 2135 et
1349 2097 1549 2136 Collectae

155 2152 428 2199 mercenariae,
458 2151 512 2190 ibi
537 2151 774 2202 Sequentiae
805 2158 842 2190 et
864 2153 1017 2190 Prosae.
1050 2181 1057 2189 .
1080 2180 1088 2189 .
1111 2180 1119 2189 .
1142 2153 1247 2189 Tum
1269 2150 1399 2200 coepit
1426 2149 1550 2187 Missa

156 2218 241 2244 esse
270 2207 544 2256 monopolium
574 2207 826 2252 sacerdotale,
859 2205 977 2243 totius
1008 2204 1146 2243 mundi
1177 2218 1273 2255 opes
1303 2203 1546 2250 exhauriens,

158 2258 307 2307 divites,
339 2259 499 2306 otiosos,
531 2267 713 2309 potentes
743 2266 781 2298 et
816 2259 1083 2309 voluptuarios
1115 2266 1154 2297 et
1199 2258 1427 2296 immundos
1463 2257 1548 2293 illos

157 2312 328 2352 coelibes
357 2320 441 2352 toto
471 2313 566 2352 orbe
593 2327 665 2352 ceu
697 2312 918 2352 vastitatem
950 2313 1128 2351 ultimam
1164 2313 1377 2351 exundans.
1441 2310 1549 2347 Hinc

159 2366 304 2405 Missae
325 2381 395 2417 pro
424 2367 632 2414 defunctis,
655 2381 725 2418 pro
753 2367 968 2414 itineribus,
1000 2379 1070 2417 pro
1099 2366 1254 2416 opibus,
1281 2373 1319 2404 et
1344 2364 1430 2414 quis
1461 2363 1547 2400 illos

158 2418 289 2459 titulos
311 2422 414 2459 solos
435 2428 624 2468 numeret,
643 2434 811 2471 quorum
836 2420 960 2460 Missa
980 2422 1081 2459 facta
1109 2428 1166 2459 cst
1188 2418 1454 2458 sacrificium?
1476 2447 1482 2454 .
1509 2446 1515 2453 .
1539 2446 1547 2454 .

158 2473 441 2513 Additamenta
469 2482 627 2514 externa
656 2475 835 2523 vestium,
871 2488 1064 2522 vasorum,
1097 2486 1312 2518 cereorum,
1346 2471 1546 2521 pallarum,
