1715 2780
214 118 287 165 526
536 114 761 159 CALVIN,
793 112 868 150 TO
902 111 995 148 HIS
1027 110 1282 148 ARRIVAL
1518 108 1605 155 269

278 219 483 257 Videndum
512 219 616 255 nobis
635 223 690 254 est
707 230 750 254 ne
776 218 974 255 Christum
1000 216 1066 252 lcoc
1088 216 1161 252 loco
1181 215 1228 251 ab
1247 214 1435 262 evangelii
1459 214 1607 250 ratione

213 275 407 311 aberrasse
440 272 707 310 existimemus.
779 271 888 308 lVam
913 268 1124 319 praeceptis
1159 280 1265 316 agere
1299 268 1460 312 videtur,
1496 272 1608 316 atque

213 333 258 365 nt
267 333 456 377 pauperes
472 327 599 371 simus,
618 326 734 371 nn'tes,
754 325 895 361 mundo
913 323 1028 369 corde,
1042 322 1204 372 pacifici,
1218 321 1444 372 praecipere.
1500 321 1606 369 Quin

213 383 326 419 etiam
348 381 543 418 mercedem
565 380 670 416 nobis
685 378 878 428 proponit,
901 390 1018 427 quum
1030 376 1222 426 praemiis
1242 388 1346 412 nemo
1364 376 1453 412 duci
1468 375 1605 420 debeat,

213 437 278 473 sed
299 436 426 485 gratis
455 441 606 483 operam
636 434 729 470 dare
762 433 928 477 Christo,
959 433 1078 469 solam
1109 431 1192 468 Dei
1217 429 1384 478 gloriam
1417 441 1606 478 quaerere,

215 491 319 527 m'lzil
324 488 538 538 formidine
548 494 695 536 poenae
714 492 786 524 ant
804 487 996 535 genennae
1016 497 1132 533 agere.
1194 484 1273 522 Sed
1290 514 1297 521 .
1321 514 1328 520 .
1353 512 1360 519 .
1382 496 1477 532 qnae
1494 489 1607 532 prae-

212 549 313 593 cepta
344 556 418 580 non
448 543 542 580 satis
570 542 753 589 explicate
781 541 892 578 Μοςὶ
915 540 1057 589 scripta
1086 543 1208 585 erant,
1240 537 1465 587 explicatius
1498 537 1605 574 docet.

212 600 351 647 ltaque
371 597 437 634 lzoc
454 596 689 643 evangelium
712 595 817 632 nilzil
828 594 1029 644 praecepit,
1050 594 1116 630 sed
1131 592 1213 630 Dei
1229 592 1442 637 bonitatem,
1468 591 1608 628 miseri-

213 652 381 690 cordiam
400 655 436 687 et
452 649 623 698 beneficia
644 650 808 698 exponit.
853 650 913 685 Ac
933 660 983 685 ne
1000 646 1087 697 quis
1109 645 1268 683 miretur
1286 645 1396 694 quod
1409 645 1421 664 ¹
1437 643 1610 695 praemia

215 704 408 743 mercedis
429 703 589 742 nomine
611 703 922 753 comprehendat
941 716 947 739 :
979 701 1173 746 Gaudete,
1192 698 1329 749 inquit,
1348 697 1441 748 quia
1460 711 1609 736 merces

216 768 341 797 vestra
372 757 533 808 copiosa
562 764 620 795 est
653 756 693 794 in
727 757 858 803 coelis,
890 756 1042 793 aurium
1074 766 1233 804 operam
1269 752 1464 803 paulisper
1493 751 1609 790 nobis

213 813 526 851 accommodate.
550 842 557 849 .
580 841 588 848 .
611 841 618 848 .
642 811 763 859 Quod
791 810 821 848 si
850 809 965 848 simili
995 808 1051 846 uti
1080 807 1182 846 licet.
1207 837 1215 846 .
1239 838 1246 846 .
1269 837 1276 846 .
1301 806 1421 844 Filius
1445 805 1610 845 familias

217 866 308 906 totis
339 866 486 905 viribus
518 866 616 916 patri
648 866 802 914 placere
835 863 978 911 nititur,
1010 863 1144 901 omnia
1173 874 1242 899 sua
1271 860 1399 899 officia
1430 859 1469 898 in
1500 859 1608 898 illum

217 922 344 969 refert,
375 921 445 959 sed
477 933 557 957 non
593 932 693 968 quae
728 926 837 956 tanta
871 917 949 955 sint
983 925 1024 955 ut
1060 915 1341 955 haereditatem
1377 920 1611 961 mereantur,

217 988 335 1025 quam
364 974 620 1012 nihilominus
644 972 798 1022 accipit,
823 972 1127 1020 mercedemque
1153 970 1350 1019 adpellare
1370 968 1506 1019 possis,
1530 981 1610 1005 non

217 1030 326 1079 quod
346 1028 481 1067 debita
501 1027 549 1065 sit
566 1028 635 1065 sed
653 1027 761 1076 quod
778 1025 844 1063 filii
867 1039 956 1075 erga
976 1032 1126 1075 patrem
1147 1024 1275 1062 officia
1295 1024 1383 1072 plus
1399 1021 1491 1061 satis
1507 1035 1611 1060 eom-

217 1090 367 1133 penset.
428 1083 488 1120 Ita
508 1093 658 1120 merces
679 1082 718 1118 in
741 1079 858 1118 sacris
880 1081 1112 1129 plerumque
1132 1076 1309 1127 usurpari
1329 1077 1439 1115 solet.
1464 1107 1471 1114 .
1494 1105 1502 1114 .
1526 1105 1534 1114 .

217 1197 307 1240 No.
332 1207 437 1250 270.
489 1196 660 1238 Letter
683 1194 739 1237 of
764 1194 973 1237 Francis
1001 1194 1023 1235 I
1053 1194 1107 1235 to
1135 1192 1222 1234 the
1254 1191 1541 1234 Parlement
1562 1189 1619 1232 of

662 1253 821 1304 Paris,
842 1263 895 1293 10
924 1252 1038 1294 Dec.
1061 1261 1181 1303 1533.

276 1345 337 1382 De
358 1356 426 1393 par
447 1344 482 1381 le
504 1344 603 1392 Roy.
663 1343 748 1380 Nos
768 1342 877 1379 amez
898 1348 935 1378 et
955 1339 1105 1378 feaulx!
1160 1340 1273 1376 Nous
1293 1349 1415 1385 avons
1436 1335 1610 1374 entendu

219 1399 254 1436 le
285 1404 459 1435 contenu
493 1410 567 1434 aux
595 1397 726 1433 lettres
758 1408 834 1444 que
865 1407 933 1444 par
963 1406 1008 1432 ce
1039 1400 1198 1442 porteur
1224 1404 1346 1429 avons
1375 1387 1613 1439 accepteez.‘·'

223 1452 333 1489 Nous
364 1463 535 1488 sommes
565 1448 792 1487 tres-marris
822 1456 859 1486 et
889 1447 1132 1496 desplaisans
1162 1447 1212 1484 de
1239 1458 1284 1483 ce
1309 1457 1385 1494 que
1409 1456 1458 1482 en
1480 1450 1611 1481 nostre

220 1505 353 1543 bonne
373 1504 476 1542 Ville
497 1505 546 1542 de
569 1504 689 1549 Paris,
710 1503 802 1540 chef
819 1510 855 1540 et
883 1502 1063 1551 capitalle
1092 1501 1142 1538 de
1172 1506 1303 1537 nostre
1333 1499 1551 1547 Royaume‚
1575 1504 1611 1534 et

219 1559 270 1596 ou
290 1572 312 1607 y
332 1571 355 1596 a
376 1556 599 1596 Universite
627 1556 840 1606 principale
865 1556 914 1593 de
941 1557 977 1592 la
1002 1552 1260 1597 Chrestiente,
1283 1559 1385 1591 cette
1413 1551 1612 1589 maudicte

220 1620 326 1651 secte
360 1611 562 1661 here'tique
598 1609 864 1648 Lutherienne
896 1609 1068 1659 pullulle‚
1105 1608 1155 1646 οὺ
1193 1606 1385 1656 plusieurs
1423 1612 1611 1654 pourront

221 1667 388 1716 prendre
413 1666 616 1715 exemple3
645 1665 667 1701 ἐι
687 1677 792 1713 quoy
811 1664 860 1701 de
884 1670 969 1700 tout
994 1669 1125 1700 nostre
1149 1661 1315 1710 pouvoir
1339 1667 1377 1698 et
1404 1659 1610 1709 puissance

220 1721 387 1758 voulons
408 1733 430 1769 y
451 1720 596 1764 obvier,
613 1731 702 1756 sans
722 1732 744 1767 y
766 1729 973 1766 espargner
993 1728 1188 1765 personne
1210 1713 1276 1764 qui
1298 1715 1383 1752 soit.
1443 1714 1494 1750 Et
1514 1725 1612 1762 pour

221 1787 266 1812 ce
296 1775 461 1811 voulons
496 1780 534 1811 et
568 1773 790 1811 entendons
825 1784 901 1820 que
935 1771 1025 1808 telle
1057 1777 1095 1807 et
1119 1770 1147 1807 si
1173 1769 1317 1818 griefve
1348 1765 1529 1817 punition
1562 1778 1611 1803 en

222 1827 296 1865 soit
324 1828 450 1873 fauete,
474 1839 552 1876 que
578 1839 623 1864 ce
651 1827 726 1863 soit
753 1823 969 1863 correction
999 1837 1074 1861 aux
1106 1821 1276 1860 maudits
1302 1820 1552 1869 Heretiques,
1575 1827 1612 1857 et

221 1882 398 1930 exemple
418 1882 440 1918 ὲ
461 1888 549 1918 tous
569 1888 707 1918 autres.

276 1937 311 1971 A
346 1942 447 1972 cette
486 1947 603 1971 cause
642 1935 754 1971 Nous
784 1945 881 1970 vous
917 1931 1112 1969 mandons
1151 1937 1189 1968 et
1227 1926 1611 1977 tres-expressement

222 1987 466 2037 enjoignons,
501 2000 578 2036 que
610 1999 706 2024 vous
741 1987 959 2023 commetez
989 1985 1153 2022 aulcuns
1183 1983 1331 2021 d’entre
1359 1994 1468 2027 vous,
1500 1993 1610 2030 pour,

222 2049 350 2080 toutes
380 2042 520 2079 choses
549 2040 718 2086 laissees,
750 2039 1041 2077 curieusement
1068 2044 1106 2075 et
1136 2035 1407 2086 diligemment
1431 2035 1519 2072 eulx
1548 2046 1613 2072 en-

222 2095 351 2145 que'rir
370 2095 420 2133 de
441 2102 529 2131 tous
555 2094 667 2132 ceulx
697 2094 763 2142 qui
794 2092 971 2130 tiennent
1000 2091 1112 2129 icelle
1141 2098 1245 2128 secte
1277 2087 1556 2135 Luthe'rienne‚
1576 2095 1614 2125 et

223 2150 290 2199 qui
315 2162 364 2187 en
391 2155 481 2186 sont
509 2154 686 2196 suspects
715 2154 752 2184 et
773 2145 1117 2184 ve'he'mentement
1147 2142 1457 2192 suspectionnez,
1484 2149 1521 2180 et
1545 2142 1613 2191 qui

224 2216 246 2252 y
266 2202 458 2241 adherent
487 2209 525 2239 et
554 2203 609 2239 les
634 2201 798 2245 suivent,
820 2200 899 2237 afin
924 2211 1001 2248 que
1021 2210 1118 2236 vous
1143 2195 1336 2247 procedez
1355 2202 1491 2234 contre
1511 2195 1613 2241 eulx,

224 2269 314 2294 sans
338 2257 405 2293 nul
432 2262 623 2304 excepter,
653 2267 721 2304 par
748 2252 850 2302 prise
879 2253 930 2290 de
957 2264 1080 2301 corps,
1115 2264 1165 2289 en
1196 2251 1367 2300 quelque
1398 2248 1475 2287 lieu
1500 2247 1612 2298 qu'ils

226 2317 365 2359 soyent
386 2308 554 2355 trouvez,
577 2315 615 2347 et
636 2314 771 2346 contre
790 2308 845 2345 les
866 2305 1011 2355 fugitifs
1029 2302 1133 2357 [par]
1155 2305 1458 2353 adjournement
1477 2303 1500 2339 ὲ
1520 2302 1613 2340 trois

269 2399 278 2417 ¹
306 2399 394 2430 Here
411 2399 490 2429 ends
507 2399 561 2429 the
579 2397 740 2438 fragment
757 2396 794 2427 of
806 2396 859 2427 the
876 2395 1008 2426 address
1024 2395 1055 2425 in
1073 2393 1220 2425 Calvin’s
1229 2392 1461 2432 handwriting,
1472 2401 1507 2422 as
1518 2392 1615 2431 given

226 2443 256 2474 in
276 2442 497 2481 Herminjard,
515 2442 560 2480 iii,
580 2452 635 2482 pp.
651 2441 800 2481 418-20:
827 2439 920 2470 Calv.
941 2439 1056 2478 Opera,
1071 2439 1113 2469 ix.
1133 2437 1183 2478 [=
1197 2438 1230 2468 C.
1247 2437 1290 2467 R.
1308 2434 1445 2475 xxxvii]
1465 2435 1525 2475 872
1543 2443 1615 2475 sqq.

268 2484 280 2505 ²
304 2496 346 2516 sc.
365 2485 402 2515 of
418 2484 455 2515 26
472 2485 571 2521 N0v.,
590 2484 674 2515 from
693 2484 748 2514 the
765 2482 956 2514 Parlemenl
972 2481 1010 2512 of
1023 2482 1122 2512 Paris.
1597 2509 1600 2511 Α
