1715 2780
111 118 176 155 116
380 116 500 153 THE
533 116 670 153 DIET
701 114 773 153 OF
802 115 1123 159 AUGSBURG,
1159 126 1260 164 1530
1437 128 1510 164 273

113 230 215 269 quae
235 217 418 268 prohibet
439 217 680 269 coniugium,
698 232 714 256 1
731 217 907 256 Timoth.
927 217 974 256 iv.
1023 219 1072 257 Id
1092 217 1206 257 facile
1226 231 1333 257 nunc
1350 218 1512 269 intelligi

112 279 253 323 potest,
276 285 399 322 quum
420 272 564 311 talibus
585 272 786 323 suppliciis
805 271 1020 323 prohibitio
1041 271 1214 323 coniugii
1234 273 1471 311 defenditur.

168 340 206 376 9.
235 325 344 365 Sicut
381 334 514 366 autem
553 328 661 365 nulla
699 328 759 366 lex
793 327 967 365 humana
1007 333 1139 376 potest
1170 327 1402 365 mandatum
1436 326 1513 366 Dei

112 381 259 428 tollere,
282 380 335 419 ita
356 394 429 419 nec
449 387 585 420 votum
613 388 743 431 potest
763 381 900 419 tollere
928 381 1162 419 mandatum
1191 381 1280 419 Dei.
1340 382 1513 420 Proinde

113 433 232 473 etiam
251 434 473 485 Cyprianus
501 436 652 483 suadet,
674 441 717 473 ut
744 434 926 473 mulieres
951 435 1105 473 nubant
1126 448 1227 484 quae
1251 449 1333 473 non
1358 442 1513 473 servant

113 489 347 538 promissam
363 490 594 528 castitatem.
653 489 787 528 Verba
815 488 898 527 eius
928 496 1020 527 sunt
1047 490 1145 528 haec
1172 488 1256 527 libr.
1288 490 1319 536 Ι,
1346 488 1513 539 epistola

113 544 200 582 XI:
244 542 309 581 ‘Si
338 550 471 581 autem
500 555 747 593 perseverare
779 544 929 590 nolunt,
959 549 1026 581 aut
1053 556 1134 581 non
1165 550 1342 593 possunt,
1373 544 1513 581 melius

113 603 172 635 est
200 603 243 635 ut
272 596 425 635 nubant
452 610 571 646 quam
599 604 641 635 ut
672 597 712 634 in
745 596 876 646 ignem
909 596 1059 636 deliciis
1092 596 1171 635 suis
1199 598 1343 636 cadant
1358 611 1368 645 ,-
1408 604 1513 635 certe

113 652 264 688 nullum
280 650 461 689 fratribus
474 658 541 689 aut
555 651 753 689 sororibus
768 652 998 690 scandalum
1016 650 1182 689 faciant.'
1197 651 1208 671 ¹
1248 653 1299 689 Et
1315 651 1513 701 aequitate

114 705 286 754 quadam
311 711 474 743 utuntur
500 704 574 755 ipsi
595 706 781 744 Canones
809 718 898 755 erga
927 706 999 743 hos
1030 706 1097 755 qui
1127 713 1218 744 ante
1246 705 1388 744 iustam
1411 712 1513 744 aeta-

114 766 195 797 tem
217 766 416 807 voverunt,
439 759 644 809 quomodo
665 760 744 798 fere
765 760 957 798 hactenus
973 760 1055 798 fieri
1076 759 1294 799 consuevit.

628 842 706 879 III.
767 842 833 879 DE
863 852 998 879 MlssA.

170 906 286 944 Falso
314 912 549 944 accusantur
578 905 767 945 ecclesiae
795 914 951 945 nostrae
981 907 1091 956 quod
1121 907 1282 945 missam
1313 906 1511 945 aboleant.

115 959 322 998 Retinetur
343 960 448 998 enim
465 961 582 999 missa
598 961 704 1010 apud
722 974 806 1007 nOS,
824 968 861 999 et
878 974 1033 999 summa
1048 960 1264 1000 reverentia
1284 961 1513 999 celebratur.

114 1015 325 1053 Servantur
344 1021 383 1052 et
403 1013 568 1053 usitatae
588 1016 835 1053 ceremoniae
856 1016 935 1053 fere
950 1028 1100 1063 omnes,
1116 1023 1390 1065 praeterquam
1404 1015 1514 1065 quod

116 1067 266 1106 Latinis
311 1067 562 1107 cantionibus
607 1069 876 1107 admiscentur
913 1068 1058 1107 alicubi
1098 1069 1371 1117 Germanicae,
1412 1081 1514 1119 quae

114 1121 275 1161 additae
309 1129 401 1160 sunt
438 1122 490 1160 ad
528 1123 756 1161 docendum
796 1124 999 1173 populum.
1060 1124 1165 1161 Nam
1200 1124 1251 1162 ad
1281 1124 1358 1161 hoc
1389 1136 1514 1160 unum

115 1189 216 1226 opus
250 1182 308 1214 est
346 1175 592 1223 ceremoniis,
633 1183 675 1214 ut
713 1178 885 1215 doceant
923 1176 1137 1227 imperitos.
1196 1179 1247 1215 Et
1278 1190 1360 1214 non
1392 1177 1515 1215 modo

118 1231 263 1268 Paulus
292 1229 481 1280 praecipit
511 1229 566 1268 uti
595 1230 729 1280 lingua
758 1230 956 1269 intellecta
987 1232 1135 1281 populo
1167 1230 1206 1268 in
1239 1230 1415 1277 ecclesia,
1445 1231 1514 1269 sed

115 1283 234 1322 etiam
249 1282 303 1322 ita
321 1283 580 1322 constitutum
603 1291 660 1323 est
680 1285 856 1323 humano
869 1285 961 1323 iure.

174 1351 205 1375 2.
237 1338 410 1376 Assuefit
430 1339 611 1388 populus,
635 1346 677 1377 ut
707 1352 786 1376 una
809 1345 968 1377 utantur
992 1345 1250 1385 sacramento,
1280 1338 1311 1376 si
1336 1337 1403 1388 qui
1425 1346 1515 1376 sunt

117 1390 249 1430 idonei
267 1405 278 1439 5
305 1391 346 1430 id
366 1404 527 1442 quoque
546 1400 663 1442 auget
679 1392 936 1431 reverentiam
956 1405 1003 1431 ac
1023 1392 1253 1442 religionem
1267 1391 1514 1443 publicarum

119 1444 441 1484 ceremoniarum.
500 1446 608 1485 Nulli
639 1447 745 1484 enim
769 1446 1041 1493 admittuntur,
1068 1446 1142 1485 nisi
1171 1454 1288 1485 antea
1314 1447 1515 1496 explorati.

117 1500 395 1538 Admonentur
432 1498 550 1539 etiam
585 1499 766 1538 homines
796 1501 847 1539 de
877 1500 1066 1551 dignitate
1096 1508 1134 1539 et
1164 1514 1236 1539 usu
1267 1501 1514 1547 sacramenti,

117 1560 306 1603 quantam
330 1553 645 1592 consolationem
669 1555 803 1593 afferat
830 1554 982 1605 pavidis
1011 1554 1275 1602 conscientiis,
1299 1561 1341 1593 ut
1361 1553 1515 1593 discant

120 1608 208 1645 Deo
235 1607 405 1654 credere,
434 1615 472 1646 et
501 1607 635 1646 omnia
660 1608 766 1647 bona
789 1622 812 1646 a
840 1610 929 1648 Deo
959 1616 1184 1658 exspectare
1215 1617 1253 1647 et
1278 1616 1420 1658 petere.
1481 1621 1515 1657 3.

120 1660 200 1698 Hic
220 1661 348 1699 cultus
370 1661 539 1700 delectat
562 1663 719 1709 Deum,
748 1662 834 1700 talis
860 1676 951 1701 usus
980 1662 1212 1701 sacramenti
1233 1664 1301 1700 alit
1327 1662 1514 1712 pietatem
1561 1684 1564 1686 -

118 1727 208 1764 erga
248 1716 390 1753 Deum.
449 1716 589 1765 Itaque
628 1729 709 1754 non
741 1717 924 1755 videntur
958 1717 1063 1766 apud
1095 1716 1337 1755 adversarios
1374 1715 1514 1754 missae

119 1768 266 1807 maiore
286 1767 472 1818 religione
494 1769 574 1807 fieri
595 1782 714 1819 quam
734 1771 840 1820 apud
863 1783 944 1808 nos.

172 1835 208 1869 4.
238 1821 407 1861 Constat
424 1829 557 1861 autem
578 1824 681 1861 hanc
707 1836 867 1873 quoque
888 1824 1087 1874 publicam
1108 1831 1146 1862 ct
1167 1825 1283 1874 longe
1304 1824 1515 1862 maximam

118 1877 319 1925 querelam
350 1875 528 1915 omnium
559 1877 755 1915 bonorum
786 1877 955 1916 virorum
986 1878 1054 1916 diu
1086 1878 1215 1926 fuisse,
1245 1879 1354 1928 quod
1374 1877 1516 1916 missae

119 1929 281 1979 turpiter
318 1931 626 1980 profanarentur,
667 1932 831 1970 collatae
868 1933 919 1970 ad
954 1939 1174 1982 quaestum.
1234 1934 1376 1983 Neque
1410 1931 1514 1971 enim

120 1983 333 2021 obscurum
354 1992 413 2023 est
433 1997 551 2034 quam
574 1986 649 2023 late
673 1992 804 2035 pateat
825 1985 889 2024 hic
908 1986 1056 2024 abusus
1077 1986 1117 2024 in
1139 1985 1325 2025 omnibus
1345 1985 1514 2036 templis,

119 2050 142 2075 a
171 2037 353 2086 qualibus
383 2038 628 2077 celebrentur
658 2040 800 2078 missae
829 2046 982 2078 tantum
1012 2047 1169 2090 propter
1196 2041 1420 2079 mercedem
1450 2047 1517 2078 aut

120 2090 370 2140 stipendium,
386 2105 505 2142 quam
521 2092 631 2131 multi
649 2100 784 2131 contra
800 2093 1053 2132 interdictum
1074 2094 1287 2134 Canonum
1304 2094 1516 2133 celebrent.

122 2156 159 2194 5.
191 2145 335 2183 Paulus
368 2153 501 2185 autem
535 2146 700 2196 graviter
734 2146 905 2185 minatur
944 2149 1003 2186 his
1042 2147 1109 2198 qui
1149 2147 1310 2198 indigne
1348 2156 1516 2186 tractant

122 2199 407 2246 eucharistiam,
444 2212 567 2249 quum
599 2200 676 2239 ait:
728 2201 810 2250 Qui
837 2202 958 2240 ederit
975 2209 1120 2252 panem
1151 2203 1253 2240 hunc
1283 2208 1355 2240 ant
1385 2203 1520 2240 biberit

121 2252 269 2290 calicem
287 2253 457 2291 Domini
479 2254 642 2303 z'ndzgne,
666 2268 753 2292 reus
778 2256 852 2293 erit
869 2256 1034 2305 corporis
1053 2261 1090 2293 et
1113 2257 1314 2305 sanguim}
1340 2256 1517 2294 Domini.

124 2306 266 2355 Itaque
307 2318 429 2355 quum
467 2309 575 2357 apud
613 2321 686 2346 nos
728 2309 1036 2348 admonerentur
1083 2311 1307 2349 sacerdotes
1353 2311 1403 2348 de
1441 2310 1517 2347 hoc

122 2365 298 2418 peccatO,
321 2359 520 2418 desierunt
541 2363 647 2412 apud
669 2374 740 2400 nos
767 2364 939 2412 privatae
963 2362 1116 2410 missae,
1139 2377 1263 2414 quum
1288 2365 1367 2402 fere
1387 2363 1518 2401 nullae

122 2419 295 2463 privatae
316 2426 457 2452 missae
478 2414 551 2452 nisi
572 2423 758 2465 quaestus
778 2429 896 2455 causa
917 2418 1064 2456 fierent.

179 2468 212 2503 6.
246 2467 388 2515 Neque
408 2468 682 2517 ignoraverunt
701 2470 773 2508 hos
794 2471 940 2509 abusus
961 2471 1137 2520 episcopi
1152 2486 1162 2518 3
1191 2471 1258 2520 qui
1286 2471 1316 2509 si
1337 2470 1519 2510 correxis-

442 2535 453 2554 ¹
475 2537 539 2578 Ep.
559 2538 601 2571 iv.
621 2542 636 2576 ξ
657 2548 672 2569 2
692 2539 817 2581 (Opera
833 2541 867 2572 ii.
886 2548 960 2581 474,
978 2541 1029 2573 ed.
1051 2540 1197 2579 Hartel).

180 2595 244 2628 944
814 2596 838 2621 T
