1715 2780
150 97 183 124 11
376 84 496 123 THE
536 84 902 122 NINETY-FIVE
942 85 1168 131 THESES,
1215 96 1311 134 1517
1502 99 1546 136 25

203 192 265 240 63.
298 188 379 228 Hic
405 196 536 229 autem
558 196 616 228 est
643 187 782 228 merito
803 187 1088 237 odiosissimus,
1111 188 1203 239 quia
1223 202 1270 227 ex
1296 189 1430 239 primis
1458 190 1548 228 facit

150 243 395 284 novissimos

203 301 264 347 64.
295 299 522 338 Thesaurus
541 305 674 337 autem
696 297 1028 347 indulgentiarum
1051 297 1190 337 merito
1210 304 1268 336 est
1295 298 1549 348 gratissimus,

149 352 241 404 quia
261 366 308 392 ex
330 351 553 392 novissimis
573 351 665 390 facit
684 351 844 401 primos.

203 409 265 458 65.
300 408 422 457 Igitur
448 405 619 445 thesauri
649 405 865 456 evangelici
885 405 980 444 retia
1005 413 1106 453 sunt,
1130 405 1274 456 quibus
1304 406 1398 444 olim
1429 407 1552 458 pisca-

150 461 292 500 bantur
311 461 413 500 viros
434 460 668 500 divitiarum.

203 517 265 554 66.
288 514 480 554 Thesauri
496 513 831 565 indulgentiarum
844 513 940 553 retia
953 522 1055 562 sunt,
1072 514 1216 564 quibus
1230 528 1337 554 nunc
1350 516 1551 565 piscantur

149 569 304 609 divitias
324 570 505 608 virorum.

204 625 265 673 67.
296 620 587 674 Indulgentiae,
610 636 708 673 quas
738 622 1038 662 concionatores
1068 623 1331 662 vociferantur
1362 625 1551 662 maximas

147 677 298 728 gratias,
323 678 591 728 intelliguntur
609 691 699 716 vere
719 679 815 716 tales
836 679 970 727 quoad
991 685 1199 728 quaestum
1220 679 1549 728 promovendum.

203 735 265 772 68.
297 734 397 771 Sunt
430 741 562 771 tamen
598 746 730 771 revera
769 732 931 771 minime
960 733 1010 771 ad
1045 732 1206 782 gratiam
1246 733 1320 771 Dei
1356 741 1392 772 et
1425 733 1550 772 crucis

149 788 335 837 pietatem
356 794 616 837 comparatae.

203 844 263 890 69.
295 843 500 880 Tenentur
539 840 713 891 episcopi
753 848 791 880 et
830 840 952 879 curati
1000 841 1201 879 veniarum
1245 841 1550 892 apostolicarum

150 895 440 934 commissarios
462 908 553 934 cum
575 896 683 933 omni
706 895 921 934 reverentia
940 895 1160 934 admittere.

206 961 266 998 70.
300 951 378 989 Sed
399 949 522 1000 magis
544 956 727 988 tenentur
756 949 943 988 omnibus
968 949 1092 988 oculis
1118 949 1335 997 intendere,
1365 950 1551 989 omnibus

148 1003 307 1043 auribus
336 1005 548 1052 advertere,
572 1018 621 1042 ne
651 1017 721 1054 pro
751 1003 1033 1043 commissione
1063 1018 1188 1055 papae
1219 1018 1288 1042 sua
1318 1004 1371 1042 illi
1397 1005 1552 1044 somnia

149 1058 390 1108 praedicent.

204 1124 265 1162 71.
298 1113 447 1152 Contra
476 1114 677 1151 veniarum
705 1114 1009 1162 apostolicarum
1040 1113 1241 1152 veritatem
1267 1113 1334 1163 qui
1366 1114 1548 1164 loquitur,

149 1166 198 1205 sit
218 1167 283 1206 ille
301 1168 514 1206 anathema
533 1174 570 1206 et
593 1166 838 1205 maledictus.

206 1233 267 1270 72.
299 1222 379 1270 Qui
407 1234 499 1260 vero
526 1229 663 1259 contra
692 1221 898 1260 libidinem
929 1235 974 1260 ac
1002 1221 1200 1260 licentiam
1226 1222 1435 1260 verborum
1461 1235 1553 1260 con-

153 1275 363 1314 cionatoris
384 1275 586 1314 veniarum
607 1288 740 1313 curam
761 1275 850 1325 agit,
874 1275 921 1314 sit
943 1275 1006 1314 ille
1027 1275 1274 1315 benedictus.

211 1342 271 1379 73.
302 1329 410 1368 Sicut
439 1342 540 1380 papa
571 1329 671 1368 iuste
702 1329 883 1368 fulminat
918 1343 998 1378 eos,
1029 1331 1095 1379 qui
1128 1329 1167 1368 in
1197 1331 1374 1369 fraudem
1406 1332 1553 1382 negotii

153 1385 352 1423 veniarum
373 1396 611 1434 quacunque
631 1391 712 1422 arte
734 1384 1019 1431 machinantur,

206 1450 265 1487 74.
298 1440 430 1477 Multo
461 1438 582 1488 magis
613 1438 819 1477 fulminare
849 1438 1018 1477 intendit
1048 1452 1127 1485 eos,
1155 1438 1220 1489 qui
1251 1452 1320 1489 per
1349 1441 1550 1479 veniarum

150 1500 394 1542 praetextum
429 1492 469 1531 in
500 1493 678 1531 fraudem
718 1501 877 1532 sanctae
915 1492 1085 1532 caritatis
1124 1501 1162 1531 et
1196 1493 1367 1532 veritatis
1407 1495 1552 1533 machi-

151 1554 304 1586 nantur.

206 1613 265 1652 75.
297 1600 461 1652 Opinari
495 1600 629 1640 venias
664 1602 822 1651 papales
857 1609 986 1639 tantas
1021 1614 1106 1640 esse
1138 1610 1179 1640 ut
1215 1604 1365 1641 solvere
1399 1603 1551 1653 possint

149 1655 363 1703 hominem,
387 1655 539 1694 etiamsi
560 1655 648 1705 quis
669 1669 737 1705 per
758 1655 1001 1705 impossibile
1017 1657 1091 1695 Dei
1109 1656 1338 1706 genitricem
1355 1656 1549 1705 violasset,

149 1717 206 1748 est
226 1709 406 1749 insanire.

207 1766 266 1813 76.
299 1763 480 1802 Dicimus
519 1771 656 1802 contra
694 1764 803 1813 quod
843 1763 980 1802 veniae
1019 1766 1178 1814 papales
1227 1778 1300 1803 nec
1340 1766 1549 1804 minimum

152 1818 362 1857 venialium
391 1826 643 1868 peccatorum
675 1819 810 1856 tollere
840 1817 1003 1868 possint,
1036 1819 1169 1868 quoad
1199 1820 1368 1869 culpam.

208 1884 269 1922 77.
300 1873 422 1922 Quod
442 1872 595 1920 dicitur,
620 1886 692 1910 nec
714 1871 744 1909 si
766 1874 802 1910 S.
826 1874 963 1910 Petrus
986 1874 1108 1911 modo
1129 1887 1229 1923 papa
1251 1881 1363 1922 esset,
1382 1874 1549 1914 maiores

150 1929 291 1976 gratias
311 1928 460 1966 donare
481 1934 628 1977 posset,
649 1934 707 1965 est
728 1926 973 1976 blasphemia
995 1927 1033 1964 in
1056 1928 1093 1965 S.
1117 1929 1275 1966 Petrum
1298 1937 1335 1966 et
1357 1941 1510 1979 papam.

207 1983 267 2030 78.
300 1980 480 2019 Dicimus
497 1988 648 2028 contra,
663 1981 772 2030 quod
793 1980 911 2019 etiam
935 1980 1006 2019 iste
1022 1988 1060 2020 et
1078 1981 1242 2031 quilibet
1265 1995 1365 2032 papa
1383 1985 1549 2022 maiores

151 2035 279 2081 habet,
313 2035 460 2074 scilicet
499 2034 756 2084 evangelium,
791 2034 963 2081 virtutes,
999 2035 1139 2085 gratias
1183 2036 1443 2084 curationum,
1475 2040 1545 2076 &e

151 2096 192 2127 ut
218 2103 232 2127 1
257 2089 347 2129 Cor.
371 2089 432 2128 xii.

207 2155 265 2193 79.
299 2143 441 2182 Dicere
461 2156 618 2181 crucem
639 2142 756 2181 armis
784 2143 989 2193 papalibus
1018 2143 1219 2194 insigniter
1246 2153 1415 2183 erectam
1444 2146 1548 2183 cruci

153 2197 298 2236 Christi
318 2197 575 2247 aequivalere,
597 2197 845 2247 blasphemia
865 2205 933 2236 est.

208 2252 270 2290 80.
301 2253 515 2290 Rationem
535 2252 702 2290 reddent
723 2250 909 2301 episcopi,
932 2253 1066 2300 curati,
1089 2261 1126 2291 ct
1153 2253 1338 2303 theologi,
1361 2253 1427 2302 qui
1453 2255 1548 2296 tales

155 2317 352 2344 sermones
373 2305 412 2343 in
432 2307 624 2356 populum
646 2306 761 2344 licere
782 2305 925 2344 sinunt.

208 2361 268 2397 81.
302 2359 410 2397 Facit
458 2360 555 2399 haec
602 2359 803 2398 licentiosa
843 2361 1044 2398 veniarum
1093 2360 1344 2410 praedicatio,
1386 2370 1427 2399 ut
1475 2374 1547 2398 nec

154 2413 406 2452 reverentiam
438 2427 564 2464 papae
602 2414 714 2452 facile
753 2413 811 2460 sit,
844 2413 961 2452 etiam
1001 2415 1129 2453 doctis
1160 2414 1260 2461 viris,
1302 2414 1492 2452 redimere
1526 2429 1548 2451 a

155 2467 358 2504 calumniis
380 2476 445 2505 aut
467 2475 571 2505 certe
591 2467 734 2517 argutis
756 2467 1054 2517 quaestionibus
1076 2468 1275 2506 laicorum.
