1715 2780
214 103 289 149 642
384 103 505 141 THE
538 102 862 144 DISCIPLINE
895 105 955 144 IN
986 106 1446 157 GENEVA,1542-64
1539 118 1608 155 313

216 215 325 245 ment
346 206 486 246 edifiee
500 221 568 258 par
584 209 620 246 13
640 208 820 246 doctrine
840 209 1009 258 laquelle
1030 208 1055 246 il
1076 209 1258 248 desduict
1274 223 1338 248 sur
1354 211 1409 249 les
1424 224 1607 262 passages

214 260 280 310 qui
302 263 603 311 appartiennent
623 276 645 299 a
665 261 861 301 l’election
882 269 920 300 et
939 262 1202 324 reprobation.

268 316 397 375 Aprez
417 316 454 353 la
475 315 766 381 Congregation
782 315 885 363 finie,
908 329 961 354 un
981 317 1052 355 des
1072 317 1275 356 assistantz
1295 318 1348 357 du
1371 319 1608 359 Lieutenant

213 368 279 418 qui
302 369 415 408 estoit
437 370 472 408 la
492 370 659 419 present,
677 371 700 408 a
720 370 871 408 scavoir
891 371 926 409 le
947 372 972 409 S
988 372 1116 420 Jehan
1137 372 1187 410 de
1207 372 1244 410 la
1266 371 1424 411 Maison
1441 374 1604 427 Neufve‚

213 436 286 473 voy
290 432 357 461 ant
387 425 422 461 le
452 425 636 462 scandale
667 437 743 473 que
773 424 869 463 ledit
897 424 1109 463 Hierosme
1129 427 1236 465 avoit
1264 425 1354 465 faict
1381 440 1431 465 en
1452 428 1608 478 l'Eglise

213 486 251 514 et
286 479 340 515 les
376 478 625 527 blasphemes
665 491 717 527 qu
722 478 757 515 ’il
796 480 899 517 avoit
938 479 1158 528 prononce's
1194 488 1330 519 contre
1364 481 1466 520 Dieu
1500 490 1539 520 et
1566 496 1607 521 sa

212 531 390 569 doctrine
420 533 549 569 disant
579 545 656 581 que
684 546 784 570 nous
810 546 857 570 en
884 531 1043 571 saisions
1068 547 1145 571 une
1170 533 1287 581 idole,
1316 535 1351 573 le
1380 535 1445 573 feit
1474 549 1608 575 mener

213 585 431 634 prisonnier
462 599 511 623 en
547 586 750 625 l'e'vesche.
815 588 863 624 Et
896 588 960 636 luy
995 588 1052 625 fut
1082 590 1315 628 commence
1347 602 1420 628 son
1454 591 1603 640 proces,

211 652 367 677 comme
388 641 410 677 a
432 641 541 677 telles
560 653 655 689 gens
676 654 727 678 on
749 654 771 678 a
791 644 1056 679 accoustume.

1705 251 1708 301 l

1694 307 1708 483 l

1705 492 1708 524 l

347 694 447 733 ‚Ce
480 693 545 743 qui
573 695 630 731 fut
660 694 752 733 faict
781 694 1039 741 incontinent,
1072 702 1110 733 et
1139 696 1215 734 lors
1245 697 1301 735 les
1333 727 1341 736 .
1374 726 1381 735 .
1414 725 1422 735 .
1453 697 1606 737 articles
1643 729 1646 732 ⁴
1706 726 1707 729 =

210 722 355 785 furent-
360 747 490 797 signez
511 761 579 797 par
600 756 688 786 tous
709 762 806 787 ceux
828 749 893 798 qui
916 748 1086 787 estoient
1110 749 1298 799 pre'sentz‚
1322 758 1360 789 et
1385 759 1518 801 portez
1537 765 1607 802 par

210 801 356 839 devant
379 801 604 840 Messieurs.

266 854 315 904 (c)
330 855 449 893 From
470 869 494 893 a
516 856 734 905 lellerfrom
755 857 861 894 Bezcz
882 862 926 893 at
944 857 1153 894 Lausanne
1168 862 1205 895 lo
1219 858 1435 907 Bullznger,
1453 870 1503 910 29
1530 859 1604 898 Oct.

210 919 309 958 1551.
354 939 362 948 .
409 909 641 949 Caeterum
656 923 705 948 ne
720 909 816 960 quid
833 909 1068 948 intentatum
1086 911 1203 949 Satan
1218 911 1465 972 relinqueret,
1481 926 1606 964 nuper

209 940 427 1001 admodum
460 994 467 1001 .
500 994 507 1001 .
541 992 549 1000 .
581 971 746 1002 conatus
777 971 834 1003 est
859 963 898 1001 in
923 964 1090 1002 ecclesia
1120 965 1345 1004 Genevensi
1373 965 1604 1005 intestinum

209 1016 326 1054 etiam
348 1017 555 1056 dissidium
577 1017 755 1058 excitare.
815 1019 854 1056 Is
875 1019 995 1065 enim,
1015 1019 1126 1056 6111115
1150 1019 1200 1057 de
1220 1019 1476 1069 providentia,
1500 1033 1606 1070 prae-

209 1070 473 1109 destinatione
502 1079 540 1109 et
569 1071 693 1110 libero
722 1071 882 1110 arbitrio
908 1071 1103 1110 axiomata
1123 1074 1229 1122 apud
1251 1080 1289 1111 te
1309 1087 1434 1123 nuper
1453 1074 1602 1125 reliqui,

208 1137 331 1174 quum
358 1126 489 1163 adhuc
512 1133 691 1175 apertum
715 1125 863 1164 bellum
892 1125 1067 1164 ecclesiis
1092 1139 1173 1164 non
1203 1126 1419 1175 indixisset,
1442 1130 1602 1167 tandem

207 1178 351 1226 prodiit
365 1191 386 1217 e
401 1178 480 1217 suis
494 1179 652 1219 latebris
665 1187 703 1218 et
717 1180 757 1217 in
770 1181 903 1218 medio
917 1181 1161 1219 Genevensis
1176 1180 1364 1219 ecclesiae
1378 1189 1493 1220 coetu
1506 1182 1605 1221 sedi-

206 1232 417 1271 tiosissime
434 1240 472 1271 et
493 1233 836 1283 impudentissime
852 1233 1072 1272 doctrinam
1095 1247 1205 1272 suam
1227 1234 1358 1285 coepit
1370 1248 1602 1285 proponere,

207 1286 441 1324 nominatim
472 1289 602 1334 etiarn,
626 1295 667 1326 ut
693 1287 823 1335 audio,
850 1289 898 1325 D.
921 1287 1148 1338 Zwinglium
1175 1295 1212 1326 et
1238 1296 1486 1338 praesentem
1515 1289 1602 1330 Cal-

208 1340 342 1378 vinum
362 1353 544 1390 arguens,
560 1354 660 1391 quos
677 1343 781 1380 solos
804 1354 850 1379 ex
865 1341 1036 1391 antiquis
1058 1348 1095 1380 et
1116 1341 1399 1381 recentioribus
1419 1343 1602 1382 vocifera-

208 1393 320 1431 batur
334 1394 554 1432 doctrinam
571 1397 622 1433 de
635 1394 994 1445 praedestinatione
1008 1403 1045 1433 et
1059 1396 1183 1433 libero
1195 1395 1354 1434 arbit‘rio
1368 1396 1598 1447 corrupisse.

208 1447 434 1495 Respondit
461 1448 648 1487 Calvinus
680 1456 790 1487 tanto
817 1448 952 1498 spiritu
981 1456 1022 1486 ut
1045 1449 1095 1487 ad
1123 1462 1316 1487 summam
1347 1451 1533 1500 pietatem
1564 1458 1601 1490 et

207 1500 366 1539 dicendi
405 1501 696 1540 vehementiam
736 1502 832 1539 nihil
871 1502 1042 1540 defuisse
1081 1502 1286 1549 videretur,
1328 1512 1366 1542 et
1404 1505 1600 1543 bonorum

208 1553 354 1592 iudicio
376 1567 424 1593 eo
445 1555 509 1593 die
531 1568 571 1594 se
593 1555 721 1605 ipsum
743 1557 859 1605 plane
880 1564 1091 1606 superaret.
1151 1556 1300 1595 Mansit
1322 1565 1453 1595 tamen
1476 1558 1540 1597 ille
1561 1560 1599 1596 in

207 1608 414 1646 sententia.
475 1611 615 1659 Itaque
637 1611 768 1659 paullo
790 1618 878 1659 post
898 1622 920 1647 a
942 1609 1167 1659 magistratu
1184 1618 1371 1660 tanquam
1389 1611 1599 1651 seditiosus

207 1669 245 1699 et
266 1664 495 1701 manifestus
517 1665 760 1714 sycophanta
789 1665 828 1701 in
858 1677 1052 1702 carcerem
1077 1671 1134 1702 est
1164 1665 1377 1712 coniectus,
1401 1665 1467 1704 ubi
1495 1679 1601 1704 nunc

206 1715 324 1753 etiam
346 1716 514 1754 insanire
536 1717 669 1767 pergit.
692 1747 699 1755 .
725 1748 731 1755 .

291 1799 298 1808 .
324 1800 331 1808 .
355 1771 509 1809 Causae
538 1781 671 1809 autem
701 1771 829 1820 capita
858 1772 955 1809 11366
986 1779 1076 1809 511111
1105 1771 1341 1822 praecipua:
1371 1772 1472 1812 sitne
1498 1773 1600 1823 quis·

207 1835 323 1872 quam
355 1825 406 1862 ab
435 1833 595 1862 aeterno
625 1826 856 1874 reprobatus
884 1832 921 1863 et
949 1825 1040 1863 ideo
1067 1825 1250 1864 conditus
1277 1839 1300 1864 a
1326 1828 1413 1865 Deo
1434 1834 1476 1865 ut
1497 1834 1599 1865 esset

206 1890 271 1915 vas
294 1878 400 1916 irae?
429 1878 559 1916 sintne
581 1879 734 1929 reprobi
757 1879 848 1917 ideo
868 1878 1024 1928 reprobi
1046 1880 1138 1929 quia
1158 1879 1359 1927 increduli,
1382 1892 1432 1918 an
1463 1887 1599 1919 contra

206 1929 296 1968 ideo
313 1930 504 1969 increduli
523 1932 614 1982 quia
630 1932 796 1982 reprobi,
816 1932 906 1970 ideo
922 1940 1053 1970 autem
1072 1933 1247 1971 damnati
1264 1932 1355 1983 quia
1376 1934 1598 1972 increduli?

206 1984 307 2022 Inde
330 1984 437 2023 nasci
452 1985 560 2023 vides
581 1986 854 2035 quaestionem
872 1987 922 2024 de
942 1985 1088 2024 arbitrii
1109 1987 1270 2025 humani
1291 1986 1448 2026 viribus.
1492 1988 1595 2026 Nam

204 2036 310 2076 idem
327 2039 377 2076 de
394 2038 527 2076 electis
548 2041 656 2088 quod
678 2041 728 2077 de
749 2039 923 2088 reprobis
937 2041 1259 2079 constituendum
1280 2039 1362 2080 erit.
1408 2040 1596 2079 Damnari

205 2092 371 2129 fatemur
400 2091 623 2130 incredulos
654 2101 811 2141 propter
840 2093 1166 2140 incredulitatem,
1190 2102 1228 2132 et
1257 2095 1413 2144 culpam
1435 2107 1594 2133 omnem

204 2145 548 2184 condemnationis
570 2147 609 2183 in
630 2146 832 2184 hominem
854 2146 1060 2185 reiicimus.
1105 2148 1152 2186 In
1168 2147 1443 2197 reprobatione
1463 2156 1593 2186 autem

204 2200 326 2236 solam
350 2207 574 2248 spectamus
598 2199 672 2237 Dei
686 2201 940 2246 voluntatem,
960 2213 1061 2249 quae
1081 2202 1163 2239 sola
1184 2210 1241 2239 est
1261 2200 1431 2240 iustitiae
1451 2203 1592 2252 regula,

203 2259 240 2290 et
257 2265 346 2291 curn
362 2254 485 2291 Paulo
499 2254 783 2291 exclamamus:
810 2253 845 2292 O
859 2254 1026 2292 altitudo
1043 2257 1048 2291 l
1081 2255 1152 2292 Ille
1165 2267 1256 2292 vero
1268 2255 1410 2293 61311131
1427 2271 1433 2294 ;
1463 2257 1592 2294 Deum

203 2306 278 2344 hoc
302 2314 415 2355 pacto
431 2320 453 2344 a
467 2307 581 2345 nobis
595 2306 780 2345 constitui
796 2314 996 2345 auctorem
1017 2307 1167 2356 peccati
1184 2315 1221 2346 et
1237 2307 1356 2346 veluti
1373 2317 1590 2358 tyrannum,

202 2360 263 2396 cui
286 2359 451 2398 sufficiat
473 2373 542 2409 pro
563 2362 712 2398 ratione
734 2361 924 2398 voluntas.
947 2389 954 2398 .
979 2390 986 2397 .
1013 2390 1020 2398 .

257 2411 319 2462 (d)
351 2413 470 2450 From
493 2415 552 2450 tlte
573 2416 674 2463 reply
686 2414 733 2462 of
744 2414 802 2451 tlte
823 2414 1013 2451 nabrissa-s
1028 2414 1074 2461 os
1086 2415 1191 2451 Bem
1209 2419 1244 2451 2¹0
1260 2415 1319 2452 tlze
1339 2416 1501 2454 Council
1513 2416 1596 2452 and

202 2466 261 2501 the
291 2467 479 2504 mim'sters
506 2467 551 2514 (ff
576 2468 737 2514 (ἐσκευα,
763 2479 784 2518 7
814 2468 903 2505 Dec.
927 2478 1092 2516 1551.—.
1116 2497 1121 2504 .
1144 2498 1150 2504 .
1177 2469 1246 2506 Est
1277 2468 1392 2506 nobis
1423 2469 1487 2507 ille
1516 2465 1587 2520 [sc.

1704 893 1705 901 l

1704 966 1706 975 >
