1715 2780
100 70 150 119 38
180 69 300 108 THE
331 66 911 108 EXCOMMUNICATION
939 65 1010 104 OF
1038 65 1291 109 LUTHER,
1320 76 1418 114 1520
1453 74 1498 112 77

100 173 168 212 ubi
187 185 270 212 non
291 178 349 211 est
365 172 561 218 sacerdos,
581 182 708 221 aeque
728 176 882 208 tanturn
904 167 1071 219 quilibet
1092 168 1351 215 Christianus,
1368 167 1501 206 etiam-

101 229 132 267 si
153 226 292 266 mulier
311 233 378 264 aut
398 238 495 276 puer
514 232 629 264 esset.

156 280 243 332 (14)
273 281 416 319 Nullus
446 279 566 318 debet
590 277 785 318 sacerdoti
815 278 1066 327 respondere,
1099 289 1140 315 se
1160 289 1247 315 esse
1274 277 1500 322 contritum,

102 349 176 375 nec
197 335 380 374 sacerdos
400 335 607 384 requirere.

156 389 242 440 (15)
273 390 445 439 Magnus
484 395 543 426 est
574 401 678 426 error
712 399 849 425 eorum
881 387 948 445 qui
983 387 1033 425 ad
1067 394 1313 424 sacramenta
1348 384 1504 422 Eucha-

103 443 232 482 ristiae
252 443 448 481 accedunt
475 441 567 480 huic
593 441 727 489 innixi,
750 441 859 491 quod
881 441 959 479 sint
986 441 1167 487 confessi,
1190 440 1300 489 quod
1322 452 1404 477 non
1425 438 1502 476 sint

103 497 177 537 sibi
189 496 339 536 conscii
353 495 518 534 alicuius
534 495 683 546 peccati
700 495 885 540 mortalis,
897 495 1006 545 quod
1020 493 1292 545 praemiserint
1306 492 1504 531 orationes

104 565 193 591 suas
210 559 248 590 et
265 549 553 601 praeparatoria
570 565 578 587 :
610 562 749 588 omnes
766 548 820 586 illi
836 550 887 587 ad
905 549 1095 587 iudicium
1113 547 1187 586 sibi
1204 548 1447 586 manducant
1466 554 1504 584 et

105 606 258 645 bibunt.
317 605 395 643 Sed
430 603 459 642 si
494 606 657 643 credant
692 612 729 642 et
764 604 969 642 confidant
1003 616 1045 641 se
1077 601 1240 652 gratiam
1276 601 1330 639 ibi
1369 614 1505 639 conse-

102 668 274 707 cuturos,
295 660 393 697 haec
414 659 498 697 sola
519 659 616 697 fides
637 657 729 696 facit
750 670 818 696 eos
840 670 960 707 puros
982 665 1020 695 et
1041 656 1194 717 dignos.

159 714 246 765 (16)
276 713 514 754 Consultum
537 713 700 759 videtur,
720 712 829 761 quod
851 710 1058 749 Ecclesia
1050 724 1089 748 m
1110 709 1314 748 communi
1336 708 1505 748 concilio

105 775 302 815 statueret,
343 766 464 805 laicos
503 766 577 805 sub
615 774 781 816 utraque
826 766 957 815 specie
1001 764 1382 803 communicandos:
1431 776 1505 801 nec

106 823 274 861 Bohemi
295 819 636 860 communicantes
653 820 727 858 sub
755 826 919 869 utraque
941 818 1072 869 specie
1098 826 1188 857 sunt
1213 818 1412 864 haeretici,
1436 817 1505 855 sed

105 875 354 915 schismatici.

160 930 245 980 (17)
275 928 469 967 Thesauri
501 928 714 975 Ecclesiae,
747 928 853 966 unde
884 929 991 977 Papa
1022 928 1087 966 dat
1119 925 1398 977 indulgentias,
1424 938 1505 963 non

107 992 198 1023 sunt
219 984 356 1022 merita
375 982 521 1023 Christi
542 991 580 1022 et
601 985 849 1022 Sanctorum.

162 1037 248 1089 (18)
279 1037 554 1087 Indulgentiae
575 1045 665 1075 sunt
686 1036 773 1086 piae
794 1037 950 1074 fraudes
982 1035 1157 1074 fidelium
1186 1043 1225 1074 et
1255 1034 1507 1073 remissiones

109 1092 304 1131 bonorum
332 1104 523 1141 operum·
562 1100 599 1129 et
627 1097 718 1129 sunt
742 1091 792 1128 de
823 1103 989 1128 numero
1016 1103 1151 1128 eorum
1183 1102 1285 1139 quae
1315 1089 1446 1136 licent,
1470 1096 1508 1126 et

109 1160 191 1185 non
211 1147 261 1185 de
282 1158 448 1184 numero
469 1158 605 1183 eorum
627 1157 729 1194 quae
746 1145 976 1203 expediunt.

163 1200 248 1251 (19)
281 1198 558 1249 Indulgentiae
585 1199 656 1246 his,
687 1197 753 1248 qui
783 1197 970 1236 veraciter
997 1211 1061 1236 eas
1086 1205 1398 1247 consequuntur,
1427 1210 1508 1234 non

109 1255 239 1293 valent
261 1254 313 1292 ad
339 1252 610 1292 remissionem
633 1265 786 1303 poenae
806 1266 877 1302 pro
903 1252 1075 1302 peccatis
1098 1251 1319 1289 actualibus
1350 1250 1509 1290 debitae

109 1321 158 1359 ap
161 1308 215 1347 ud
236 1307 408 1347 divinam
432 1306 631 1345 iustitiam.

133 1322 251 1413 p(20)
280 1362 531 1401 Seducuntur
551 1362 758 1400 credentes
784 1359 1049 1410 indulgentias
1076 1372 1162 1398 esse
1190 1361 1377 1398 salutares
1399 1366 1437 1398 et
1458 1359 1508 1397 ad

110 1417 278 1455 fructum
300 1416 456 1466 spiritus
477 1416 602 1454 utiles.

166 1470 251 1521 (21)
283 1469 560 1520 Indulgentiae
598 1468 842 1507 necessariae
882 1476 972 1507 sunt
1005 1469 1133 1506 solum
1174 1468 1344 1518 publicis
1384 1466 1510 1505 crimi-

111 1523 239 1572 nibus,
249 1531 288 1563 et
300 1523 455 1574 proprie
468 1524 741 1562 conceduntur
755 1523 861 1561 duris
876 1524 1130 1561 solummodo
1144 1530 1181 1560 et
1198 1521 1507 1572 impatientibus.

167 1578 254 1629 (22)
284 1579 359 1617 Sex
397 1578 606 1628 generibus
645 1576 852 1616 hominum
892 1576 1160 1627 indulgentiae
1199 1590 1272 1615 nec
1311 1584 1402 1614 sunt
1441 1588 1510 1613 ne-

114 1631 304 1672 cessariae
338 1645 412 1670 nec
451 1631 590 1670 utiles:
626 1631 810 1670 videlicet
849 1632 1013 1670 mortuis
1053 1644 1121 1669 seu
1161 1630 1369 1676 morituris,
1411 1630 1511 1667 infir-

114 1685 199 1734 mis,
220 1685 393 1736 legitime
419 1685 630 1736 impeditis,
652 1685 713 1724 his
737 1685 804 1735 qui
834 1699 915 1723 non
943 1684 1226 1723 commiserunt
1253 1684 1428 1730 crimina,
1452 1684 1511 1721 his

115 1739 183 1791 qui
221 1739 385 1778 crimina
423 1740 706 1778 commiserunt
740 1740 810 1778 sed
840 1753 922 1777 non
951 1738 1122 1789 publica,
1156 1738 1216 1776 his
1247 1739 1314 1788 qui
1351 1738 1513 1776 meliora

115 1801 336 1845 operantur.

171 1847 256 1899 (23)
287 1847 730 1887 Excommunicationes
757 1854 848 1885 sunt
877 1854 1030 1885 tantum
1056 1853 1238 1885 externae
1258 1859 1411 1897 poenae
1438 1858 1512 1884 nec

116 1901 269 1952 privant
297 1903 501 1941 hominem
531 1901 811 1940 communibus
841 1901 1108 1951 spiritualibus
1139 1900 1340 1939 Ecclesiae
1375 1901 1513 1939 oratio-

117 1955 244 1994 nibus.

172 2010 259 2061 (24)
291 2009 476 2048 Docendi
514 2018 605 2048 sunt
644 2009 855 2049 Christiani
891 2010 978 2059 plus
1010 2008 1171 2059 diligere
1197 2007 1514 2048 excommunica-

119 2062 266 2102 tionem
287 2077 406 2113 quam
424 2066 572 2102 timere.

174 2117 260 2169 (25)
291 2119 497 2155 Romanus
537 2116 729 2164 Pontifex,
771 2118 873 2156 Petri
908 2130 1121 2164 successor,
1162 2131 1243 2155 non
1277 2124 1335 2155 est
1367 2116 1513 2157 Christi

121 2171 284 2210 vicarius
305 2185 422 2221 super
441 2184 580 2210 omnes
601 2171 719 2210 totius
742 2171 879 2210 mundi
900 2171 1086 2209 ecclesias
1106 2171 1186 2209 ab
1177 2185 1264 2221 ipso
1284 2170 1444 2210 Christo
1474 2171 1514 2208 in

122 2223 238 2263 beato
259 2227 376 2264 Petro
395 2225 608 2264 institutus.

176 2277 261 2329 (26)
291 2279 468 2317 Verbum
503 2278 649 2319 Christi
682 2279 733 2318 ad
765 2281 951 2318 Petrum.
1001 2279 1324 2330 ‘Quodcumque
1355 2277 1515 2318 solveris

124 2343 239 2382 super
276 2335 441 2380 terram‚'
475 2340 549 2372 etc.
585 2334 719 2382 (Matt.
754 2333 828 2371 xvi.
867 2333 933 2384 19)
967 2334 1189 2372 extenditur
1222 2335 1426 2372 dumtaxat
1463 2333 1515 2370 ad

123 2383 239 2435 ligata
257 2386 336 2425 ab
328 2400 413 2437 1pso
435 2389 562 2426 Petro.

179 2437 265 2490 (27)
295 2440 458 2480 Certum
487 2448 557 2488 est,
578 2440 618 2478 in
646 2454 765 2479 manu
788 2440 990 2480 Ecclesiae
1009 2449 1077 2479 aut
1098 2443 1228 2490 Papae
1257 2452 1414 2490 prorsus
1435 2452 1516 2478 non
