1715 2780
163 81 240 120 254
350 68 646 108 CATHOLIC
677 69 797 106 AND
829 66 1214 111 PROTESTANT,
1250 77 1351 115 1529
1479 74 1557 114 109

215 173 551 223 oecolampadius
578 173 671 210 hinc
695 170 852 221 collegit
884 174 892 189 ‘
907 171 1013 220 Ergo
1040 181 1122 207 non
1141 176 1200 208 est
1220 167 1284 206 hic
1304 167 1558 217 corporaliter

160 227 360 276 —bodily‚
383 227 475 265 with
497 225 574 264 His
595 235 679 264 true
701 225 830 274 body.’

216 280 552 330 Oecolampadius
580 279 733 329 repetiit
766 279 896 327 ‘quod
925 276 1213 315 concessissent
1242 288 1384 326 corpus
1415 274 1560 313 Christi

162 348 243 373 non
282 347 368 373 esse
406 334 446 372 in
486 336 740 372 Sacramento
778 340 821 370 ut
859 333 900 369 in
938 332 1048 369 loco’
1088 338 1126 369 et
1164 329 1316 380 quaerit
1353 328 1437 367 sine
1469 341 1560 367 con-

162 388 339 427 tentione
379 388 620 437 ‘Quomodo
663 399 753 436 ergo
792 385 846 424 ibi
885 384 934 423 sit
971 385 1165 434 corpus?'
1239 381 1482 433 Augustinus
1521 391 1560 421 et

164 442 393 492 Fulgentius
414 441 563 491 legitur.

219 497 438 534 Lutherus:
481 497 585 533 ‘Vos
623 494 890 543 Augustinum
930 499 968 530 et
1002 490 1255 541 Fulgentium
1293 489 1458 536 habetis,
1490 491 1560 527 sed

161 549 301 599 reliqui
322 552 455 587 Patres
474 562 497 586 a
517 547 633 587 nobis
654 548 782 585 stant.'

217 602 553 652 Oecolampadius
583 600 678 651 petit
709 608 751 638 ut
780 612 874 638 suae
908 600 1026 649 partis
1060 600 1194 637 Patres
1227 598 1449 647 proferant:
1491 598 1561 636 sed

162 665 354 696 recusant.

219 712 414 748 Lutherus
452 710 645 747 ‘admittit
679 715 969 746 sacramentum
1009 719 1141 744 sacrae
1173 704 1228 743 rei
1262 704 1417 755 signum
1451 717 1560 743 esse:

163 764 348 803 concedit
378 772 514 801 sancta
542 762 721 812 symbola
751 774 847 807 esse,
869 768 907 799 et
932 760 987 798 sic
1011 768 1054 797 ut
1078 759 1247 808 amplius
1271 757 1422 808 aliquid
1449 757 1562 808 signi-

165 819 294 865 ficent,
317 826 355 856 et
371 816 587 856 intellectui
607 822 901 866 repraesentent
920 813 1052 852 aliud.’
1098 815 1159 851 De
1180 812 1298 862 signis
1318 811 1561 851 naturalibus

164 880 201 910 et
222 872 342 921 signis
361 884 384 908 a
407 873 495 909 Deo
516 869 701 908 institutis
723 867 987 907 consentiunt.

219 926 416 963 Lutherus
443 926 543 962 inter
568 923 644 962 alia
665 922 931 972 Augustinum
952 920 1086 959 reiecit
1109 923 1117 939 ‘
1133 920 1242 969 quod
1266 918 1418 957 iuvenis
1446 920 1563 968 scrip-

164 978 277 1017 sisset
298 987 335 1017 et
357 979 466 1028 quod
487 977 678 1016 obscurus
699 984 736 1015 et
757 975 942 1025 antiquus
963 974 1148 1024 scriptor'
1169 981 1207 1011 et
1228 972 1442 1011 concludit.

219 1033 554 1082 Oecolampadius
584 1030 679 1069 dicit
712 1033 775 1068 ‘se
803 1029 923 1067 citare
953 1030 1086 1066 Patres
1116 1028 1219 1066 hanc
1243 1027 1296 1065 ob
1317 1039 1486 1073 causam,
1511 1039 1561 1064 ne

165 1099 267 1124 nova
288 1094 326 1124 et
346 1086 523 1124 inaudita
544 1084 718 1134 ipsorum
739 1083 935 1121 videretur
956 1082 1174 1121 sententia.'
1238 1081 1420 1119 Tandem
1442 1079 1560 1118 etiam

163 1139 380 1178 concludit.
439 1138 584 1177 Itidem
605 1137 805 1187 Zuinglius
825 1137 929 1175 fecit.
952 1166 959 1174 .
983 1166 989 1173 .
1013 1166 1021 1173 .

218 1193 351 1231 Tertia
390 1192 453 1231 die
492 1191 657 1230 Articuli
695 1190 1007 1236 conscribuntur,
1048 1188 1088 1226 in
1126 1187 1270 1238 quibus
1307 1187 1358 1225 ab
1397 1194 1561 1236 utraque

164 1254 273 1296 parte
307 1259 547 1285 consensum
581 1254 639 1284 est
670 1253 708 1284 et
740 1245 780 1282 in
813 1243 958 1293 quibus
992 1255 1098 1280 non:
1137 1249 1180 1279 ut
1213 1240 1298 1279 orbi
1338 1239 1563 1279 Christiano

165 1308 303 1338 notum
330 1301 438 1337 fieret
469 1313 536 1337 eos
566 1299 605 1337 in
636 1298 821 1337 omnibus
852 1296 945 1336 fidei
972 1295 1166 1346 capitibus
1185 1293 1418 1340 consentire,
1442 1295 1561 1331 unico

164 1361 339 1403 excepto,
373 1355 424 1391 de
458 1354 579 1392 modo
610 1351 853 1402 praesentiae
891 1351 1064 1399 corporis
1103 1356 1141 1387 et
1179 1346 1378 1397 sanguinis
1417 1346 1561 1386 Christi

165 1407 204 1444 in
227 1408 376 1446 Coena.
400 1436 408 1444 .
430 1437 437 1444 .
462 1437 468 1444 .

254 1553 344 1596 No.
376 1564 463 1595 110.
526 1552 634 1594 The
667 1550 887 1593 Articles
919 1548 978 1591 of
1001 1547 1256 1600 Mar-burg,
1287 1546 1374 1588 No.
1408 1557 1471 1600 15,

696 1620 723 1660 3
755 1608 863 1650 Oct.
902 1616 1030 1659 1529.

221 1723 430 1764 Credimus
457 1731 496 1762 et
520 1721 711 1760 sentimus
741 1733 879 1758 omnes
906 1720 957 1758 de
984 1718 1122 1759 Coena
1144 1715 1307 1755 Domini
1328 1715 1450 1754 nostri
1471 1716 1562 1753 Iesu

167 1777 312 1818 Christi
343 1777 451 1826 quod
481 1784 646 1825 utraque
675 1774 806 1825 specie
835 1773 941 1811 iuxta
966 1770 1255 1810 institutionem
1275 1770 1468 1808 utendum
1490 1767 1561 1806 sit:

165 1832 274 1881 quod
303 1830 427 1868 Missa
446 1843 528 1868 non
549 1829 597 1867 sit
618 1841 717 1878 opus
737 1840 818 1878 quo
837 1828 933 1865 alter
951 1825 1072 1871 alteri,
1102 1825 1292 1863 defuncto
1317 1829 1385 1861 aut
1403 1821 1559 1868 viventi,

164 1884 328 1935 gratiam
350 1885 555 1933 impetret:
585 1883 694 1932 quod
715 1883 1013 1920 Sacramentum
1033 1877 1177 1916 Altaris
1197 1877 1245 1915 sit
1264 1878 1562 1915 Sacramentum

165 1937 245 1976 veri
275 1936 448 1986 corporis
478 1943 516 1974 et
546 1934 745 1985 sanguinis
768 1936 859 1972 Iesu
880 1933 1038 1979 Christi,
1060 1939 1098 1970 et
1117 1930 1327 1980 spiritualis
1354 1928 1463 1967 istius
1482 1928 1562 1967 veri

165 1989 339 2040 corporis
369 1997 407 2028 et
436 1988 636 2038 sanguinis
665 1987 838 2037 sumptio
866 1987 1075 2036 praecipue
1101 1983 1316 2032 unicuique
1337 1981 1562 2021 Christiano

166 2044 336 2082 maxime
365 2043 593 2081 necessaria.
653 2040 837 2079 Similiter
867 2040 917 2078 de
937 2051 1010 2076 usu
1031 2038 1272 2076 Sacramenti
1292 2035 1562 2074 consentimus

166 2098 287 2147 quod,
319 2095 419 2134 sicut
448 2096 622 2141 verbum,
655 2094 707 2131 ita
737 2101 774 2132 et
803 2094 1101 2132 Sacramentum
1130 2104 1153 2128 a
1183 2091 1272 2128 Deo
1303 2088 1489 2128 traditum
1523 2097 1561 2126 et

166 2150 390 2189 ordinatum
413 2149 471 2195 sit,
494 2155 537 2186 ut
558 2149 730 2185 infirmas
751 2145 1013 2185 conscientias
1033 2145 1085 2183 ad
1106 2145 1225 2182 fidem
1247 2150 1285 2181 et
1306 2141 1559 2181 dilectionem

165 2203 307 2243 excitet
335 2216 403 2252 per
432 2201 617 2250 Spiritum
648 2208 839 2238 sanctum.
900 2199 983 2236 Etsi
1013 2205 1146 2236 autem
1175 2209 1225 2235 an
1254 2208 1388 2234 verum
1419 2207 1560 2244 corpus

165 2265 203 2296 et
230 2256 387 2306 sanguis
418 2254 564 2295 Christi
591 2253 842 2304 corporaliter
861 2252 901 2290 in
922 2265 1024 2302 pane
1043 2259 1082 2290 et
1102 2252 1194 2288 vino
1215 2250 1376 2289 Coenae
1396 2248 1560 2287 Domini

166 2323 351 2360 praesens
378 2310 426 2347 sit
453 2310 529 2347 hoc
553 2316 730 2357 tempore
758 2320 838 2344 non
859 2304 1198 2351 concordavimus,
1221 2310 1355 2341 tamen
1374 2315 1453 2340 una
1472 2314 1560 2351 pars

165 2363 276 2402 alteri
306 2362 570 2402 Christianam
601 2360 865 2406 dilectionem,
889 2366 1078 2408 quantum
1105 2357 1296 2406 cuiusque
1319 2354 1560 2394 conscientia

166 2419 272 2464 seret,
305 2415 531 2463 declarabit,
563 2423 600 2453 et
634 2422 798 2463 utraque
827 2425 915 2463 pars
949 2414 1079 2450 Deum
1119 2409 1434 2459 omnipotentem
1472 2407 1561 2447 dili-
