1715 2780
122 95 177 142 65
207 92 328 132 THE
351 86 478 129 NEW
499 86 976 130 ECCLESIAsTmAL
996 87 1225 132 SYSTEM,
1255 96 1325 134 152
1333 98 1408 134 3-4
1453 95 1523 134 125

122 196 230 246 cant)
251 195 463 241 ordinatur,
488 195 590 232 solas
615 192 752 231 missas
777 189 1039 230 sacrificaturi.
1065 221 1071 228 .
1092 220 1098 228 .
1120 221 1125 228 .
1158 188 1332 228 Donabo
1360 187 1522 237 inquam

124 253 201 290 hoc
232 249 448 301 pessimum
473 254 693 287 monstrum
718 245 922 285 ordinibus
951 243 1151 295 papisticis
1179 256 1305 293 usque
1335 242 1375 280 in
1410 255 1525 279 suum

125 312 294 355 tempus.

181 361 276 397 Hoc
314 357 454 396 merito
493 358 697 396 exhorrere
736 354 856 393 debet
895 352 1072 404 quisquis
1113 351 1315 392 Christum
1347 357 1454 389 amat
1489 356 1527 387 et

125 412 281 464 quidvis
302 412 433 463 potius
454 410 534 462 pati
559 423 679 461 quam
704 407 875 448 ordinari
903 420 987 446 sese
1014 420 1037 444 a
1063 405 1238 457 papistis‚
1262 406 1371 456 quod
1393 403 1527 442 omnia

126 467 166 506 in
196 466 278 506 istis
303 465 508 505 ordinibus
529 477 684 503 summa
715 494 721 502 .
746 493 753 501 .
786 494 792 501 .
818 461 1071 513 perversitate
1097 467 1295 511 geruntur.
1321 490 1328 497 .
1354 490 1360 497 .
1385 490 1392 497 .
1422 460 1526 496 Nam

126 535 218 560 cum
252 520 326 559 ista
355 519 551 558 ordinatio
580 517 811 557 auctoritate
841 515 1128 565 Scripturarum
1165 545 1171 552 .
1212 545 1218 551 .
1254 544 1260 552 .
1298 513 1337 551 in
1370 514 1447 551 hoc
1479 511 1528 550 sit

127 575 304 614 instituta
332 581 375 612 ut
405 573 603 612 ministros
630 571 737 611 verbi
765 571 805 609 in
833 571 982 620 populo
1012 568 1243 615 institueret,
1268 566 1527 605 ministerium

128 628 343 680 publicum,
370 627 546 678 inquam,
578 626 686 666 verbi
713 639 793 676 quo
818 624 1095 675 dispensantur
1126 622 1309 673 mysteria
1340 620 1427 668 Dei,
1460 634 1529 670 per

128 696 278 722 sacram
308 681 599 721 ordinationem
627 679 777 719 institui
798 680 918 718 debet
948 709 955 716 .
982 709 989 717 .
1014 709 1020 716 .
1052 691 1143 716 cum
1169 676 1253 715 sine
1283 676 1404 715 verbo
1431 673 1528 712 nihil

128 744 282 777 constet
321 736 361 774 in
400 735 567 775 ecclesia
605 742 643 773 et
677 748 746 784 per
786 734 914 772 solum
953 732 1118 770 verbum
1158 730 1292 770 omnia
1332 736 1528 769 constent.

129 790 311 842 Papistae
331 798 464 829 autem
485 789 562 828 mei
583 790 634 828 de
661 790 737 827 hoc
765 787 982 825 ministerio
1008 800 1058 824 ne
1086 785 1285 824 somniant
1306 783 1468 834 quidem
1490 783 1529 820 in

128 845 207 884 suis
228 844 445 884 ordinibus.
461 875 468 882 .
486 875 493 882 .
515 875 521 882 .
545 845 655 882 Loco
669 841 935 881 ministrorum
952 839 1059 879 verbi
1075 839 1259 878 ordinant
1276 837 1527 884 sacrificulos,

129 899 197 951 qui
218 899 356 938 missas
377 897 596 937 sacrificent
617 904 654 936 et
675 895 945 935 confessiones
972 893 1145 933 audiant.
1206 894 1300 931 Hoc
1321 891 1427 930 enim
1448 892 1529 929 vult

130 953 340 1005 episcopus
370 954 467 992 dum
497 952 661 990 calicem
692 952 760 989 dat
788 950 828 988 in
854 962 1017 987 manum
1048 956 1086 987 et
1115 949 1267 986 confert
1291 953 1529 997 potestatem

130 1008 388 1047 consecrandi
410 1014 448 1045 et
469 1005 713 1045 sacrificandi
735 1018 805 1055 pro
830 1003 926 1042 vivis
954 1010 992 1042 et
1020 1002 1195 1041 mortuis.
1220 1032 1227 1039 .
1251 1032 1258 1039 .
1284 1032 1290 1038 .
1315 1002 1418 1039 Item
1439 1012 1530 1038 cum

130 1061 205 1100 illis
237 1090 246 1099 .
277 1091 285 1099 .
313 1091 320 1099 .
351 1060 529 1111 spiritum
558 1059 597 1098 in
624 1073 737 1098 aures
767 1058 876 1096 inflat
904 1065 942 1096 et
972 1058 1217 1095 confessores
1244 1055 1347 1102 facit,
1380 1054 1529 1100 dicens,

133 1119 142 1136 ‘
159 1115 308 1165 Accipe
329 1114 515 1164 Spiritum
538 1114 742 1152 sanctum.’
802 1114 916 1150 Haec
933 1119 991 1150 est
1007 1111 1070 1148 illa
1083 1118 1257 1160 potestas
1274 1107 1533 1148 consecrandi

130 1176 169 1209 et
189 1168 422 1208 absolvendi
441 1167 730 1218 gloriosissima.
754 1198 760 1204 .
786 1197 793 1204 .
818 1197 824 1204 .

187 1226 240 1262 At
261 1237 351 1261 cum
373 1222 633 1261 certissimum
655 1221 703 1259 sit
730 1220 888 1259 missam
914 1232 995 1258 non
1016 1232 1101 1257 esse
1122 1217 1367 1264 sacrificium,
1391 1215 1537 1255 deinde

133 1277 425 1318 confessionem
464 1290 562 1323 eam,
604 1289 723 1326 quam
763 1281 1013 1325 praeceptam
1054 1274 1201 1319 volunt,
1244 1272 1393 1309 nullam
1437 1283 1536 1317 esse,

134 1339 345 1382 utrumque
357 1338 489 1369 autem
506 1330 554 1369 sit
568 1331 789 1368 humanum
805 1335 843 1367 et
856 1327 1087 1378 sacrilegum
1102 1326 1305 1365 inventum
1324 1332 1361 1364 et
1378 1325 1524 1362 menda

134 1385 251 1433 cium,
271 1387 387 1436 plane
400 1384 575 1435 sequitur
590 1398 658 1435 per
671 1383 828 1423 ordines
843 1382 930 1420 illos
945 1394 1075 1420 sacros
1089 1380 1290 1419 neminem
1306 1378 1389 1418 fieri
1403 1391 1535 1417 coram

138 1442 227 1479 Deo
256 1447 323 1478 aut
352 1440 598 1478 sacerdotem
628 1445 694 1477 aut
717 1437 950 1475 ministrum.
980 1467 986 1474 .
1018 1466 1025 1473 .
1055 1466 1061 1474 .
1086 1437 1221 1484 Quare
1248 1433 1312 1471 hic
1334 1432 1425 1472 fidei
1447 1445 1537 1471 con-

136 1494 299 1533 scientia
332 1507 405 1532 nos
435 1501 545 1544 urget
574 1500 617 1531 ut
646 1492 719 1530 sub
748 1492 1000 1530 anathemate
1028 1489 1104 1528 Dei
1138 1500 1347 1527 caveamus
1378 1487 1429 1525 ab
1463 1485 1537 1524 illis

137 1547 308 1588 ordinari
325 1563 336 1596 3
382 1554 421 1586 et
454 1549 570 1598 plane
603 1546 736 1585 salutis
771 1552 927 1584 nostrae
961 1543 1065 1594 cogit
1099 1543 1197 1582 ratio
1231 1541 1453 1581 necessario
1486 1540 1537 1578 ab

137 1601 292 1641 illorum
314 1601 521 1641 exsecratis
542 1609 580 1640 et
600 1599 796 1639 damnatis
818 1598 1023 1638 ordinibus
1042 1597 1250 1636 abstinere.
1274 1627 1281 1634 .
1308 1627 1314 1634 .
1340 1625 1348 1634 .

193 1654 251 1709 [3]
273 1657 509 1695 Sacerdotem
526 1669 600 1693 non
614 1668 687 1693 esse
701 1655 804 1704 qnod
809 1654 1071 1703 presbyterum
1087 1653 1150 1690 vel
1161 1652 1382 1688 ministrum
1393 1663 1405 1686 .·
1424 1650 1536 1686 illum

141 1712 253 1758 nasci,
276 1710 488 1759 lcuncfieri.
548 1711 681 1759 Atque
701 1707 765 1746 hic
778 1707 949 1758 primum
970 1705 1166 1744 constanti
1181 1705 1260 1743 fide
1277 1711 1335 1742 est
1356 1716 1455 1754 opus
1473 1733 1480 1741 .
1501 1733 1507 1739 .
1527 1732 1534 1740 .

141 1766 224 1803 Stet
244 1763 377 1814 itaque
403 1763 573 1814 primum
601 1762 671 1801 tibi
698 1775 812 1812 rupes
840 1761 905 1798 illa
929 1760 1176 1806 inconcussa,
1198 1758 1238 1796 in
1264 1759 1381 1796 Novo
1402 1759 1537 1795 Testa-

141 1825 276 1857 mento
296 1819 541 1857 sacerdotem
563 1824 720 1856 externe
741 1822 905 1854 unctum
927 1816 1078 1852 nullum
1096 1827 1180 1852 esse
1197 1826 1271 1851 nec
1292 1825 1377 1850 esse
1398 1824 1514 1862 posse
1531 1825 1538 1857 3

142 1871 173 1911 si
194 1871 261 1922 qui
282 1879 414 1910 autem
436 1878 537 1918 sunt,
560 1872 688 1909 larvae
709 1877 747 1908 et
768 1870 874 1908 idola
894 1875 995 1906 sunt.
1015 1899 1022 1906 .
1043 1898 1049 1905 .
1074 1899 1081 1906 .
1106 1867 1297 1906 Sacerdos
1319 1865 1426 1904 enim
1452 1895 1460 1903 .
1495 1895 1502 1903 .
1531 1895 1537 1902 .

141 1939 223 1964 non
257 1927 310 1972 fit,
345 1927 415 1964 sed
445 1925 642 1972 nascitur;
670 1938 752 1963 non
783 1922 994 1969 ordinatur,
1028 1922 1097 1960 sed
1131 1928 1293 1959 creatur.
1355 1918 1539 1958 Nascitur

142 1993 234 2018 vero
264 1993 346 2018 non
377 1979 504 2018 carnis
539 1979 608 2018 sed
644 1978 808 2029 Spiritus
843 1976 1056 2023 nativitate,
1091 1989 1234 2025 nempe
1273 1988 1320 2013 ex
1359 1986 1462 2023 aqua
1501 1980 1539 2011 et

143 2033 288 2084 Spiritu
333 2033 373 2072 in
420 2035 574 2072 lavacro
619 2030 934 2083 regenerationiS,
982 2037 1153 2080 suntque
1201 2042 1359 2079 prorsus
1399 2040 1538 2065 omnes

144 2087 356 2126 Christiani
377 2089 600 2126 sacerdotes
622 2095 660 2126 et
681 2099 819 2126 omnes
841 2086 1065 2123 sacerdotes
1086 2091 1176 2122 sunt
1198 2082 1424 2123 Christiani.

198 2142 277 2180 Sed
297 2155 515 2192 pergamus,
534 2149 572 2180 et
586 2141 690 2180 idem
705 2154 752 2179 ex
768 2138 905 2178 officiis
922 2137 1230 2177 sacerdotalibus
1243 2136 1363 2187 (quae
1379 2136 1539 2181 vocant)

144 2195 368 2245 probemus,
391 2208 529 2234 omnes
551 2194 795 2235 Christianos
816 2207 863 2232 ex
882 2205 1011 2243 aequo
1030 2199 1121 2230 sunt
1142 2192 1376 2229 sacerdotes.
1437 2190 1538 2227 Nam

145 2248 242 2288 illud
268 2264 282 2287 1
309 2251 393 2288 Pet.
415 2248 453 2287 ii.
477 2247 535 2301 [9]
566 2256 604 2288 et
628 2251 752 2298 Apoc.
781 2261 816 2286 v.
840 2245 925 2299 [10]
953 2246 1045 2285 satis
1072 2245 1150 2284 iam
1174 2244 1258 2283 aliis
1285 2243 1392 2282 libris
1420 2243 1538 2280 incul-

147 2301 242 2341 cavi.
290 2304 390 2341 Sunt
409 2310 541 2341 autem
563 2301 820 2342 sacerdotalia
836 2300 964 2339 officia
984 2301 1105 2338 ferme
1125 2301 1240 2338 haec:
1262 2299 1415 2344 docere,
1435 2309 1538 2346 prae-

148 2355 278 2394 dicare
306 2356 625 2407 annunciareque
654 2357 819 2395 verbum
855 2354 945 2402 Dei,
979 2353 1186 2404 baptizare,
1218 2363 1447 2391 consecrare
1471 2362 1539 2387 seu

150 2409 435 2449 Eucharistiam
452 2410 680 2458 ministrare,
696 2409 814 2460 ligare
827 2416 865 2448 et
881 2410 1031 2447 solvere
1046 2414 1218 2458 peccata,
1234 2419 1343 2444 orare
1359 2416 1429 2454 pro
1442 2402 1538 2448 aliis,

150 2462 374 2511 sacrificare,
394 2471 432 2502 et
452 2464 625 2503 iudicare
646 2465 696 2503 de
717 2463 895 2502 omnium
916 2461 1104 2502 doctrinis
1126 2468 1164 2499 et
1185 2458 1395 2509 spiritibus.
1416 2487 1421 2494 .
1441 2487 1446 2494 .
1463 2487 1470 2494 .
