1715 2780
104 124 188 162 305
544 110 605 148 IN
636 108 878 154 GENEVA,
915 117 1067 156 1541-2
1426 104 1502 150 623

107 227 150 260 ut
172 219 247 258 Dei
266 216 388 257 Patris
403 214 565 267 gratiam
582 220 620 253 et
635 209 874 251 beneficium
896 210 1156 257 imminueret,
1176 210 1246 248 sed
1267 221 1347 258 quo
1369 207 1503 246 salutis

108 275 248 314 foedus
264 285 333 323 per
348 283 487 310 omnes
503 276 689 307 terrarum
712 266 809 304 fines
830 271 1070 316 propagaret,
1088 277 1190 314 quae
1210 270 1293 301 tum
1315 261 1504 312 temporis

110 328 149 366 in
178 327 328 379 populo
364 323 529 364 Iudaico
563 322 713 360 inclusa
747 320 894 358 fuerat:
927 320 1090 357 minime
1120 317 1287 357 dubium
1318 324 1376 354 est
1407 314 1502 365 quin

110 381 223 421 liberi
249 379 370 420 nostri
391 378 580 417 haeredes
602 376 679 414 sint
700 375 782 412 eius
803 373 904 412 vitae
924 387 970 412 ac
990 374 1125 412 salutis
1155 385 1274 422 quam
1305 369 1421 409 nobis
1446 376 1505 407 est

111 435 328 487 pollicitus:
360 447 439 484 qua
467 433 517 471 de
547 444 665 469 causa
694 427 927 466 sanctificari
957 441 1025 467 eos
1055 427 1200 465 Paulus
1227 426 1404 470 affirmat,
1427 422 1504 461 iam

111 490 205 529 inde
233 489 284 527 ab
314 494 426 526 utero
456 486 599 532 matris,
622 496 703 534 quo
732 482 782 520 ab
814 481 1075 520 Ethnicorum
1100 488 1138 519 et
1165 494 1188 518 a
1208 493 1298 518 vera
1318 477 1505 528 religione

111 543 408 583 abhorrentium
429 539 637 579 hominum
655 535 786 575 liberis
807 536 1089 575 discernantur.
1146 536 1286 584 quue
1309 530 1507 571 Dominus

113 605 246 637 noster
285 598 398 635 Iesus
430 593 609 635 Christus
642 604 796 642 pueros,
831 590 897 640 qui
932 590 967 629 ei
1006 589 1281 635 offerebantur,
1322 585 1507 632 admisit,

114 651 228 691 sicuti
248 651 437 701 scriptum
458 655 516 688 est
537 645 730 685 Matthaei
756 644 914 684 decimo
933 657 1042 682 nono
1066 643 1217 693 capite:
1255 644 1360 680 Tum
1385 640 1507 679 oblati

114 713 205 745 sunt
236 704 271 744 ei
303 702 463 755 parvuli,
486 709 529 741 ut
560 714 699 739 manus
734 700 788 740 eis
820 699 1041 749 imponeret
1075 705 1113 736 et
1147 704 1297 744 oraret;
1326 693 1509 744 discipuli

115 768 247 799 autem
269 772 337 798 eos
359 756 625 807 increpabant.
686 756 796 794 Iesus
816 766 909 792 vero
929 752 982 791 ait
1003 753 1080 790 eis:
1112 751 1235 790 Sinite
1254 750 1449 800 parvuIOS‚
1472 755 1510 786 et

115 828 166 853 ne
196 811 437 864 prohibeatis
468 824 536 850 eos
562 811 612 848 ad
648 822 710 847 me
738 807 880 847 venire.
940 807 1097 845 Talium
1125 812 1183 844 est
1212 804 1317 843 enim
1346 815 1509 852 regnum

117 869 329 907 coelorum.
373 867 509 915 Quum
530 865 695 902 affirmat
717 876 879 913 regnum
900 862 1099 900 coelorum
1122 873 1258 898 eorum
1280 871 1365 896 esse
1385 856 1512 906 iisque

119 935 259 961 manus
297 919 465 970 imponit
496 926 534 957 et
566 921 655 957 Deo
690 917 793 956 Patri
827 929 899 954 suo
922 928 990 954 eos
1020 914 1286 959 commendat,
1317 910 1408 950 satis
1439 924 1511 948 nos

118 978 236 1016 docet
266 974 428 1014 minime
448 973 717 1012 excludendos
738 984 823 1010 esse
843 970 929 1008 illos
950 970 1001 1007 ab
1021 968 1142 1019 ipsius
1165 965 1354 1005 Ecclesia.
1392 966 1512 1002 Hanc

121 1030 235 1081 igitur
265 1029 385 1080 ipsius
415 1029 587 1078 regulam
618 1035 656 1065 et
686 1024 1033 1076 praescriptionem
1064 1029 1287 1072 sequentes,
1322 1020 1511 1057 infantem

120 1086 226 1123 hunc
247 1085 287 1122 in
306 1083 390 1122 eius
412 1080 629 1120 Ecclesiam
652 1079 917 1125 admittemus,
936 1085 978 1116 ut
994 1077 1190 1116 bonorum
1212 1073 1389 1113 omnium
1412 1085 1514 1122 quae

121 1138 201 1178 suis
231 1137 414 1177 fidelibus
444 1136 633 1186 promisit,
665 1133 859 1184 particeps
890 1134 966 1170 fiat.
1027 1133 1085 1169 Ac
1119 1129 1289 1180 primum
1320 1141 1410 1166 eum
1441 1140 1513 1164 nos

121 1191 301 1232 adhibita
329 1189 556 1242 precatione
585 1188 639 1226 illi
669 1189 890 1234 offeremus,
914 1185 1051 1224 humili
1072 1197 1118 1223 ac
1139 1182 1350 1222 summisso
1380 1180 1514 1219 animo

122 1245 349 1297 suppliciter
368 1244 546 1284 dicentes
564 1259 569 1281 :

233 1298 407 1339 Domine
430 1299 551 1344 Deus,
576 1299 690 1335 Pater
719 1303 876 1335 aeterne
906 1302 943 1333 et
974 1293 1238 1343 omnipotens,
1262 1291 1425 1341 quando
1446 1302 1516 1339 pro

179 1362 246 1393 tua
273 1352 427 1392 infinita
455 1350 664 1390 clementia
694 1349 809 1388 nobis
838 1348 1036 1400 pollicitus
1066 1361 1106 1385 es
1137 1348 1218 1384 fore
1247 1352 1285 1384 te
1317 1346 1448 1383 Deum
1480 1351 1518 1381 et

179 1415 355 1448 nostrum
377 1413 415 1445 et
435 1406 647 1445 liberorum
675 1412 922 1443 nostrorum:
953 1414 1110 1441 oramus
1140 1408 1177 1439 te
1207 1406 1249 1438 ut
1278 1397 1516 1438 beneficium

180 1463 276 1501 illud
297 1470 407 1500 tuum
432 1461 471 1498 in
492 1461 568 1498 hoc
590 1459 738 1498 infante
765 1459 997 1497 confirmare
1018 1454 1201 1505 digneris,
1224 1452 1452 1503 parentibus
1474 1450 1519 1489 iis

180 1516 328 1568 genito,
370 1528 469 1565 quos
509 1514 548 1552 in
588 1512 807 1552 Ecclesiam
843 1520 949 1550 tuam
982 1510 1188 1560 cooptasti.
1248 1509 1298 1545 Et
1332 1506 1519 1556 quemad-

183 1571 347 1609 modum
378 1568 449 1607 tibi
478 1582 501 1606 a
528 1567 643 1606 nobis
673 1568 832 1606 offertur
859 1579 906 1604 ac
936 1571 1198 1610 consecratur,
1222 1563 1275 1600 ita
1295 1560 1334 1598 in
1356 1561 1518 1598 tutelam

183 1632 291 1663 tuam
312 1637 403 1663 eum
424 1622 600 1672 recipias,
624 1623 755 1659 Deum
778 1628 815 1659 te
837 1627 874 1658 et
895 1622 1140 1658 Servatorem
1158 1616 1240 1655 eius
1258 1628 1343 1654 esse
1360 1615 1522 1652 demon-

183 1686 319 1725 strans,
342 1684 549 1728 peccatum
580 1677 614 1714 ei
646 1674 804 1725 originis
834 1674 1067 1711 condonans
1097 1684 1142 1709 ac
1172 1668 1385 1714 remittens,
1409 1668 1521 1705 cuius

183 1745 307 1783 genus
324 1743 443 1769 omne
456 1731 600 1769 Adami
617 1730 772 1778 culpam
788 1726 964 1773 sustinet,
979 1738 1150 1774 eumque
1163 1731 1362 1773 praeterea
1378 1720 1523 1771 Spiritu

185 1794 254 1825 tuo
281 1784 542 1831 sanctificans,
565 1791 617 1830 ut,
642 1796 762 1832 quum
794 1783 844 1819 ad
872 1787 1039 1819 aetatem
1072 1777 1205 1817 iudicii
1236 1784 1356 1826 atque
1387 1773 1524 1812 intelli-

185 1839 340 1890 gentiae
369 1851 556 1888 capacem
586 1850 812 1887 progressus
842 1834 924 1882 erit,
947 1841 985 1872 te
1015 1834 1142 1871 solum
1174 1833 1304 1870 Deum
1332 1836 1370 1868 et
1393 1830 1525 1867 Serva-

187 1901 312 1932 torem
341 1899 528 1942 agnoscat
558 1898 596 1929 et
625 1896 840 1936 veneretur,
863 1902 932 1938 per
961 1900 1122 1926 omnem
1153 1886 1253 1924 vitae
1274 1896 1432 1922 cursum
1454 1881 1525 1920 tibi

187 1949 345 1986 laudem
367 1953 405 1984 et
423 1946 585 1997 gloriam
606 1944 794 1990 tribuens,
817 1950 858 1981 ut
880 1948 1070 1992 perpetuo
1091 1952 1251 1978 suorum
1272 1944 1525 1988 peccatorum

187 2000 523 2040 condonationem
543 2000 614 2038 abs
635 2006 673 2037 te
692 2003 966 2046 consequatur.
1027 1997 1084 2034 Ut
1103 2007 1195 2032 vero
1216 1990 1410 2031 beneficia
1430 1992 1528 2028 haec

189 2054 367 2106 accipere
401 2054 535 2104 possit,
569 2066 658 2091 eum
694 2060 735 2090 tu
768 2051 808 2089 in
846 2049 1170 2089 communionem
1207 2045 1371 2085 Domini
1407 2043 1526 2083 nostri

191 2111 282 2148 Iesu
301 2115 485 2158 cooptare
506 2107 687 2157 digneris,
703 2113 745 2144 ut
766 2104 951 2143 omnibus
968 2103 1051 2141 eius
1066 2101 1181 2141 bonis
1198 2109 1385 2149 tanquam
1404 2111 1526 2136 unum

190 2176 236 2202 ex
265 2163 349 2201 eius
377 2162 551 2212 corporis
582 2159 769 2199 membris
798 2157 1014 2208 participet.
1084 2154 1236 2193 Exaudi
1267 2167 1351 2199 nos,
1385 2154 1528 2190 l'arens

192 2216 492 2263 misericordiae,
516 2222 558 2253 ut
579 2214 817 2264 Baptismus,
840 2225 958 2262 quem
980 2210 1014 2249 ei
1036 2224 1081 2248 cx
1103 2208 1281 2247 instituto
1303 2214 1371 2244 tuo
1393 2206 1530 2255 imper-

192 2270 321 2317 timus,
338 2271 507 2308 fruetum
528 2268 687 2318 vimque
707 2281 818 2306 suam
839 2272 989 2305 exserat
1010 2264 1166 2314 qualem
1187 2260 1303 2300 nobis
1327 2258 1529 2309 Evangelii

193 2324 249 2363 tui
270 2323 450 2363 doctrina
468 2328 763 2362 commonstrat.

248 2381 361 2416 Pater
381 2385 522 2423 noster,
546 2379 616 2415 &c

196 2431 397 2480 Quoniam
419 2430 688 2469 admittendus
719 2436 776 2467 est
806 2427 869 2465 hic
900 2426 1028 2464 infans
1050 2425 1087 2461 in
1110 2421 1375 2463 Christianam
1399 2421 1531 2458 Eccle—

140 2485 248 2533 siam,
271 2485 487 2535 spondeffis,
509 2497 631 2534 quum
653 2484 702 2521 ad
724 2488 893 2520 aetatem
924 2478 1057 2518 iudicii
1088 2474 1398 2526 prudentiaeque
1428 2487 1533 2512 com-
