1715 2780
161 96 204 135 51
322 87 676 127 RADICALISM
708 88 780 125 AT
812 88 1205 134 WITTENBERG,
1242 100 1393 137 1521—2
1485 102 1555 126 101

159 190 349 229 excitatae
370 190 457 229 sint.
518 192 617 229 Sunt
637 197 675 229 et
696 189 774 228 illic
794 190 834 227 in
855 190 1010 229 vincula
1031 190 1200 229 coniecti
1222 190 1288 241 qui
1310 191 1444 229 nescio
1460 205 1561 241 quae

160 253 364 284 novarunt.
425 246 485 283 Ex
511 246 652 283 horum
680 252 860 282 motuum
885 245 1111 284 auctoribus
1133 246 1211 283 huc
1230 246 1465 284 advolarunt
1486 254 1562 284 tres

160 298 240 347 viri,
255 301 338 339 duo
353 298 539 347 lanifices,
555 299 753 338 literarum
770 300 903 338 rudes¹
921 314 930 347 3
955 299 1128 338 literatus
1145 299 1281 338 tertius
1298 301 1385 338 εῑ5ῒ.2
1415 299 1561 339 Audivi

160 366 239 392 eos.
299 353 402 392 Mira
423 362 513 392 sunt
534 367 635 404 quae
655 355 706 392 de
727 366 812 392 sese
833 353 1062 404 praedicant
1078 369 1087 402 3
1116 353 1257 392 missos
1279 367 1320 392 se
1341 355 1444 392 clara
1464 368 1561 393 voce

160 407 238 446 Dei
266 409 317 447 ad
347 410 603 456 docendum,
641 421 725 447 esse
760 407 833 446 sibi
863 422 954 446 cum
987 410 1074 447 Deo
1105 408 1308 446 familiaria
1337 410 1564 458 colloquia:

158 462 291 501 videre
320 463 449 501 futura
465 478 474 511 3
513 462 680 501 breviter
710 461 811 501 viros
842 476 927 502 esse
957 462 1210 514 propheticos
1240 470 1278 501 et
1308 463 1559 513 apostolicos.

160 516 316 565 Quibus
338 530 411 568 ego
432 518 638 567 quomodo
659 530 922 565 commovear,
941 531 1022 556 non
1042 517 1155 556 facile
1176 517 1350 556 dixerim.
1404 517 1561 568 Magnis

158 570 376 610 rationibus
405 572 584 610 adducor
613 579 729 619 certe,
751 580 793 610 ut
823 571 1026 611 contemni
1056 586 1124 611 eos
1154 573 1290 611 nolim.
1351 574 1454 610 Nam
1477 586 1562 611 esse

157 624 198 664 in
232 625 287 664 eis
318 625 474 677 spiritus
514 628 709 676 quosdam
751 628 883 666 multis
921 626 1162 677 argumentis
1193 635 1366 677 apparet,
1402 627 1472 665 sed
1511 628 1561 666 de

157 681 301 730 quibus
322 679 495 719 iudicare
515 689 668 731 praeter
689 682 906 720 Martinum
931 695 1050 720 nemo
1071 681 1183 719 facile
1204 680 1338 731 possit.
1390 680 1562 720 Proinde

157 748 247 772 cum
269 742 439 773 vertatur
468 735 532 774 hic
554 736 758 786 Evangelii
788 735 1018 786 periculum,
1041 735 1230 774 ecclesiae
1259 735 1381 786 gloria
1408 744 1445 774 et
1474 749 1558 786 pax,

158 788 287 828 modis
309 789 494 828 omnibus
516 789 767 829 efficiendum
790 798 847 828 est
869 797 911 829 ut
932 790 991 828 his
1013 789 1242 829 hominibus
1266 789 1429 828 Martini
1446 790 1561 840 copia

157 843 233 882 fiat.
293 845 358 882 Ad
379 845 485 883 hunc
506 843 612 883 enim
632 853 860 895 provocant.
913 846 1005 883 Non
1027 844 1239 883 scriberem
1260 845 1358 883 haec
1379 846 1429 883 ad
1447 846 1492 884 C.
1512 846 1558 882 V.

155 897 230 937 nisi
260 897 314 937 rei
344 898 576 950 magnitudo
605 901 820 950 postularet
850 898 890 937 in
919 907 1096 950 tempore
1128 898 1311 937 maturari
1338 898 1559 937 consilium.

156 953 391 992 Cavendum
413 953 518 991 enirn
541 961 599 992 est
624 953 740 992 simul
761 967 811 993 ne
832 953 997 1004 Spiritus
1021 953 1096 992 Dei
1118 952 1425 1004 exstinguantur,
1443 953 1558 992 simul

155 1019 205 1045 ne
225 1020 466 1057 occupemur
486 1021 508 1046 a
529 1010 683 1047 Satana.
709 1040 715 1047 .
740 1040 745 1046 .
771 1040 777 1047 .

247 1150 338 1194 No.
371 1162 444 1204 52.
507 1151 741 1195 Luther’s
771 1152 982 1206 reproof
1008 1151 1065 1196 of
1091 1152 1470 1204 Melanehthon‚

676 1222 723 1263 13
753 1210 868 1263 Jan.
900 1222 1022 1264 1522.

210 1331 216 1339 .
241 1332 248 1340 .
273 1300 427 1340 ,Venio
447 1302 498 1341 ad
518 1302 742 1353 prophetas,
764 1315 810 1340 ac
840 1302 1011 1352 primum
1038 1317 1117 1342 non
1140 1304 1266 1354 probo
1289 1312 1395 1342 tuam
1418 1303 1559 1343 timidi-

155 1362 287 1403 tatem,
305 1369 396 1395 cum
417 1364 456 1395 et
477 1355 613 1395 maiori
635 1363 714 1394 tam
736 1356 873 1407 spiritu
895 1371 1014 1408 quarn
1036 1357 1258 1397 eruditione
1274 1359 1423 1409 polleas
1440 1372 1558 1409 quam

155 1423 238 1460 ego.
288 1412 347 1449 Ac
368 1410 550 1461 primurn,
574 1424 664 1449 cum
686 1412 958 1450 testimonium
978 1412 1212 1462 perhibeant
1233 1414 1283 1452 de
1305 1412 1454 1463 seipsis,
1478 1427 1557 1452 non

155 1466 285 1503 statim
319 1464 508 1504 audiendi
540 1473 656 1514 sunt,
694 1467 774 1513 sed,
803 1465 909 1505 iuxta
943 1467 1152 1505 consilium
1191 1467 1364 1514 Ioannis,
1401 1467 1558 1519 spiritus

155 1519 367 1569 probandi.
434 1519 604 1559 Habetis
645 1519 853 1559 consilium
904 1521 1132 1561 Gamalielis
1179 1521 1414 1561 differendi:
1462 1521 1558 1560 nihil

155 1573 259 1612 enim
289 1575 420 1612 adhuc
447 1574 567 1613 audio
593 1575 643 1613 ab
665 1574 720 1613 eis
741 1574 819 1614 dici
841 1583 878 1613 et
900 1575 995 1624 fieri,
1016 1577 1125 1626 quod
1153 1578 1317 1615 Satanas
1339 1590 1419 1615 non
1441 1584 1559 1626 queat

155 1636 349 1678 praestare
370 1629 431 1667 vel
460 1628 660 1667 aemulari.
718 1631 781 1667 Tu
802 1637 934 1668 autem
957 1644 1003 1668 ex
1024 1644 1111 1669 mea
1139 1638 1247 1680 parte
1269 1631 1344 1669 hoc
1366 1632 1555 1680 explores,

154 1695 204 1720 an
242 1683 492 1721 vocationem
532 1696 643 1721 suam
678 1683 830 1732 possint
869 1685 1046 1734 probare.
1121 1687 1263 1735 Neque
1301 1684 1407 1723 enim
1448 1686 1559 1723 Deus

154 1748 330 1787 unquam
350 1737 521 1787 aliquem
549 1737 652 1776 misit
681 1737 754 1775 nisi
778 1740 838 1776 vel
868 1752 936 1788 per
966 1738 1170 1777 hominem
1191 1747 1375 1777 vocatum
1402 1740 1461 1777 vel
1491 1752 1560 1789 per

154 1789 263 1841 signa
287 1792 540 1840 declaratum,
564 1805 614 1830 ne
644 1791 772 1841 ipsum
804 1792 966 1842 quidem
997 1792 1152 1832 Filium.
1212 1794 1433 1843 Prophetae
1464 1793 1557 1831 olim

153 1858 198 1883 ex
219 1847 303 1896 lege
325 1853 362 1884 et
391 1845 529 1885 ordine
557 1845 776 1896 prophetali
803 1845 863 1885 ius
894 1847 1105 1896 habebant,
1129 1847 1229 1886 sicut
1249 1862 1321 1886 nos
1343 1849 1465 1887 modo
1492 1861 1561 1899 per

154 1899 347 1939 homines.
406 1902 568 1938 Prorsus
603 1902 697 1939 nolo
731 1914 799 1939 eos
834 1901 967 1952 recipi,
997 1901 1028 1940 si
1062 1904 1170 1942 nuda
1203 1904 1440 1941 revelatione
1473 1916 1557 1941 sese

154 1960 313 1992 vocatos
351 1962 536 2001 asserant,
577 1968 667 1993 cum
710 1968 783 1993 nec
828 1956 1053 1995 Samuelem
1092 1957 1254 2007 quidem
1295 1958 1410 1996 vellet
1449 1957 1556 2007 loqui

156 2009 265 2047 Deus
293 2007 368 2047 nisi
397 2022 465 2059 per
492 2008 765 2048 auctoritatem
797 2009 996 2049 consciam
1029 2011 1136 2050 Heli.
1196 2013 1289 2049 Hoc
1315 2010 1485 2061 primum
1507 2012 1556 2050 ad

154 2061 353 2111 publicam
374 2063 546 2102 docendi
567 2062 809 2102 functionem
833 2066 1011 2115 pertinet.

209 2117 294 2155 Iam
326 2130 417 2155 vero
449 2117 642 2168 privatum
678 2117 857 2169 spiritum
889 2120 1066 2169 explores
1099 2119 1216 2159 etiam
1256 2133 1420 2170 quaeras
1461 2134 1554 2158 num

155 2170 300 2221 experti
335 2173 411 2209 sint
451 2171 669 2222 spirituales
708 2172 792 2211 illas
826 2173 1024 2224 angustias
1064 2182 1102 2213 et
1141 2174 1364 2213 nativitates
1403 2174 1555 2213 divinas

155 2231 298 2264 mortes
328 2224 592 2276 infernosque.
652 2225 692 2265 Si
713 2226 882 2266 audieris
909 2228 1064 2276 blanda,
1087 2228 1307 2278 tranquilla,
1331 2230 1475 2267 devota
1496 2230 1555 2277 (ut

154 2279 310 2329 vocant)
332 2286 370 2318 et
394 2279 583 2330 religiosa,
607 2280 759 2318 etiamsi
790 2280 828 2319 in
859 2281 1016 2320 tertium
1047 2284 1203 2322 coelum
1234 2296 1318 2321 sese
1345 2290 1476 2332 raptos
1501 2281 1555 2320 di-

154 2339 255 2380 cant,
287 2346 367 2372 non
400 2334 650 2385 approbabis.
712 2334 817 2384 Quia
847 2335 1002 2386 signum
1034 2336 1100 2375 filii
1131 2336 1303 2376 hominis
1334 2338 1454 2382 deest,
1488 2335 1554 2385 qui

373 2436 383 2456 ¹
409 2438 545 2469 Nicolas
560 2437 675 2469 Storch
693 2438 757 2468 and
775 2438 921 2469 Thomas
939 2439 1046 2477 Marx,
1064 2438 1102 2469 of
1115 2438 1313 2478 Elstcrbcrg.

373 2479 384 2497 ²
409 2481 505 2513 Mark
523 2481 674 2520 Stiibner,
691 2492 710 2512 a
728 2481 857 2513 student
876 2482 912 2512 of
927 2482 1142 2522 Wittenberg.
