1715 2780
193 90 267 125 160
468 90 587 126 THE
619 88 970 128 BEGINNINGS
1001 90 1072 128 OF
1102 89 1338 128 REFORM
1533 100 1585 140 75

242 192 357 241 Resp.
387 192 444 229 D.
480 191 604 231 Galle.
674 190 854 230 Christus
883 189 1046 241 quidem
1085 189 1252 230 instituit
1290 192 1424 232 omnia
1462 207 1585 233 sacra-

191 252 334 293 menta,
352 246 499 295 datque
520 246 626 284 solus
647 244 829 283 virtutem
851 252 889 283 et
905 244 1119 284 efficaciam
1141 246 1404 286 sacramentis.
1426 277 1434 286 .
1459 277 1466 285 .
1488 278 1496 286 .
1517 250 1583 288 Ad

189 299 507 338 distributionem
529 307 861 338 sacramentorum
877 299 1084 338 necessarii
1098 307 1188 338 sunt
1203 300 1369 339 ministri
1382 302 1582 349 ecclesiae,

190 353 334 403 quibus
356 354 478 392 multa
499 360 589 391 sunt
610 353 848 403 praescripta
867 353 907 391 in
927 353 1102 404 gestibus
1122 367 1169 393 ac
1189 355 1317 393 verbis
1337 356 1584 396 observanda

190 420 291 457 quae
337 408 389 446 ad
437 415 770 446 sacramentorum
808 407 1188 447 administrationem
1228 416 1319 447 sunt
1356 410 1585 449 necessaria.

192 462 432 511 Quanquam
467 460 689 500 essentialia
722 461 955 499 sacramenti
989 463 1242 512 dependeant
1274 476 1297 501 a
1335 463 1493 504 Christo
1531 464 1586 503 in-

191 514 384 562 stitutore,
399 523 531 553 tamen
553 528 654 564 quae
671 515 841 553 excitant
854 515 1111 554 reverentiam
1125 517 1378 556 sacramentis
1394 517 1582 566 debitam,

191 577 269 607 tam
302 582 325 606 a
356 576 464 619 parte
496 568 766 607 distribuentis
798 583 916 619 quam
948 583 971 607 a
1009 578 1118 620 parte
1151 570 1296 609 utentis
1330 571 1482 619 iisdem,
1519 572 1585 611 illa

191 623 338 662 habent
360 622 549 673 originem
563 624 623 661 vel
644 623 695 661 ab
715 623 903 673 apostolis
923 625 984 662 vel
1004 637 1027 662 a
1050 624 1245 674 primitiva
1264 625 1452 664 ecclesia:
1483 639 1584 676 quae

190 678 330 715 nolunt
359 677 546 727 abrogata
575 676 787 716 Christiani
817 677 884 727 qui
905 677 1079 716 debitam
1101 678 1289 717 ecclesiae
1316 679 1583 719 obedientiam

190 732 340 770 deferre
374 730 513 769 sciunt.
574 729 636 770 Sic
671 739 803 770 manet
842 731 1038 771 ordinatio
1078 732 1225 771 Missae
1263 746 1382 783 quam
1420 734 1586 773 ecclesia

192 784 359 823 instituit
379 785 506 835 dignis
528 784 772 832 ceremoniis,
795 786 885 824 loco
905 786 1052 834 debito,
1068 786 1302 836 decorisque
1322 787 1496 827 vestibus
1513 790 1584 828 810.

188 839 477 878 celebrandam.

244 894 429 943 Exceptio
452 894 513 931 M.
542 894 642 932 Olai.
699 893 875 931 Verbum
906 893 981 932 Dei
1012 900 1145 932 manet
1174 894 1213 932 in
1242 901 1472 934 aeternum:
1512 909 1585 935 nec

191 948 305 985 decet
353 960 593 997 quemquam
643 947 865 986 mortalium
914 955 1063 986 mutare
1110 949 1218 998 quod
1258 948 1436 989 Christus
1475 949 1586 989 iussit

191 1002 438 1039 servandum.
499 1001 757 1040 Prohibemur
796 1001 941 1040 etenim
980 1001 1129 1052 aliquid
1167 1002 1288 1041 verbo
1320 1003 1396 1042 Dei
1426 1005 1583 1051 addere,

190 1063 257 1093 aut
302 1054 515 1105 quicquam
557 1055 590 1093 ei
630 1056 858 1094 detrahere:
906 1055 1000 1095 inde
1038 1057 1213 1106 sequitur
1250 1056 1451 1097 evidenter
1489 1058 1585 1097 nulli

192 1116 390 1148 creaturae
410 1108 561 1147 licitum
582 1122 667 1147 esse
688 1109 975 1148 institutionem
991 1109 1166 1149 Christi
1157 1123 1196 1148 1n
1213 1111 1249 1149 S.
1267 1110 1406 1150 Coena
1421 1119 1583 1151 mutare.

193 1162 395 1222 Quicquid
425 1162 593 1213 pertinet
621 1164 672 1201 ad
702 1163 817 1202 huius
847 1164 1079 1202 sacramenti
1099 1164 1313 1212 veritatem,
1335 1173 1415 1203 tam
1439 1165 1480 1206 in
1500 1179 1585 1205 esse

192 1230 311 1267 quam
341 1216 381 1254 in
413 1230 483 1255 usu
514 1218 761 1264 servandum,
783 1217 880 1256 illud
901 1226 1028 1256 totum
1049 1226 1108 1257 est
1127 1231 1151 1257 a
1171 1218 1328 1278 Christo
1349 1218 1583 1259 institutum.

193 1271 255 1310 Sic
286 1270 391 1308 enim
422 1279 563 1309 sonant
588 1271 706 1309 verba
737 1271 1075 1322 Evangelistarum
1107 1273 1219 1311 Matt
1240 1271 1338 1310 xxvi.
1361 1271 1462 1326 [26],
1487 1276 1583 1312 Luc.

193 1324 279 1362 xxii.
317 1323 397 1376 [19‚
423 1322 532 1377 20].
585 1324 695 1363 .Hic
728 1326 892 1375 legimus
922 1327 1152 1364 mandatum
1183 1326 1328 1366 Christi
1357 1334 1400 1365 ut
1419 1329 1584 1366 edamus

192 1391 334 1428 corpus
364 1391 446 1416 eius
477 1391 567 1416 011111
555 1354 709 1428 ’pane
733 1386 771 1417 et
802 1379 983 1417 bibamus
1014 1379 1244 1429 sanguinem
1274 1380 1357 1419 eius
1381 1394 1472 1419 cum
1492 1381 1584 1421 vino

193 1431 313 1481 idque
361 1431 399 1469 in
444 1432 527 1470 eius
566 1432 984 1471 commemorationem
1022 1434 1073 1472 ad
1112 1435 1423 1473 confirmandam
1463 1436 1582 1474 fidem

193 1494 379 1533 nostram,
412 1487 520 1535 quod
551 1486 672 1524 simus
702 1486 895 1536 redempti
928 1487 1129 1525 oblatione
1163 1487 1336 1537 corporis
1366 1488 1512 1529 Christi
1545 1497 1584 1528 et

193 1539 384 1578 effusione
423 1539 622 1590 sanguinis
661 1539 756 1579 eius.
815 1542 907 1579 Hoc
946 1548 984 1579 et
1022 1554 1103 1579 non
1140 1541 1218 1580 alio
1249 1541 1382 1591 aliquo
1413 1543 1492 1581 fine
1530 1542 1585 1581 in-

192 1593 371 1632 stitutum
407 1607 491 1632 esse
530 1595 606 1632 hoc
644 1602 932 1632 sacramentum
964 1594 1121 1633 scimus.
1180 1596 1229 1632 D.
1259 1596 1372 1634 Galle
1400 1596 1585 1635 concedit

192 1647 413 1686 essentialia
429 1649 466 1686 S.
483 1647 644 1687 Coenae
665 1661 746 1686 non
767 1661 852 1687 esse
873 1650 1062 1688 mutanda
1076 1663 1086 1696 3
1115 1648 1202 1698 quis
1222 1662 1313 1700 ergo
1328 1650 1438 1689 dedit
1454 1652 1585 1701 Papae

195 1703 312 1740 Rom.
331 1709 568 1751 potestatem
591 1702 798 1752 separandi
828 1702 868 1740 in
890 1715 963 1740 usu
984 1704 1022 1741 S.
1047 1704 1208 1743 Coenae
1228 1704 1390 1742 calicem
1410 1717 1434 1742 a
1453 1706 1585 1754 pane?

196 1754 396 1794 Fatebitur
430 1757 481 1793 D.
516 1757 629 1794 Galle
661 1757 737 1794 hoc
771 1756 908 1795 fecisse
948 1758 1096 1806 Papam
1135 1769 1225 1794 cum
1265 1756 1355 1804 suis,
1395 1764 1582 1808 tanquam

194 1822 324 1847 servos
365 1809 508 1848 Christi
549 1809 727 1848 infideles
766 1823 957 1860 verosque
995 1809 1254 1849 antichristos.
1322 1810 1362 1850 Si
1399 1812 1506 1850 dicat
1543 1811 1582 1849 in

195 1875 357 1912 corpore
386 1876 471 1901 esse
501 1863 743 1913 sanguinem,
766 1865 998 1914 respondeo,
1024 1865 1117 1902 Hoc
1147 1877 1226 1902 non
1247 1863 1418 1914 infringit
1438 1864 1583 1904 Christi

195 1916 493 1964 institutionem,
528 1917 595 1967 qui
634 1917 846 1967 sapientior
884 1925 942 1956 est
980 1917 1131 1956 cunctis
1163 1917 1274 1968 papis
1312 1925 1351 1957 et
1388 1919 1580 1968 praelatis.

197 1971 281 2008 Nec
311 1969 416 2008 dicat
446 1970 598 2021 papista
626 1984 767 2021 panem
790 1984 875 2010 esse
896 1972 972 2010 hoc
992 1979 1118 2010 totum
1139 1978 1438 2010 sacramentum.
1497 1973 1583 2011 Nec

194 2023 317 2061 voluit
356 2024 534 2063 Christus
564 2026 600 2062 S.
635 2026 813 2064 Coenam
842 2026 952 2063 aliter
984 2025 1292 2075 dispensandam
1321 2038 1407 2064 esse
1433 2025 1583 2064 clericis

195 2076 305 2114 aliter
349 2077 467 2116 laicis.
545 2079 831 2128 Respondeant
868 2080 985 2117 etiam
1023 2078 1199 2129 papistae
1237 2092 1316 2129 qua
1352 2078 1583 2118 auctoritate

195 2130 357 2168 fecerint
385 2143 432 2169 ex
461 2132 537 2169 hoc
567 2139 812 2170 sacramento
841 2131 1085 2171 sacrificium.
1143 2134 1236 2171 Non
1265 2131 1362 2171 dixit
1391 2132 1581 2180 Christus,

199 2183 400 2233 ‘Accipite
420 2191 458 2222 et
483 2186 720 2232 sacrificate,'
744 2187 814 2224 sed
837 2185 1055 2225 ‘comedite
1069 2187 1087 2223 ².
1144 2185 1318 2226 Unicum
1349 2186 1582 2225 sacrificium

196 2236 341 2277 Christi
371 2237 682 2287 propitiatorium
712 2238 865 2287 sufficit,
885 2252 1078 2278 evacuans
1106 2239 1238 2279 omnia
1260 2238 1449 2278 sacrificia
1471 2241 1519 2277 V.
1535 2241 1583 2278 T.

196 2290 443 2329 Sacrificulus
481 2290 694 2340 papisticus
732 2306 813 2330 non
851 2300 981 2343 potest
1019 2294 1155 2331 offerre
1188 2305 1329 2342 corpus
1363 2292 1509 2332 Christi
1541 2293 1581 2332 in

197 2345 233 2382 S.
269 2345 405 2384 Coena
442 2344 593 2394 absque
631 2353 861 2394 contemptu
898 2345 1077 2384 sacrificii
1107 2345 1252 2385 Christi
1282 2345 1326 2384 in
1362 2358 1429 2384 ara
1457 2346 1582 2385 crucis

197 2397 342 2436 oblati:
383 2397 477 2448 quin
509 2397 638 2447 potius
672 2398 861 2448 crucifigit
892 2398 1093 2438 Christum
1131 2400 1182 2437 de
1219 2411 1334 2446 novo,
1368 2412 1477 2438 more
1514 2399 1582 2438 im·

198 2450 351 2500 piorum
382 2452 488 2489 Heb.
520 2451 568 2489 vi.
599 2449 674 2503 [6].
731 2451 840 2489 Hinc
878 2460 1031 2491 constat
1066 2453 1212 2502 Papam
1254 2454 1370 2491 Rom.
1411 2459 1582 2492 mutasse
