1715 2780
84 122 167 160 240
579 107 774 156 FAREL,
809 110 987 160 1526—32
1402 121 1474 159 491

85 217 311 270 desmeurer
342 215 366 253 ὲι
396 216 433 253 la
465 227 594 254 messe
626 221 664 254 et
693 214 733 253 ’65
762 215 905 252 aultres
935 210 1169 252 cerimonies
1198 221 1237 252 et
1267 214 1400 252 offices
1430 214 1480 252 de

84 269 252 320 l'Eglise,
283 282 360 320 que
388 269 487 307 cella
514 268 618 308 aussi
647 276 711 319 ayt
739 268 828 315 lieu,
860 275 899 307 et
928 268 960 306 si
989 269 1026 306 la
1055 267 1235 307 moindre
1264 276 1349 319 part
1375 269 1482 306 veult

84 337 202 374 avoyr
221 313 460 374 I’Evangille,
483 337 561 374 que
580 324 679 362 cella
699 336 748 361 ne
769 322 881 361 doibt
902 330 1002 362 estre
1023 322 1214 373 de‘negue.
1248 352 1255 359 .
1287 353 1294 360 .
1329 353 1336 360 .

141 379 192 416 Et
220 378 244 416 ὲ.
271 391 389 416 cause
417 375 538 431 [afin]
567 390 644 427 que
672 378 776 416 l'une
809 377 962 428 parthie
995 390 1045 415 ne
1075 407 1082 414 .
1116 407 1123 415 .
1157 407 1164 414 .
1195 377 1362 415 moleste
1391 406 1398 414 .
1433 406 1439 413 .

85 433 245 480 l’aultre,
258 445 380 471 avons
397 432 575 471 ordonne
592 444 669 481 que
685 432 811 481 celluy
828 444 879 470 ou
894 430 1006 470 icelle
1027 461 1034 469 .
1059 461 1065 469 .
1090 461 1098 468 .
1121 430 1188 480 qui
1209 444 1250 469 se
1271 443 1485 480 mocquera

87 487 138 526 de
158 487 307 525 l'aultre
327 516 335 524 .
360 515 368 525 .
390 516 398 524 .
420 485 538 536 doige
561 494 661 524 estre
689 499 796 535 myse
817 499 866 524 en
887 485 1020 536 prison
1041 492 1079 524 et
1099 484 1269 523 de'tenuz
1294 498 1374 535 ung
1396 486 1485 534 jour

87 548 126 580 et
145 553 224 579 une
243 539 352 579 nuict
371 540 395 578 a
414 539 506 590 pain
533 547 571 579 et
601 553 688 585 eau,
708 547 747 578 et
774 553 949 590 avecque
975 540 1059 578 cela
1085 540 1239 578 donner
1264 552 1344 589 ung
1371 551 1484 578 escus

89 595 171 634 d'or
194 595 340 634 devant
362 606 439 644 que
460 600 560 633 estre
581 594 692 632 lache'
713 595 764 633 de
784 595 928 644 prison.
952 623 960 632 .
986 625 993 632 .
1017 623 1023 631 .

143 649 255 687 Nous
270 661 391 688 avons
406 661 522 698 aussy
538 649 729 695 ordonne,
746 648 847 686 soub
864 649 900 686 la
916 649 1034 698 poine
1055 646 1214 694 susdste,
1235 659 1312 697 que
1328 648 1382 685 les
1404 645 1486 696 pre'-

88 702 241 742 dicants
262 716 330 753 soy
351 703 588 752 depourtent
609 703 821 752 d'appeller
842 703 896 740 les
916 710 1084 752 prestres
1105 709 1142 741 et
1162 703 1264 740 leurs
1292 702 1486 740 adherans

91 757 348 803 ‘meschants‚
385 755 643 806 hereticques,
678 755 910 803 meurtriers,
947 757 1128 803 larrons',
1162 769 1211 794 ne
1244 769 1312 806 par
1342 756 1486 793 aultres

90 824 203 850 noms
217 810 382 849 infames
396 812 462 861 qui
476 810 713 849 destruisent
727 811 813 860 plus
827 823 905 860 que
919 809 1105 850 e'diffient.
1122 840 1128 848 .
1147 840 1154 848 .
1174 841 1180 848 .
1196 809 1485 856 Pareillement,

90 866 145 904 les
191 872 357 916 prestres
405 877 455 904 ne
502 864 693 904 doibvent
731 864 901 903 blasmer
938 866 994 903 les
1032 863 1256 914 predicants
1297 877 1345 902 ne
1384 864 1486 901 leurs

89 919 294 967 adherans‚
317 919 401 958 ains
425 932 503 958 une
529 920 727 958 chescune
754 918 905 968 parthie
929 920 1073 969 laysser
1096 919 1244 957 l'aultre
1269 931 1319 957 en
1340 917 1428 968 paix
1449 925 1487 956 et

90 973 340 1024 tranquillite.
365 1004 372 1012 .
395 1004 402 1011 .
425 1004 432 1012 .

144 1030 274 1078 Aussy
312 1028 547 1067 deffendons
592 1026 885 1078 expresse'ment
929 1040 1007 1077 que
1046 1027 1141 1065 nulli
1180 1027 1229 1066 de
1268 1039 1310 1065 sa
1349 1038 1490 1076 propre

91 1081 281 1121 auctorite
307 1090 394 1132 soyt
420 1081 451 1121 si
476 1081 587 1120 hardi
612 1083 662 1120 de
688 1095 854 1132 rompre,
877 1082 1068 1128 abbattre‚
1090 1081 1219 1131 gastez
1241 1088 1278 1119 et
1299 1079 1490 1119 destruire

92 1137 148 1176 les
169 1137 309 1175 aultelz
333 1135 479 1186 images
501 1143 538 1174 et
559 1135 799 1186 reparations
823 1137 893 1175 des
915 1135 1053 1185 e'glises
1081 1143 1149 1174 out
1170 1136 1206 1174 16
1227 1136 1314 1185 plus
1335 1148 1386 1173 ne
1407 1147 1492 1172 sera

92 1190 184 1230 faict
204 1191 254 1229 de
274 1191 441 1240 prendre
461 1191 498 1228 la
519 1191 689 1229 Parrolle
710 1191 761 1229 de
783 1189 899 1228 Dieu.
922 1221 929 1229 .
954 1220 960 1228 .
985 1221 991 1228 .

237 1277 326 1321 No.
351 1289 441 1332 241.
490 1278 598 1321 The
629 1278 944 1330 Waldenses,
973 1278 1202 1321 Autumn
1235 1287 1355 1330 1532.

149 1365 271 1403 From
292 1379 316 1403 a
336 1367 444 1403 letter
457 1364 504 1413 of
514 1365 683 1403 Antot‘ne
704 1365 883 1413 Samzier,
896 1369 1039 1415 pastor
1056 1364 1104 1413 of
1114 1365 1299 1412 Payerne,
1322 1367 1358 1400 to
1379 1363 1500 1400 Etrel

96 1424 140 1457 at
156 1421 306 1468 Mercu}
330 1431 350 1470 5
373 1421 476 1458 Nov.
503 1420 785 1470 1532.—Quid
812 1419 851 1457 in
879 1419 963 1457 via¹
992 1418 1107 1457 nobis
1127 1416 1493 1466 acciderit-accipe.

96 1504 104 1513 .
130 1503 138 1512 .
161 1504 168 1511 .
191 1475 343 1513 Fratres
365 1487 437 1512 nos
458 1481 614 1524 optatos
634 1480 866 1524 receperunt
882 1481 920 1512 et
935 1474 1105 1524 populus
1119 1472 1141 1519 ²,
1160 1471 1272 1511 cuius
1293 1470 1494 1521 primores,

96 1541 120 1566 a
138 1529 475 1578 pseudofratribus
496 1527 763 1575 circumventi,
786 1527 901 1566 nobis
926 1535 1017 1566 sunt
1038 1526 1179 1565 infensi
1200 1534 1237 1565 et
1258 1527 1498 1564 reluctantur

97 1581 137 1620 in
157 1581 354 1632 aliquibus
367 1584 391 1621 ³.
450 1583 529 1621 Sed
560 1584 669 1620 Deus
696 1595 788 1620 suos
815 1582 855 1619 in
882 1581 996 1629 viam,
1018 1595 1109 1620 cum
1138 1580 1191 1619 illi
1215 1580 1341 1619 visum
1370 1579 1495 1625 fuerit,

98 1637 281 1676 deducet.
341 1637 426 1675 Nos
453 1638 644 1675 docemus
672 1636 870 1674 ministros
891 1643 930 1675 et
950 1636 1108 1685 plebem
1130 1648 1211 1673 non
1232 1635 1372 1684 palam,
1396 1646 1498 1682 quae

98 1703 171 1728 nos
199 1689 367 1729 libenter
391 1691 513 1737 audit,
537 1698 576 1728 et
603 1697 694 1728 sunt
721 1689 901 1728 nonnulli
930 1691 1009 1739 qui,
1032 1689 1152 1728 solius
1177 1687 1299 1726 Verbi
1327 1685 1498 1725 veritatis

45 1748 47 1757 ¹
99 1744 221 1794 gratia
250 1743 451 1791 audiendi,
483 1743 646 1782 veniunt
679 1758 702 1782 a
735 1743 832 1782 locis
871 1743 1109 1782 distantibus
1147 1755 1291 1792 nempe
1326 1754 1348 1779 a
1381 1739 1497 1778 nobis

99 1798 238 1837 itinere
267 1799 436 1837 duorum
466 1799 629 1837 dierum.
690 1798 881 1836 Nondum
908 1798 1062 1835 scholas
1089 1796 1267 1847 publicas
1291 1795 1497 1841 habemus,

101 1853 173 1891 sed
203 1851 372 1891 habituri
404 1853 523 1891 brevi.
583 1852 648 1891 Ob
683 1851 723 1890 id
757 1851 922 1890 fecimus
960 1852 1171 1889 convenire
1210 1848 1422 1888 concilium
1462 1856 1500 1887 et

102 1907 440 1954 communitatem,
472 1906 542 1945 sed
572 1906 751 1944 nondum
783 1907 1014 1944 conclusum
1046 1913 1114 1944 est.

158 1961 310 1999 Fratres
342 1960 412 1999 tibi
444 1959 578 1999 omnia
609 1959 736 1999 felicia
770 1967 988 2010 precantur,
1020 1960 1213 1997 habentes
1247 1956 1409 2008 gratiam
1440 1957 1500 1994 vel

104 2014 314 2053 maximam
344 2015 454 2065 quod
482 2015 534 2053 ad
563 2027 603 2052 se
633 2027 706 2052 nos
736 2014 940 2052 remiseris.
999 2015 1063 2052 Ad
1085 2013 1397 2063 typographum⁴
1419 2011 1499 2049 dati

104 2076 195 2107 sunt
215 2068 418 2119 quingenti
439 2068 545 2107 aurei
571 2068 723 2106 nummi
752 2068 926 2107 Martino
939 2069 962 2115 ⁵,
986 2076 1027 2106 ut
1049 2080 1167 2117 quam
1192 2066 1334 2117 poterit
1361 2064 1502 2103 brevis-

148 2144 159 2162 ¹
183 2145 268 2176 Two
285 2144 433 2186 deputies
450 2144 487 2175 of
499 2144 555 2175 the
573 2144 765 2175 waldenses
789 2144 906 2174 visited
931 2143 1027 2175 Farcl
1043 2149 1075 2174 at
1094 2142 1280 2180 Grandson,
1298 2142 1383 2181 Aug.
1406 2149 1500 2180 1532,

105 2193 140 2219 to
170 2188 269 2219 invite
301 2188 356 2220 the
386 2188 485 2219 Swiss
516 2188 680 2218 ministers
707 2194 741 2218 to
772 2188 827 2218 the
858 2187 968 2227 Synod
994 2187 1030 2217 os
1054 2187 1270 2217 Chanforans.
1319 2183 1412 2215 Farel
1439 2183 1503 2213 and

108 2231 243 2262 Saunier
258 2242 342 2263 were
356 2231 495 2273 deputed
521 2236 555 2262 to
578 2241 632 2271 go,
658 2231 720 2262 and
743 2232 821 2262 with
838 2232 928 2262 them
946 2235 1031 2262 went
1052 2232 1141 2262 Peter
1158 2230 1282 2260 Robert
1300 2227 1466 2266 Olivetan,
1485 2237 1503 2257 a

109 2274 216 2306 native
234 2275 271 2306 of
283 2275 416 2315 Noyon,
432 2275 496 2306 and
511 2274 606 2306 uncle
624 2280 658 2306 to
675 2274 804 2306 Calvin.
1075 2273 1082 2280 '

151 2317 164 2337 ²
189 2318 261 2350 The
278 2319 439 2351 ministers
456 2319 519 2350 and
535 2318 654 2360 people
672 2318 709 2349 of
722 2319 774 2350 the
792 2317 995 2350 XValdenses.

154 2361 166 2379 ³
190 2362 221 2392 A
248 2363 370 2394 seetion
397 2362 501 2393 which
530 2362 670 2393 (lisliked
701 2362 756 2394 the
783 2363 945 2394 decisions
970 2361 1007 2392 of
1033 2360 1240 2392 Chansomns
1269 2359 1299 2389 in
1328 2358 1441 2389 favour
1470 2356 1507 2387 of

110 2405 250 2437 alliance
267 2405 344 2438 with
360 2405 414 2437 the
431 2406 618 2444 Reformed‚
640 2406 780 2445 lx'uchat‚
799 2407 844 2437 iii.
865 2415 939 2447 559.

156 2448 167 2466 ¹
192 2449 285 2480 Peter
303 2450 342 2481 de
360 2449 504 2489 Wingle,
523 2460 541 2480 a
558 2450 679 2490 printer
698 2450 727 2479 in
746 2450 877 2482 Genera
897 2447 1136 2489 (I‘Icrminjard,
1155 2447 1186 2485 ii,
1205 2446 1271 2476 No.
1294 2450 1381 2486 391).

155 2492 166 2509 ⁵
193 2493 222 2522 A
240 2492 451 2524 Xl'aldensian
469 2497 592 2533 pastor.
