1715 2780
185 115 262 149 404
502 101 621 138 THE
653 99 1003 139 BEGINNINGS
1035 99 1105 138 OF
1135 100 1253 137 THE
1514 100 1576 138 181

241 221 273 245 2.
306 205 415 256 Quid
444 205 521 244 iarn
553 204 643 243 mali
673 204 789 243 nobis
821 202 986 250 eveniet,
1026 203 1057 242 si
1097 203 1431 243 caeremoniarum
1462 204 1578 243 scobs

185 261 225 299 in
252 260 478 299 universum
500 260 617 298 etiam
642 258 857 306 abiiciatur,
880 271 971 297 cum
997 259 1136 297 frustra
1162 271 1203 297 se
1231 260 1342 297 Deus
1369 257 1476 298 hisce
1503 258 1579 297 coli

184 316 368 354 adserat?
389 345 398 353 .
420 345 429 353 .
452 344 460 354 .
485 313 562 352 His
583 313 715 364 itaque
735 326 897 351 aureum
919 342 926 350 .
951 342 958 350 .
982 342 990 351 .
1011 326 1094 352 non
1114 319 1172 352 est
1192 313 1394 351 saeculum
1416 342 1424 350 .
1446 343 1454 351 .
1477 343 1484 352 .
1508 314 1579 352 sed

185 369 245 407 his
280 382 448 419 quorum
483 367 760 414 conscientiae,
801 367 851 405 ab
890 366 1109 405 animarum
1148 366 1350 417 parricidis
1389 367 1579 405 hactenus

185 425 326 462 misere
351 423 530 470 laniatae,
553 422 594 459 in
615 422 868 471 tranquillum
889 434 1003 460 verae
1023 421 1178 471 pietatis
1205 427 1363 472 portum
1392 420 1579 460 inductae

186 485 288 516 sunt.
312 507 320 515 .
344 508 352 515 .
374 508 382 516 .
1506 496 1508 498 >

242 545 276 581 3.
309 532 372 569 Ad
412 530 678 580 evangelicam
717 529 937 568 libertatem
978 537 1082 568 recte
1121 529 1268 567 faciunt
1307 530 1375 579 qui
1413 536 1580 568 vocant:

186 599 277 624 nam
318 586 394 623 hoc
435 598 514 623 uno
547 584 642 622 salvi
671 583 883 623 reddimur.
944 583 1092 623 Audite
1126 583 1328 623 Christum
1364 581 1469 636 [Mk.
1506 582 1578 621 xvi.

191 653 234 690 15
259 653 372 690 sqq.:
403 641 460 677 Io.
484 638 560 677 viii
586 636 698 691 32]..

243 751 302 798 58.
336 747 405 786 Pie
444 723 662 785 errantibus
702 721 936 784 donandum
975 744 1156 783 nonnihil
1195 746 1351 795 putatis,
1393 745 1433 784 id
1473 746 1582 795 quod

187 804 270 853 ipse
299 803 438 848 sentio,
470 802 592 840 modo
621 814 725 840 error
755 800 803 838 sit
831 800 928 849 pius
990 799 1192 838 Piissimus
1227 812 1331 838 error
1359 807 1417 838 est
1446 807 1582 860 putare

187 871 269 895 non
289 856 406 895 licere
426 868 562 894 carnes
582 855 722 894 diebus
743 853 1147 904 quadragesimalibus
1168 854 1302 901 edere3
1328 853 1581 903 impiissimus

187 924 291 949 error
329 918 388 949 est
427 910 575 960 populo
615 908 841 949 Christiano
875 921 955 946 non
987 909 1161 946 indicare
1195 921 1297 957 quae
1329 920 1352 946 a
1388 909 1477 946 Deo
1508 907 1581 946 sibi

188 966 335 1003 donata
356 966 445 1003 sint.
473 993 480 1001 .
504 994 512 1002 .
536 994 543 1001 .
573 964 691 1001 Nunc
716 976 807 1001 cum
836 962 889 1001 ita
918 961 1117 1001 mordicus
1145 962 1413 1000 caeremonias
1441 962 1582 1000 tenetis

187 1032 233 1058 ac
262 1017 486 1065 defenditis,
508 1016 605 1068 quid
633 1016 741 1055 aliud
771 1029 888 1066 quam
918 1017 1121 1055 veritatem
1154 1015 1393 1054 moramini?
1448 1016 1582 1054 Verbo

188 1074 289 1112 absit
328 1071 487 1111 invidia.
547 1071 628 1121 Ipsi
668 1070 773 1110 enim
806 1071 1141 1109 caeremoniarum
1172 1069 1251 1108 vim
1284 1069 1421 1109 vestris
1454 1069 1582 1109 verbis

189 1126 408 1166 extenuatis
439 1133 477 1165 et
505 1133 639 1164 tamen
670 1124 882 1164 defenditis
911 1137 1036 1174 usque
1056 1125 1106 1163 ad
1128 1123 1262 1162 nescio
1283 1125 1392 1174 quod
1412 1130 1580 1173 tempus,

189 1194 291 1231 quae
321 1180 405 1219 sine
434 1179 543 1218 omni
573 1178 799 1218 discrimine
825 1186 987 1228 possent
1017 1191 1112 1216 sana
1141 1179 1268 1216 solum
1289 1177 1469 1216 doctrina
1487 1177 1583 1216 anti-

190 1234 322 1284 quari:
362 1234 403 1273 id
424 1235 532 1284 quod
554 1233 678 1272 nihilo
699 1233 826 1272 secius
848 1233 914 1271 fiet
934 1231 1046 1271 vobis
1072 1232 1188 1271 etiam
1215 1231 1580 1270 contranitentibus.

191 1289 463 1338 Quamobrem
494 1288 652 1334 suadeo,
685 1295 727 1325 ut
757 1287 1097 1337 quemadmodum
1128 1285 1237 1324 aiunt
1267 1285 1412 1324 Iulium
1443 1285 1584 1326 Caesa-

190 1356 282 1389 rem,
315 1355 405 1380 cum
436 1354 478 1380 se
507 1341 583 1379 iam
613 1341 762 1380 videret
792 1348 959 1379 mortem
986 1342 1155 1390 effugere
1176 1353 1256 1378 non
1277 1352 1404 1389 posse,
1426 1339 1584 1378 dedisse

190 1409 361 1446 operam,
385 1403 426 1434 ut
451 1394 626 1434 collectis
647 1394 813 1433 vestium
842 1393 991 1432 laciniis
1012 1396 1178 1432 honeste
1199 1395 1379 1432 caderet:
1418 1393 1472 1431 ita
1491 1406 1582 1431 cum

190 1450 330 1489 videtis
369 1448 636 1488 caeremonias
667 1448 757 1495 labi,
798 1447 1110 1498 propediemque
1148 1455 1249 1486 totas
1288 1460 1373 1486 esse
1415 1460 1581 1494 casuras,

191 1503 376 1543 laboretis
397 1511 438 1541 ut
460 1516 578 1552 quam
599 1502 920 1541 commodissime
940 1503 1124 1540 cadant..

247 1570 307 1608 59.
341 1558 632 1597 ‘Communem
663 1569 831 1595 errorem
863 1555 921 1593 ius
960 1557 1110 1602 facere,'
1143 1554 1278 1594 nescio
1306 1568 1357 1593 an
1387 1556 1475 1594 ullis
1503 1567 1585 1605 per-

192 1612 345 1651 mittam
367 1611 589 1658 incredulis,
613 1611 760 1650 nedum
782 1609 1027 1649 Christianis.
1085 1610 1266 1649 Christus
1286 1608 1392 1647 enim
1413 1616 1584 1648 errantes

192 1666 374 1705 homines
403 1667 501 1704 ferre
530 1678 611 1703 non
640 1665 767 1714 potuit
799 1661 934 1716 [Matt.
965 1663 1016 1701 ix.
1047 1661 1166 1716 36]..
1222 1665 1306 1701 ,Et
1333 1675 1403 1701 vos
1432 1662 1584 1701 audetis

192 1720 309 1759 errori
338 1719 479 1758 iterum
513 1718 776 1769 patrocinari?
805 1748 812 1756 .
844 1748 851 1756 .
885 1747 892 1755 .
922 1717 1065 1756 Videte
1100 1730 1180 1768 quo
1214 1730 1282 1755 vos
1316 1729 1434 1756 caeca
1466 1718 1585 1755 ducat

193 1774 426 1824 malignitas,
457 1774 536 1811 huc
565 1786 709 1823 nempe
738 1780 780 1810 ut
806 1802 813 1810 .
837 1801 844 1810 .
870 1801 876 1809 .
900 1771 1195 1821 amplectamini
1223 1770 1358 1809 frivola
1387 1772 1583 1821 quaedam

193 1828 289 1866 nulli
310 1829 473 1866 cordato
493 1827 664 1865 ferenda.
691 1857 698 1864 .
721 1855 729 1863 .

249 1884 309 1919 60.
343 1883 456 1929 Quae
472 1894 564 1919 vero
582 1888 672 1918 sunt
687 1879 761 1918 ista
779 1882 899 1918 ‘nova
911 1880 1098 1929 dogmata
1110 1880 1148 1917 ’?
1191 1880 1299 1917 Num
1316 1877 1586 1929 evangelium?

193 1937 246 1973 At
266 1936 343 1973 hoc
365 1942 501 1972 natum
523 1941 580 1973 est
600 1947 725 1972 annos
747 1934 824 1972 iam
850 1946 961 1984 1522.
1013 1935 1120 1972 Num
1142 1932 1321 1971 doctrina
1340 1932 1585 1982 apostolica?

193 1990 246 2026 At
276 1989 340 2026 illa
370 1989 488 2038 paulo
518 1987 646 2026 minor
674 1995 768 2025 natu
793 1995 851 2026 est
878 1987 1092 2037 evangelio.
1151 1988 1259 2024 Num
1280 1986 1584 2036 patriarcharum

194 2051 232 2081 et
253 2043 562 2092 prophetarum?
609 2043 662 2079 At
683 2041 747 2078 illa
769 2040 913 2079 Sibillis
935 2041 1051 2078 etiam
1074 2040 1197 2078 maior
1217 2046 1286 2078 est.
1336 2041 1586 2090 Quapropter

193 2097 359 2134 obsecro
394 2102 436 2133 ut
469 2108 541 2132 suo
576 2107 758 2144 quaeque
791 2094 952 2132 nomine
990 2093 1205 2143 adpelletis‚
1247 2106 1327 2143 quc
1366 2107 1412 2132 ea
1449 2107 1586 2131 cavere

194 2149 388 2200 possimus
409 2161 510 2199 quae
530 2155 609 2186 tam
632 2155 721 2185 sunt
742 2147 961 2197 perniciosa
977 2161 985 2194 ;
1014 2148 1054 2186 id
1069 2155 1201 2186 autem
1215 2148 1292 2185 hoc
1311 2154 1428 2197 pacto
1448 2148 1584 2185 facturi

193 2217 353 2243 sumus:
393 2201 695 2252 Explorabimus
724 2201 858 2240 omnia
885 2202 936 2239 ad
966 2200 1136 2251 lapidem
1166 2200 1433 2251 evangelicum
1464 2208 1502 2239 et
1535 2202 1586 2239 ad

193 2259 324 2308 ignem
346 2255 499 2295 Pauli..

248 2313 310 2349 61.
340 2312 399 2350 Ut
415 2311 543 2360 placet
555 2308 596 2348 id
611 2307 737 2348 verbi:
764 2310 934 2359 ‘Regere
950 2309 1156 2347 ecclesiam
1171 2307 1272 2355 Dei‚'
1279 2308 1585 2369 quodActorum

193 2379 252 2411 xx,
275 2365 382 2403 unde
416 2365 494 2402 huc
526 2364 756 2402 translatum
789 2370 857 2409 est,
889 2375 959 2412 pro
1001 2364 1202 2421 ‘pascere'
1236 2361 1424 2412 interpres
1455 2362 1586 2411 posuit

193 2432 275 2456 non
307 2418 391 2456 sine
423 2416 639 2456 sententiae
671 2415 821 2454 iniuria.
878 2416 941 2454 Sic
973 2416 1078 2454 enim
1113 2415 1286 2466 loquitur
1323 2415 1585 2465 Ephesiorum

195 2471 389 2521 episcopis
411 2472 555 2509 Paulus
578 2468 693 2522 [Acts
713 2484 772 2507 xx.
796 2468 875 2522 28].
900 2500 906 2507 .
926 2500 933 2507 .
958 2501 964 2507 .
989 2470 1097 2518 Quid
1118 2477 1197 2508 tam
1219 2482 1401 2520 arrogans
1421 2468 1584 2508 verbum

196 2524 439 2576 usurpastis?
497 2527 677 2563 Pastores
699 2532 876 2575 pascunt,
899 2537 981 2562 non
1002 2531 1148 2573 regunt.
