1715 2780
115 135 177 172 311
275 121 392 160 THE
424 118 749 159 DISCIPLINE
783 118 842 155 IN
873 116 1117 162 GENEVA,
1154 117 1335 165 1542—64
1440 115 1517 164 639

116 228 220 267 Abel
253 225 374 265 nihil:
413 223 753 275 quemadmodum
787 229 825 260 et
855 220 895 259 in
925 219 1172 259 Consistorio
1203 218 1516 258 moderatissime

115 295 157 321 se
169 287 351 332 gesserat.
391 277 610 318 Postridie¹
630 276 818 327 reperitur
831 276 964 313 charta
985 274 1024 312 in
1045 281 1228 324 suggestu
1250 286 1328 324 qua
1348 280 1517 311 mortem

116 335 231 375 nobis
252 334 461 381 minantur,
480 332 553 371 nisi
574 331 770 370 sileamus.
812 330 1023 379 Exemplar
1042 329 1093 367 ad
1114 335 1152 367 te
1168 326 1312 366 mitt0.²
1349 328 1517 366 Senatus

115 397 224 430 tanta
251 387 418 427 audacia
447 388 647 437 perculsus
678 385 787 424 iubet
816 396 949 422 severe
978 384 1028 422 de
1048 382 1341 433 conspiratione
1361 381 1517 432 inquiri.

118 443 333 494 Negotium
354 441 489 492 paucis
511 441 684 479 mandat.
725 438 831 488 Quia
852 439 1065 476 multorum
1083 437 1255 487 suspicio
1269 437 1308 474 in
1323 436 1517 474 Gruetum

117 498 296 544 cadebat,
320 496 452 536 statim
472 495 663 545 arripitur.
721 493 810 532 Alia
831 501 963 531 tamen
985 498 1066 530 erat
1086 505 1239 530 manus.
1263 521 1270 529 .
1294 522 1301 529 .
1325 521 1333 529 .

173 551 222 603 (c)
251 553 369 590 From
395 552 487 599 Reg.
512 550 564 586 du
594 549 754 594 Consez‘l,
775 559 831 596 24
847 548 954 597 June
974 547 1221 597 1547.—Les
1253 545 1450 583 ministres
1481 551 1519 582 et

117 608 153 645 le
174 604 418 646 Consistoire
439 617 484 642 ce
514 611 604 642 sont
633 603 893 653 grandement
927 602 1119 639 lamentes
1147 601 1197 638 de
1227 601 1263 637 la
1284 601 1430 638 femme
1464 600 1517 637 du

119 662 162 699 ΞΓ
195 660 351 709 Amyed
387 658 546 705 Perrin5
585 664 634 704 et,
667 670 717 694 en
748 657 813 706 luy
846 655 1008 693 faissant
1045 655 1235 692 aulcunes
1274 654 1427 692 bonnes
1466 666 1520 691 re-

119 722 390 754 monstrances
419 712 442 750 a
471 724 589 750 cause
618 711 668 749 de
698 723 743 748 ce
772 711 914 760 qu'elle
942 722 965 747 a
994 709 1157 755 dance'e‚
1181 708 1292 746 icelle
1320 721 1343 746 a
1372 708 1519 756 oltrage

120 771 184 807 Me
218 768 332 814 Abel,
370 766 556 812 ministre,
593 765 817 815 l’appellant
859 764 1046 813 ‘puacre'
1080 770 1117 801 et
1152 764 1295 801 aultres
1328 762 1521 812 plusieurs

119 824 285 873 parolles
307 821 504 861 sinistres:
543 826 751 869 requerant
772 818 798 856 il
818 825 965 856 mectre
985 818 1110 856 ordre.
1169 816 1360 855 Ordonne
1381 817 1522 866 qu'elle

119 885 206 927 soyt
244 875 439 914 constitue
478 873 742 924 prisonny‘ere‚
784 879 822 910 et
860 884 937 921 que
976 873 1104 921 Jehan
1146 872 1339 920 Blanguet
1377 883 1448 920 aye
1486 871 1524 907 la

119 930 374 970 commission
396 930 466 968 des
486 928 640 979 prisons
662 927 838 977 pendant
859 927 1000 976 qu'elle
1020 939 1106 964 sera
1126 932 1245 964 tenue
1269 925 1524 974 prisonnyere

119 987 142 1024 a
171 997 289 1024 cause
318 997 396 1034 que
425 985 460 1022 le
494 983 663 1022 souldan
697 989 756 1020 est
790 980 1041 1030 domestique
1070 980 1120 1018 de
1149 980 1186 1017 la
1215 992 1379 1029 mayson
1409 978 1523 1017 dudit

121 1040 266 1079 Perrin.
289 1069 296 1077 .
322 1069 329 1076 .
353 1069 359 1076 .

294 1121 384 1165 No.
407 1134 498 1175 312.
541 1120 758 1174 Jacques
787 1119 956 1170 Gruet,
985 1119 1044 1160 26
1072 1119 1195 1173 July
1226 1129 1350 1172 1547.

177 1205 236 1257 (a)
266 1207 382 1243 From
413 1205 585 1244 Calvin's
611 1206 720 1242 letter
742 1209 778 1241 lo
815 1204 925 1250 Viret‚
947 1215 972 1240 2
982 1203 1084 1253 szdy
1104 1201 1364 1253 1547.—Alia
1390 1209 1524 1240 tamen

123 1267 203 1300 erat
218 1263 381 1298 'manus
441 1259 520 1298 Sed
544 1259 640 1297 dum
661 1258 744 1297 eius
766 1259 919 1295 chartas
941 1258 1155 1303 revolvunt,
1180 1258 1302 1294 multa
1328 1255 1526 1306 reperiunt

123 1328 205 1354 non
239 1314 369 1352 minus
404 1313 608 1363 capitalia:
648 1312 802 1351 libellus
838 1312 1002 1361 supplex
1041 1323 1160 1359 quem
1200 1312 1337 1349 offerre
1376 1311 1526 1360 populo

126 1375 313 1408 statuerat
343 1367 382 1405 in
413 1367 592 1414 comitiis,
617 1367 684 1405 ubi
714 1366 941 1416 disputabat
976 1365 1073 1402 nihil
1103 1378 1190 1403 esse
1220 1365 1371 1414 legibus
1402 1363 1525 1402 vindi-

124 1423 296 1461 candum
327 1422 401 1460 nisi
431 1423 540 1471 quod
569 1420 854 1471 rempublicam
884 1420 1066 1458 laederet.
1127 1420 1188 1457 Ita
1217 1419 1323 1457 enim
1348 1420 1525 1457 Venetos

124 1478 261 1523 facere,
284 1475 531 1526 gubernandi
552 1475 821 1525 peritissimos.
882 1473 1103 1512 Periculum
1126 1486 1217 1512 vero
1238 1486 1325 1512 esse
1345 1486 1405 1520 ne,
1429 1473 1525 1511 dum

125 1532 223 1569 haec
261 1530 353 1568 urbs
392 1530 507 1568 unius
547 1529 719 1568 hominis
758 1527 1035 1567 melancholici
1069 1527 1231 1566 cerebro
1265 1527 1525 1576 obtemperat,

125 1585 292 1623 excitata
330 1584 524 1623 seditione
563 1585 701 1633 perdat
735 1583 842 1621 mille
875 1582 991 1620 cives.
1050 1582 1247 1631 Repertae
1282 1589 1373 1620 sunt
1407 1581 1527 1620 etiam

125 1639 286 1685 litterae,
309 1638 449 1688 partim
470 1639 520 1676 ad
535 1639 735 1676 Andrean]
755 1636 993 1686 Philippum,
1011 1635 1150 1684 partim
1168 1637 1218 1674 ad
1234 1635 1330 1673 alios
1348 1635 1525 1684 scriptae.

127 1693 378 1742 Quibusdam
420 1705 482 1731 me
521 1692 764 1730 nominabat.
840 1690 949 1728 Alias
989 1690 1203 1727 involverat
1242 1689 1384 1738 figuris,
1426 1701 1528 1738 quae

127 1755 260 1785 tamen
280 1759 455 1785 crassum
475 1746 682 1784 artificium
704 1746 806 1783 adeo
820 1745 977 1793 sapiunt
995 1750 1036 1781 ut
1054 1743 1184 1792 digitis
1202 1743 1393 1792 attingere
1414 1743 1528 1780 liceat

127 1800 317 1851 quicquid
338 1807 468 1850 tegere
489 1800 622 1839 voluit.
683 1799 852 1849 Paginae
873 1798 989 1836 etiam
1012 1798 1115 1835 duae
1145 1797 1389 1847 compositae
1409 1796 1530 1834 latina

129 1855 273 1905 lingua,
288 1854 357 1893 ubi
371 1854 517 1893 ridetur
531 1861 613 1892 tota
629 1853 836 1903 Scriptura,
848 1853 1039 1890 laceratur
1053 1851 1245 1898 Christus,
1256 1850 1528 1889 immortalitas

127 1909 282 1948 animae
312 1915 472 1947 vocatur
502 1908 700 1947 somnium
731 1915 769 1946 et
798 1906 941 1952 fabula,
965 1905 1138 1954 denique
1167 1912 1249 1944 tota
1278 1905 1413 1955 religio
1440 1917 1530 1943 con-

129 1962 292 2002 vellitur.

186 2016 240 2068 (b)
269 2016 408 2055 ProcZ’s
426 2018 470 2054 de
479 2018 644 2067 sacqtces
668 2017 802 2055 Grztet.

186 2070 243 2122 (α)
287 2073 402 2109 From
440 2085 464 2108 α
503 2073 611 2109 letter
641 2070 689 2119 of
716 2070 776 2108 lais
809 2075 844 2107 to
879 2070 939 2106 Νη)
977 2068 1138 2107 Comzcz'l
1165 2067 1213 2117 of
1246 2068 1410 2114 Geueva,
1432 2067 1532 2117 July

133 2137 310 2177 1547.—.
336 2126 461 2163 ..Ne
494 2137 591 2163 vous
627 2123 764 2173 reigles
800 2136 867 2173 par
901 2124 936 2161 le
970 2122 1053 2161 dire
1085 2135 1135 2171 ny
1171 2134 1239 2171 par
1272 2122 1308 2158 la
1342 2120 1532 2159 voulunte

180 2209 188 2227 ¹
217 2216 254 2250 27
272 2208 355 2249 June
374 2209 428 2249 (cf.
450 2209 563 2249 Opera,
584 2208 648 2239 xxi.
671 2208 721 2249 [=
743 2210 776 2239 C.
791 2208 832 2239 R.
851 2205 948 2247 xlix.]
965 2205 1057 2247 407).

179 2252 191 2272 2
218 2253 324 2284 Given
341 2253 373 2283 in
398 2252 453 2283 the
477 2252 597 2284 dialect
617 2252 654 2282 of
674 2251 808 2283 Geneva
832 2251 864 2281 in
892 2251 1007 2291 Opera,
1026 2248 1081 2280 xii.
1099 2248 1149 2289 [z
1171 2249 1204 2280 C.
1223 2249 1261 2279 R.
1281 2247 1342 2289 x1.]
1362 2247 1435 2289 546,
1454 2258 1483 2278 n.
1502 2249 1534 2286 8,

136 2296 197 2327 and
217 2295 396 2327 translated
413 2297 445 2326 in
459 2296 602 2335 Ruchat,
613 2306 643 2327 v.
659 2295 788 2335 318.—-‘
804 2294 912 2335 Qu'on
926 2304 964 2325 ne
975 2299 1049 2324 veut
1063 2302 1122 2333 pas
1136 2292 1227 2322 avoir
1240 2297 1308 2323 tant
1322 2292 1362 2322 de
1379 2292 1512 2323 maitres
1526 2302 1533 2323 ε

135 2339 231 2381 qu'ils
255 2339 384 2371 avaient
406 2338 539 2381 jusques
563 2339 650 2370 alors
672 2349 762 2370 assez
786 2337 938 2371 censure:
962 2347 1024 2378 que
1048 2335 1104 2366 des
1128 2334 1251 2376 pretres
1274 2334 1386 2373 renies,
1405 2345 1534 2366 comme

136 2394 197 2414 eux
215 2381 379 2414 n'avaient
393 2393 455 2424 que
471 2383 550 2414 faire
561 2383 602 2414 de
617 2383 746 2414 desoler
762 2383 844 2414 ainsi
858 2381 889 2412 le
906 2379 1026 2411 monde
1039 2391 1044 2409 z
1070 2389 1132 2419 que
1142 2378 1209 2409 s'ils
1222 2379 1422 2418 continuent,
1434 2389 1475 2410 on
1488 2379 1535 2410 les

137 2430 254 2458 mettra
271 2437 310 2457 en
327 2425 372 2457 tel
389 2426 453 2457 lieu
470 2425 567 2468 qu'ils
580 2426 766 2457 maudiront
778 2426 900 2456 l'heure
914 2422 1009 2465 qu’ils
1026 2427 1098 2453 sont
1115 2422 1209 2454 sortis
1219 2422 1259 2452 de
1278 2422 1348 2452 leur
1364 2423 1532 2462 moinerie,

138 2468 283 2544 ethbu‘ils
308 2474 463 2524 prennent
485 2470 586 2510 garde
609 2469 707 2511 qu'on
731 2480 770 2500 ne
794 2469 862 2500 leur
885 2478 924 2499 en
950 2468 1033 2498 fasse
1056 2470 1168 2497 nutant
1193 2464 1267 2506 qu'a
1292 2466 1339 2498 M.
1358 2465 1478 2508 Vernly
1495 2467 1534 2499 de

169 2523 195 2544 ri
222 2523 312 2554 ourg.
