1715 2780
119 142 202 182 305
555 132 615 170 IN
647 130 888 177 GENEVA,
926 141 1076 179 1541—2
1437 132 1511 178 617

120 243 174 283 ita
193 250 232 282 et
252 242 325 293 ipsi
346 241 386 280 in
407 255 479 280 suo
500 241 720 300 principatu
747 241 897 278 cultum
926 239 1027 278 illius
1057 246 1095 277 et
1125 239 1232 289 regni
1263 239 1346 277 eius
1375 239 1514 287 ampli-

121 296 345 336 ficationem
368 295 441 335 sibi
463 303 554 334 ante
575 308 709 333 omnia
736 301 970 345 proponant,
998 306 1090 332 suos
1117 292 1297 331 subditos
1319 291 1403 343 (qui
1424 299 1515 330 sunt

121 364 312 390 manuum
343 357 498 389 tuarum
528 349 687 400 opificia
706 357 744 388 et
765 361 1002 408 pascuorum
1025 355 1182 385 tuorum
1213 345 1324 397 oves)
1348 359 1419 396 pro
1445 353 1515 384 tuo

119 404 280 444 arbitrio
295 405 571 455 gubernantes,
588 411 630 441 ut
651 410 688 441 et
708 402 772 441 hic
793 410 831 441 et
851 402 891 440 in
911 403 986 440 alia
1006 401 1182 461 qualibet
1202 401 1308 439 orbis
1326 408 1514 438 terrarum

121 467 230 510 parte
249 471 347 508 pace
367 458 497 497 stabili
515 459 688 496 fruentes
708 465 745 496 te
766 470 856 495 cum
879 456 987 494 omni
1007 455 1270 494 sanctimonia
1289 462 1327 493 et
1348 454 1517 504 puritate

121 515 310 559 colamus,
331 520 519 562 metuque
548 511 721 549 hostium
752 518 974 549 nostrorum
1004 509 1156 548 liberati
1186 509 1389 547 materiam
1419 509 1516 547 cele-

122 568 296 606 brandae
316 574 406 605 tuae
425 567 552 604 laudis
573 572 657 603 toto
678 564 778 604 vitae
800 572 955 603 nostrae
976 571 1153 613 tempore
1173 564 1403 601 habeamus.

177 620 336 660 Deinde
362 619 545 670 precibus
575 619 718 658 nostris
748 618 819 657 tibi
843 619 1184 664 commendamus,
1208 619 1322 655 Pater
1342 630 1456 655 verax
1477 623 1515 654 et

124 677 314 722 Servator,
336 687 475 713 omnes
504 680 701 723 quotquot
731 672 914 712 fidelibus
947 672 1022 710 tuis
1053 680 1228 722 pastores
1264 670 1512 717 constituisti,

124 743 292 779 quorum
313 728 431 767 etiam
452 729 597 766 tutelae
617 727 768 765 animas
789 726 1034 773 commisisti,
1057 740 1157 775 quos
1187 726 1360 775 denique
1391 737 1517 763 sacro-

124 783 249 822 sancti
269 782 325 822 tui
347 782 549 832 Evangelii
570 781 863 831 dispensatores
893 794 979 819 esse
1008 780 1188 818 voluisti:
1220 788 1261 818 ut
1288 793 1356 818 eos
1378 786 1515 817 sancto

123 845 192 876 tuo
206 836 350 887 Spiritu
363 849 484 886 regas,
499 849 579 885 quo
595 835 708 885 probi
731 836 946 884 fidelesque
966 834 1110 884 gloriae
1127 841 1218 872 tuae
1233 833 1397 872 ministri
1412 846 1518 871 com-

122 891 330 942 periantur,
354 891 432 929 huc
453 889 628 929 studium
649 901 769 928 omne
790 890 1037 928 conferentes
1058 895 1304 938 conatusque
1321 901 1413 926 suos
1430 887 1518 926 diri-

122 952 269 996 gentes,
299 952 342 984 ut
370 958 510 984 omnes
540 943 705 982 miserae
734 956 827 982 oves
857 956 959 993 quae
988 943 1120 981 adhuc
1150 949 1242 981 sunt
1270 942 1517 981 errabundae

123 999 397 1060 recolligantur
425 1006 464 1037 et
487 999 538 1037 ad
560 999 693 1037 Iesum
716 998 918 1037 Christum
947 997 1167 1035 Dominum
1194 1003 1385 1043 nostrum,
1411 1008 1518 1045 prae-

123 1054 284 1104 cipuum
305 1055 508 1092 Pastorem
529 1059 568 1091 et
587 1052 864 1113 episcoporum
887 1051 1121 1100 Principem,
1144 1051 1392 1096 reducantur,
1416 1058 1457 1088 ut
1479 1049 1518 1087 in

124 1107 209 1147 dies
225 1107 350 1146 maius
363 1106 532 1146 iustitiae
544 1114 583 1145 et
596 1105 881 1144 sanctimoniae
895 1105 1180 1144 incrementum
1197 1104 1236 1142 in
1249 1118 1297 1143 eo
1308 1103 1515 1163 accipiant

126 1164 282 1201 Interea
319 1169 453 1200 autem
492 1174 631 1198 01111165
669 1168 756 1198 tuas
797 1159 995 1198 Ecclesias
1038 1172 1060 1197 e
1102 1158 1281 1197 faucibus
1316 1158 1515 1208 rapacium

124 1217 306 1266 luporum
328 1215 475 1265 eripere
496 1222 534 1253 et
562 1214 613 1252 ab
643 1214 829 1252 omnibus
860 1212 1110 1252 mercenariis
1139 1213 1303 1251 liberare
1333 1212 1516 1262 digneris,

123 1270 191 1320 qui
210 1269 356 1320 gloriae
374 1276 528 1308 tantum
549 1275 616 1307 aut
635 1268 730 1306 lucri
751 1267 967 1317 cupiditate
981 1268 1190 1313 ducuntur,
1209 1268 1258 1305 de
1273 1266 1327 1305 tui
1344 1266 1517 1304 nominis

123 1323 381 1362 illustratione
401 1323 538 1373 tuique
557 1322 682 1372 gregis
703 1323 828 1360 salute
848 1321 944 1359 nihil
966 1322 1080 1371 plane
1101 1320 1267 1359 solliciti.

179 1379 346 1428 Insuper
366 1377 436 1415 tibi
456 1390 591 1427 preces
612 1383 765 1414 nostras
785 1377 997 1423 offerimus,
1022 1376 1132 1413 Deus
1153 1374 1459 1414 clementissime
1481 1382 1517 1412 et

125 1433 240 1470 Pater
261 1444 415 1470 summe
431 1430 662 1478 misericors,
681 1443 751 1480 pro
771 1430 957 1468 omnibus
975 1429 1013 1467 in
1030 1429 1256 1467 universum
1274 1428 1515 1475 hominibus,

124 1493 178 1531 ut,
200 1486 540 1536 quemadmodum
562 1484 681 1523 totius
703 1483 866 1522 humani
886 1483 1039 1534 generis
1068 1483 1231 1533 agnosci
1257 1483 1315 1521 vis
1336 1484 1517 1521 Servator

125 1553 193 1590 per
213 1540 527 1589 redemptionem
552 1553 575 1577 a
605 1540 697 1576 Iesu
725 1538 884 1578 Christo
914 1537 1015 1576 Filio
1044 1544 1114 1575 tuo
1142 1537 1379 1587 praestitam,
1410 1537 1462 1574 ita
1493 1536 1518 1573 ii

125 1594 192 1644 qui
212 1594 343 1632 adhuc
363 1593 413 1631 ab
435 1592 535 1631 illius
553 1592 691 1631 notitia
708 1600 798 1630 sunt
813 1592 928 1630 alieni
946 1591 1199 1640 tenebrisque
1215 1590 1387 1629 immersi
1408 1597 1446 1628 et
1466 1590 1517 1628 ab

126 1648 319 1686 erroribus
349 1660 395 1686 ac
425 1646 644 1697 ignorantia
673 1654 857 1684 tenentur
876 1645 1031 1695 captivi,
1053 1647 1264 1695 affulgente
1286 1644 1358 1682 illis
1380 1652 1518 1682 sancto

125 1709 194 1740 tuo
229 1701 372 1752 Spiritu
404 1708 553 1750 tuoque
586 1700 801 1749 Evangelio
832 1699 990 1738 auribus
1023 1699 1178 1737 illorum
1214 1699 1433 1745 insonante,
1465 1699 1517 1736 ad

126 1763 271 1794 rectam
294 1755 428 1794 salutis
449 1755 686 1793 reducantur
705 1754 807 1792 viam
830 1766 932 1803 quae
953 1753 992 1790 in
1013 1766 1061 1791 eo
1083 1752 1155 1791 sita
1175 1760 1244 1800 est,
1269 1759 1310 1790 ut
1331 1765 1517 1802 agnosca-

127 1823 213 1848 mus
234 1817 272 1847 te
293 1810 420 1847 solum
451 1821 585 1846 verum
619 1810 748 1846 Deum
778 1816 815 1846 et
845 1821 962 1856 quem
989 1806 1127 1845 misisti
1150 1807 1282 1845 Iesum
1301 1806 1515 1845 Christum.

110 1865 330 1914 *Rogamus
365 1870 403 1901 61
435 1870 477 1900 111
509 1861 533 1899 11
568 1875 668 1911 quos
700 1862 776 1899 iam
808 1861 953 1911 gratiae
984 1868 1074 1900 tuae
1102 1862 1233 1899 favore
1263 1860 1446 1910 dignatus
1477 1874 1517 1898 es

127 1930 376 1968 quorumque
424 1915 622 1954 mentibus
671 1928 738 1965 per
785 1915 1051 1965 cognitionem
1100 1915 1207 1953 verbi
1257 1914 1311 1952 tui
1360 1914 1518 1952 illuxisti

127 1971 305 2021 quotidie
336 1971 374 2008 in
405 1970 543 2008 melius
564 1970 769 2019 proficiant
790 1969 1055 2019 spiritualibus
1076 1968 1152 2007 tuis
1174 1968 1519 2007 benedictionibus

127 2025 250 2073 ditati,
290 2032 332 2063 ut
370 2025 486 2063 simul
525 2036 664 2062 omnes
704 2037 784 2062 uno
822 2031 860 2062 et
899 2024 1018 2062 corde
1057 2030 1095 2062 et
1126 2036 1192 2062 ore
1224 2030 1262 2061 te
1293 2023 1515 2068 adoremus,

127 2079 408 2128 Christumque
422 2086 545 2125 tuum,
563 2077 780 2116 Dominum
797 2085 986 2124 nostrum,
1004 2078 1154 2127 Regem
1171 2084 1209 2116 et
1223 2077 1517 2127 Legislatorem,

127 2134 278 2172 honore
298 2132 434 2172 debito
454 2144 739 2192 prosequamur
758 2145 804 2170 ac
825 2132 928 2170 iusto
949 2131 1143 2181 obsequio
1164 2132 1353 2169 colamus.

183 2189 388 2226 Praeterea
411 2186 540 2232 etiam,
570 2199 595 2223 0
628 2187 738 2224 Deus
770 2185 899 2224 omnis
933 2185 1216 2224 consolationis
1245 2191 1392 2230 auctor,
1414 2196 1519 2221 60111-

130 2242 364 2280 mendamus
386 2240 454 2278 tibi
478 2253 738 2289 quoscunque
763 2239 875 2278 variis
902 2239 1030 2278 modis
1056 2239 1220 2289 castigas
1249 2239 1429 2288 populos,
1452 2237 1518 2286 qui

129 2303 240 2355 peste
259 2296 320 2333 vel
336 2295 439 2333 fame
454 2295 515 2332 vel
528 2293 633 2332 bello
646 2293 777 2332 afflicti
795 2293 984 2339 laborant,
1003 2293 1177 2343 singulos
1199 2292 1315 2330 etiam
1338 2291 1520 2329 homines

129 2349 195 2398 qui
216 2350 278 2387 vel
297 2354 539 2408 paupertate
546 2349 607 2386 vel
627 2360 781 2386 carcere
801 2348 861 2386 vel
883 2347 1023 2385 morbo
1052 2346 1217 2385 exiliove
1245 2353 1312 2383 aut
1341 2345 1416 2383 alia
1443 2346 1521 2383 ulla

129 2402 302 2452 corporis
321 2403 402 2440 5116
421 2401 540 2439 animi
557 2415 745 2440 aerumna
757 2409 997 2461 premuntur,
1014 2409 1054 2438 ut
1069 2401 1281 2450 prudenter
1297 2407 1523 2449 reputantes

130 2457 248 2495 finem
279 2456 349 2494 tibi
379 2468 464 2494 esse
494 2455 738 2515 propositum
766 2468 833 2494 605
864 2455 940 2493 tuis
961 2454 1090 2493 ferulis
1113 2454 1150 2491 in
1172 2453 1273 2491 viam
1296 2453 1518 2500 revocandi,

131 2510 271 2549 imbuti
306 2511 381 2548 hoc
417 2510 567 2559 paterni
602 2509 655 2547 tui
691 2509 834 2547 amoris
867 2522 996 2554 sensu,
1029 2508 1182 2546 sincero
1216 2507 1345 2546 cordis
1377 2509 1520 2545 affectu
