1715 2780
114 115 195 152 199
276 102 395 141 THE
427 97 845 139 DISPUTATIONS
877 97 950 135 AT
981 86 1213 141 ZURICH,
1249 105 1346 144 1523
1433 106 1508 142 439

130 207 219 251 No.
252 218 353 261 199.
406 205 515 249 The
550 203 757 249 Council
787 201 943 246 sends
975 198 1252 254 preaehers
1283 198 1390 241 into
1421 196 1509 240 the

577 262 791 316 country
823 258 1064 303 districts.

170 355 287 392 From
319 366 343 390 a
370 352 501 389 letter
532 350 578 399 of
603 349 775 398 sz‘ngli
799 353 835 386 to
860 347 1039 398 soacln'm
1068 358 1140 382 von
1183 345 1297 389 flant,
1335 356 1375 380 11
1409 343 1513 380 Nov.

120 419 233 457 1523.
283 405 418 445 Gratia
438 413 475 443 et
496 418 570 455 pax
591 417 612 442 a
635 405 723 442 Deo
744 409 782 441 et
803 404 852 440 D.
869 402 917 439 N.
936 402 967 438 I.
983 401 1028 439 C.
1079 400 1172 437 Non
1194 405 1263 444 est,
1287 396 1514 435 doctissime

118 461 309 508 Vadiane‚
342 461 452 510 quod
482 458 553 498 tibi
583 471 689 496 nunc
718 457 859 507 gratias
889 453 1075 493 indefessi
1097 451 1240 492 laboris
1261 464 1387 501 nuper
1408 451 1514 500 apud

118 529 191 555 nos
212 514 337 554 habiti
352 514 365 537 ¹
386 527 500 564 agam
517 528 523 551 :
555 512 639 563 ipse
656 511 760 550 enim
776 510 865 558 scis,
878 510 985 548 unde
1002 521 1151 547 merces
1168 506 1240 545 tibi
1259 506 1432 556 petenda
1453 504 1513 551 sit,

116 570 168 609 ab
197 583 245 609 eo
274 568 459 607 nimirum
487 566 599 606 cuius
628 565 831 616 negotium
863 563 1029 602 fideliter
1061 562 1218 612 agebas.
1278 561 1393 609 Quae
1427 566 1516 610 post

118 631 254 664 secuta
291 630 393 671 sunt,
423 621 570 672 accipe.
630 619 773 670 Selegit
811 621 978 658 Senatus
1012 618 1062 655 de
1097 629 1169 654 suo
1203 614 1341 653 ordine
1377 626 1427 661 1v,
1465 614 1516 651 de

120 678 289 726 Civium,
327 685 369 716 ut
402 684 555 722 vocant,
589 676 728 714 ordine
762 685 812 720 lv,
839 680 882 711 ut
912 686 1002 710 cum
1035 670 1194 709 Abbate
1225 670 1274 708 de
1310 668 1512 718 Capella,²‚

122 731 352 783 Praeposito
373 729 660 776 I1nbriacensi‚³
681 725 1034 768 Commendatario
1056 739 1102 764 ex
1124 725 1344 769 Kusnaco‚“¹
1367 724 1416 760 D.
1441 723 1518 760 En-

120 787 298 838 gelhart‚⁵
320 786 483 833 Leone‚⁵
504 783 711 834 Zuinglio,5
727 783 953 821 consultent
970 793 1144 830 quonam
1166 785 1283 829 pacto
1304 777 1517 816 commode

121 841 244 892 possit
283 839 370 878 iniri
407 839 516 887 ratio,
556 846 599 877 ut
638 836 785 878 Christi
827 834 1031 886 negotium
1070 833 1232 872 feliciter
1273 838 1515 882 promoveat.

120 895 262 934 Visum
292 901 351 934 est
380 893 565 933 omnibus
595 890 772 930 unanimi
802 890 996 929 sententia
1025 888 1185 927 brevem
1222 888 1415 936 Isagogen
1449 898 1518 935 per

122 963 194 988 nos
225 948 342 988 scribi
371 961 449 998 qua
478 947 515 996 ii,
547 946 614 998 qui
644 947 835 984 hactenus
867 944 1068 984 Christum
1104 943 1164 980 vel
1196 940 1423 990 ignorarunt
1457 940 1517 977 vel

122 1003 286 1043 aversati
316 1010 408 1041 sunt
439 1002 626 1052 episcopi,
655 1002 733 1038 huc
762 998 898 1037 induci
928 998 1080 1048 possint
1110 1004 1152 1034 ut
1183 994 1384 1035 Christum
1413 1007 1517 1044 prac-

121 1058 252 1097 dicare
273 1058 485 1096 ordiantur.
544 1057 682 1105 anue
714 1066 757 1092 13<
784 1053 848 1092 die
873 1054 975 1091 Nov.
997 1064 1130 1089 coram
1152 1051 1298 1088 Senatu
1320 1050 1421 1086 lecta
1442 1049 1519 1097 pla-

122 1112 228 1160 cuit3
255 1124 361 1150 nunc
382 1110 474 1149 cudi
495 1109 643 1160 incipit.
694 1109 887 1147 Additum
910 1114 968 1145 est
988 1112 1030 1143 ut
1047 1104 1184 1143 Abbas
1206 1103 1393 1153 Capellae
1415 1110 1520 1140 trans

124 1168 245 1218 Alpes
266 1179 334 1216 per
354 1165 544 1204 ditionem
560 1163 666 1202 urbis
681 1162 883 1202 Christum
905 1160 1114 1211 praedicet,
1130 1157 1373 1206 ubicumque
1393 1156 1517 1194 visum

123 1221 194 1260 erit
203 1236 213 1270 3
256 1217 628 1260 Commendatarius
656 1215 846 1263 Kusnaci.
877 1215 1025 1253 circum
1057 1215 1186 1251 lacum
1215 1220 1253 1250 et
1277 1210 1519 1261 provinciam

124 1274 465 1324 Grueningensem
480 1273 492 1292 ὃ
509 1287 518 1321 3
548 1285 621 1310 nos
642 1271 682 1309 in
703 1271 758 1310 eis
785 1269 996 1320 provinciis
1026 1280 1127 1318 quae
1146 1267 1198 1306 ad
1219 1267 1497 1315 Scaphusanos
1511 1266 1523 1285 ⁷

129 1329 407 1380 Durgoiosque
436 1328 643 1378 spectant,⁸
671 1339 721 1364 ne
751 1324 899 1363 scilicet
918 1323 1151 1372 cuiusquam
1172 1318 1409 1370 negligentia
1429 1331 1523 1357 oves

128 1383 275 1424 Christi
305 1382 427 1421 verbo
460 1381 595 1420 salutis
625 1380 865 1418 fraudentur.
939 1376 1052 1416 Brevi
1084 1382 1183 1426 post,
1225 1374 1321 1424 quid
1351 1374 1402 1412 de
1432 1373 1524 1411 ima-

126 1437 283 1488 ginibus
317 1437 572 1475 statuendum
605 1435 664 1482 sit,
696 1433 898 1479 definient,
929 1432 997 1470 ubi
1026 1430 1175 1469 scilicet
1194 1430 1332 1479 vulgus
1359 1428 1523 1466 doctum

129 1492 222 1531 erit:
261 1504 388 1541 aeque
417 1491 467 1529 de
498 1489 632 1528 Missa.
693 1490 851 1527 Interea
885 1486 1119 1536 imperatum
1154 1490 1345 1522 consueta
1374 1481 1436 1520 via
1470 1481 1524 1518 in-

129 1547 280 1594 cedere,
304 1544 377 1584 nisi
397 1545 506 1595 quod
527 1543 670 1594 cuique
690 1542 858 1593 privatas
880 1539 1069 1591 imagines
1090 1539 1251 1585 auferre,
1274 1538 1369 1575 citra
1390 1543 1522 1574 tamen

128 1599 477 1650 importunitatem,
509 1597 744 1649 permissum
775 1603 847 1635 est.
905 1594 1009 1634 Cum
1044 1592 1207 1643 captivis
1246 1604 1403 1629 summo
1443 1589 1525 1628 iure

128 1662 260 1693 actum
282 1662 352 1702 est,
373 1654 482 1703 quod
502 1652 598 1702 quid
620 1651 668 1690 sit
688 1651 771 1701 ipse
790 1649 905 1688 nosti.
951 1650 1139 1686 Attamen
1161 1652 1312 1696 praeter
1331 1643 1523 1682 rationem

130 1709 185 1747 sic
214 1716 346 1747 actum
382 1720 463 1745 non
494 1714 575 1745 est:
615 1719 695 1744 non
725 1704 830 1743 enim
874 1710 912 1741 te
953 1701 1049 1751 fugit
1089 1713 1283 1750 quosnam
1314 1697 1522 1736 hominum

129 1762 251 1801 vereri
282 1763 356 1800 hac
386 1767 620 1811 tempestate
654 1772 747 1797 usus
778 1758 836 1804 sit,
873 1770 953 1794 non
994 1764 1073 1794 tam
1106 1755 1158 1793 ob
1193 1767 1286 1800 rem,
1320 1765 1438 1802 quam
1471 1751 1524 1789 ob

132 1816 277 1856 Christi
314 1814 488 1866 gloriam.
565 1815 664 1852 Sunt
702 1812 807 1851 enim
847 1811 914 1861 qui
950 1809 1197 1859 evangelium
1236 1806 1383 1847 Christi
1421 1819 1525 1844 aver-

130 1878 274 1917 santur,
297 1870 337 1908 ni
357 1869 553 1920 paulisper
573 1869 623 1907 ad
645 1866 910 1905 infirmitatem
932 1877 1067 1904 eorum
1089 1863 1319 1901 descendas.
1367 1862 1524 1898 Horum

132 1938 251 1965 causa
279 1923 460 1963 existimo
491 1924 608 1973 paulo
641 1919 897 1966 constantius,
932 1933 982 1958 ne
1004 1917 1132 1957 dicam
1156 1916 1291 1955 durius
1312 1928 1403 1953 cum
1427 1916 1525 1952 Lau-

132 1979 258 2018 rentio
280 1977 575 2017 Hochriitiner⁰
595 1984 726 2015 actum
745 1988 840 2022 esse,
859 1973 941 2012 viro
962 1974 1093 2011 hercle
1115 1971 1232 2018 bono,
1252 1971 1321 2009 sed
1343 1968 1435 2019 quia
1458 1982 1525 2006 ore

131 2035 321 2072 hactenus
340 2031 520 2071 liberiore
540 2030 623 2078 fuit,
645 2031 766 2069 ardue
785 2028 902 2067 nimis
923 2027 1073 2078 punito.
1097 2058 1103 2064 .
1129 2057 1135 2064 .
1159 2057 1165 2064 .

176 2102 184 2119 ¹
210 2104 257 2134 As
274 2113 335 2134 one
352 2102 389 2133 of
401 2102 455 2133 the
472 2101 652 2142 presidents
668 2100 700 2130 in
718 2099 772 2130 the
789 2097 915 2129 Second
931 2096 1154 2138 Disputation.

178 2147 190 2166 ²¹
215 2146 395 2187 Wolsgang
411 2145 519 2186 Joner,
540 2145 653 2175 Abbot
669 2143 705 2173 of
719 2142 856 2183 Cappel,
879 2144 1062 2182 1519-†31.

176 2190 188 2210 ³
214 2189 373 2221 Heinrich
394 2188 595 2227 Brennwald,
613 2188 750 2218 Provost
768 2186 805 2217 of
817 2185 991 2216 Embrnch.

177 2235 187 2251 ⁴
211 2234 345 2266 Conrad
369 2232 514 2271 Sehmid,
541 2230 761 2263 Commander
782 2229 820 2260 of
839 2229 893 2260 the
915 2227 1075 2260 Teutonie
1103 2225 1246 2267 Knights
1270 2223 1333 2255 and
1358 2223 1473 2254 Pastor
1495 2225 1528 2252 at

134 2277 331 2316 Kiissnacht‚
350 2279 471 2318 †1531.

177 2322 188 2339 ⁵
211 2321 282 2352 The
297 2320 386 2351 three
403 2320 469 2360 city
483 2322 610 2361 pastors
626 2323 658 2349 at
676 2316 802 2348 Ziirich.

181 2365 194 2384 ὓ
219 2365 436 2404 Grueningen.
658 2361 671 2381 ⁷
694 2359 940 2392 Schafshausen.
1163 2355 1175 2372 ⁸
1199 2355 1367 2394 Thurgau.

180 2408 192 2425 ⁹
215 2407 287 2439 One
311 2407 348 2437 of
369 2407 422 2437 the
445 2405 642 2437 iconoclasts
665 2405 739 2435 who
757 2403 908 2435 smashed
926 2402 979 2434 the
996 2405 1086 2441 great
1103 2398 1235 2430 crucifix
1252 2404 1283 2428 at
1307 2395 1530 2431 Stadelhosen,

140 2461 159 2480 a
176 2451 295 2481 suburb
319 2449 355 2480 of
377 2449 504 2481 Ziirich.
553 2449 606 2480 He
621 2459 687 2479 was
704 2447 860 2478 banished
877 2457 897 2486 4
912 2447 996 2476 Nov.
1019 2454 1098 2483 1532
1120 2444 1175 2483 (cf.
1194 2442 1278 2482 Egli,
1299 2440 1530 2472 Aklcnsamm-

139 2494 233 2534 lung,
251 2494 313 2524 No.
334 2493 423 2533 442),
441 2492 505 2524 and
523 2492 709 2523 afterwards
723 2491 832 2532 joined
850 2489 904 2520 the
922 2487 1142 2528 Anabaptists.
