1715 2780
368 379 583 433 PART
628 380 666 432 Ι.
753 375 1226 432 LUTHERAN

788 527 806 564 I

154 638 497 678 DEFINITION
527 638 598 678 OF
628 637 749 675 THE
779 635 1083 674 TREASURY
1115 634 1186 673 OF
1217 633 1432 671 MERITS

148 739 190 772 In
213 736 302 782 [No.
324 736 358 783 1]
375 737 445 773 the
467 737 558 772 Bull
576 736 826 780 Unigenitus
846 736 1025 778 (Extrav.
1048 734 1239 769 Commtm.
1262 732 1342 767 Lib.
1359 733 1405 767 V.
1423 731 1497 766 Tit.

100 785 144 820 ix,
172 795 203 820 c.
224 793 256 820 2.
309 785 453 830 Corpus
478 784 584 818 luris
611 784 801 826 Canom'ci,
831 782 864 816 ii.
893 791 984 826 1304
1011 781 1067 817 ed.
1096 781 1310 824 Friedberg,
1339 779 1497 824 Lipsiae,

103 832 208 876 1881)
239 831 280 866 of
301 841 345 876 27
372 833 536 877 January
566 840 654 875 1343
680 831 849 865 Clement
874 830 926 864 VI
953 828 1100 864 defined
1130 829 1193 862 the
1219 838 1347 862 source
1374 826 1416 861 of
1438 826 1498 860 In-

99 879 298 932 dulgences
324 886 363 913 to
388 879 433 914 be
459 879 521 913 the
544 885 706 913 treasure
734 877 776 930 of
800 877 862 911 the
893 876 1054 918 Church‚
1086 876 1172 910 thus
1199 872 1497 916 authoritatively

100 937 324 1008 ἓξξιὲἒῖἒῐῗέη
338 927 418 1007 ‘fhgf
435 923 1165 1014 tgiorTyhgriiaswlli]ChSzttiiiiliiaEagujlfffn
1184 921 1345 1003 υῂᾶὶῗὶὲἓν
1355 920 1497 1002 bgrttlie

104 1021 136 1054 It
154 1031 228 1055 was
246 1020 319 1073 tbis
337 999 529 1055 definition
547 1020 627 1054 that
648 983 803 1064 Cajetiin
818 1017 977 1052 accused
998 994 1138 1051 {uther-
1154 980 1194 1050 gf
1208 993 1497 1068 ‘contr-avienirig}

100 1067 146 1102 cf.
169 1067 302 1102 Thesis
335 1068 377 1112 58
407 1067 497 1112 (No.
532 1076 568 1101 11
602 1066 722 1112 infin)
755 1066 827 1100 and
855 1066 917 1100 the
947 1071 1105 1099 account
1130 1064 1169 1097 of
1195 1064 1290 1097 then·
1312 1069 1499 1096 interview

99 1115 110 1157 (
117 1115 186 1150 No.
208 1115 250 1149 16
269 1113 400 1159 infra).

166 1211 255 1254 No.
286 1223 317 1253 1.
379 1210 488 1253 The
520 1210 631 1252 Bull
660 1209 964 1263 Unigenitus
996 1207 1052 1250 of
1079 1206 1315 1251 Clement
1347 1206 1430 1251 VI.

155 1290 394 1341 Unigenitus
418 1290 492 1329 Dei
515 1289 635 1328 Filius
660 1291 709 1328 de
731 1290 818 1328 sinu
841 1288 964 1326 Patris
990 1288 1029 1325 in
1050 1295 1204 1326 uterum
1232 1287 1415 1336 dignatus
1443 1294 1499 1324 est

102 1346 344 1384 descendere
383 1344 526 1392 matris,
567 1344 606 1382 in
652 1357 730 1393 qua
768 1351 806 1382 et
845 1356 891 1381 ex
930 1355 1007 1391 qua
1052 1349 1208 1380 nostrae
1254 1339 1500 1379 mortalitatis

101 1399 362 1438 substantiam
395 1398 589 1437 divinitati
629 1411 732 1444 suae,
774 1399 812 1434 in
853 1395 1081 1446 Suppositi¹
1117 1395 1277 1441 unitate,
1311 1393 1497 1432 ineffabili

102 1453 249 1492 unione
277 1452 491 1500 coniunxit,
523 1452 574 1499 id,
604 1453 713 1502 quod
738 1451 808 1489 fuit
838 1463 1074 1501 permanens
1101 1458 1138 1488 et
1163 1449 1271 1499 quod
1298 1461 1378 1487 non
1406 1456 1497 1493 erat,

102 1520 317 1554 assumens,
341 1514 383 1546 ut
402 1507 576 1553 haberet,
599 1507 706 1545 unde
727 1505 928 1543 hominem
952 1506 1105 1554 lapsum
1127 1503 1348 1549 redimeret,
1371 1510 1408 1540 et
1430 1515 1499 1551 pro

103 1574 150 1599 eo
170 1562 408 1600 satisfaceret
430 1562 519 1599 Deo
540 1560 654 1598 Patri.
715 1559 797 1599 Ubi
818 1558 923 1597 enim
944 1559 1049 1597 venit
1070 1557 1278 1608 plenitudo
1299 1555 1497 1606 temporis,

103 1615 207 1654 misit
236 1617 345 1654 Deus
372 1614 515 1653 Filium
540 1628 666 1660 suum,
700 1615 846 1651 factum
875 1613 948 1651 sub
976 1614 1072 1662 lege,
1095 1619 1233 1650 natum
1253 1624 1300 1650 ex
1324 1611 1497 1656 muliere,

102 1677 144 1707 ut
165 1682 244 1716 eos,
267 1669 333 1719 qui
355 1669 428 1707 sub
448 1670 532 1718 lege
558 1676 677 1714 erant,
701 1667 920 1713 redimeret,
943 1674 985 1704 ut
1004 1665 1262 1716 adoptionem
1284 1665 1499 1713 reciperent

104 1722 284 1763 filiorum.
344 1724 435 1773 Ipse
455 1736 628 1772 namque
649 1724 773 1759 factus
801 1720 916 1759 nobis
943 1734 965 1758 a
994 1721 1084 1758 Deo
1109 1718 1310 1769 sapientia,
1342 1717 1497 1763 iustitia,

102 1776 360 1815 sanctificatio
390 1785 428 1815 et
457 1777 690 1826 redemptio,
720 1789 802 1812 non
836 1788 904 1824 per
937 1773 1168 1823 sanguinem
1202 1772 1399 1810 hircorum
1434 1780 1500 1809 aut

103 1830 324 1878 vitulorum,
365 1832 434 1868 sed
474 1843 542 1879 per
579 1829 778 1879 proprium
818 1827 1048 1878 sanguinem
1090 1826 1261 1865 introivit
1299 1826 1421 1864 semel
1460 1824 1499 1862 in

103 1882 248 1931 sancta,
265 1892 424 1923 aeterna
440 1883 711 1933 redemptione
728 1883 897 1921 inventa.
949 1883 1041 1919 Non
1059 1881 1163 1919 enim
1182 1878 1501 1929 corruptibilibus

102 1951 198 1976 auro
218 1945 256 1977 et
274 1945 448 1988 argento,
467 1939 536 1976 sed
557 1939 614 1976 sui
632 1936 751 1987 ipsius
772 1936 862 1986 agni
881 1934 1181 1974 incontaminati
1202 1943 1239 1973 et
1260 1932 1501 1971 immaculati

103 1991 274 2041 pretioso
308 1991 497 2042 sanguine
527 2004 599 2029 nos
629 1990 806 2037 redemit,
838 2003 957 2040 quem
987 1991 1026 2027 in
1060 2002 1126 2027 ara
1154 1988 1279 2026 crucis
1310 1987 1500 2025 innocens

104 2045 329 2090 immolatus
348 2059 429 2084 non
449 2053 599 2095 guttam
620 2044 819 2094 sanguinis
841 2045 1050 2090 modicam,
1069 2055 1170 2093 quae
1191 2050 1324 2081 tamen
1344 2048 1501 2091 propter

105 2099 293 2138 unionem
319 2101 371 2143 ad
397 2099 575 2138 Verbum
605 2112 675 2148 pro
704 2099 977 2148 redemptione
1006 2097 1126 2136 totius
1156 2095 1320 2134 humani
1347 2094 1500 2144 generis

104 2152 330 2200 suffecisset,
364 2155 434 2192 sed
472 2152 632 2203 copiose
666 2154 771 2191 velut
809 2152 1013 2202 quoddam
1052 2149 1287 2201 profluvium
1327 2147 1501 2187 noscitur

104 2206 289 2246 effudisse
309 2207 372 2254 ita,
395 2215 437 2245 ut
456 2220 479 2245 a
505 2208 639 2256 planta
665 2205 776 2256 pedis
800 2219 924 2255 usque
948 2206 999 2244 ad
1020 2205 1204 2243 verticem
1232 2202 1370 2253 capitis
1394 2203 1500 2240 nulla

105 2260 249 2299 sanitas
283 2260 521 2300 inveniretur
554 2260 594 2298 in
629 2261 724 2310 ipso.
796 2261 1002 2309 Quantum
1037 2271 1128 2309 ergo
1161 2257 1314 2304 exinde,
1351 2263 1393 2294 ut
1426 2268 1500 2293 nec

105 2327 345 2364 supervacua
364 2314 490 2353 inanis
516 2322 584 2352 aut
604 2315 800 2364 superflua
819 2321 950 2351 tantae
974 2311 1175 2351 effusionis
1199 2309 1398 2350 miseratio
1419 2309 1501 2347 red-

104 2369 271 2416 deretur,
289 2369 515 2406 thesaurum
532 2367 712 2406 militanti
729 2367 919 2406 ecclesiae
933 2366 1150 2416 acquisivit,
1168 2366 1304 2403 volens
1325 2363 1403 2401 suis
1421 2363 1501 2400 the-

105 2421 294 2461 saurizare
310 2421 397 2460 filiis
413 2421 500 2471 pius
516 2424 642 2469 Pater,
657 2429 698 2459 ut
715 2421 769 2460 sic
786 2421 833 2459 sit
847 2420 1022 2458 infinitus
1038 2421 1242 2458 thesaurus
1258 2416 1498 2462 hominibus,

147 2515 150 2518 ·
192 2496 204 2515 ¹
235 2496 460 2528 =“1'rr6<5·mms
474 2496 523 2529 vel
541 2498 692 2529 Persona.
741 2497 793 2528 Cf.
812 2497 972 2535 Peninus,
989 2496 1026 2526 de
1048 2495 1224 2531 Trinitate,
1242 2491 1301 2524 IV.
1320 2491 1363 2522 iii.
1384 2501 1410 2522 2.

164 2568 231 2600 944
794 2563 814 2587 Β
