1715 2780
141 112 192 149 82
532 107 966 152 REFORMATION,
1007 117 1154 155 {5245
1470 117 1542 154 173

141 214 413 266 quaestionem
435 214 484 251 de
505 211 650 251 iustitia
665 224 710 250 ac
728 209 994 249 misericordia
1010 208 1115 248 Dei?
1163 210 1228 246 An
1250 208 1428 247 dicemus
1450 222 1541 247 cum

141 269 276 329 Paulo3
321 269 357 307 O
393 268 568 314 altitudo,
609 268 710 305 &c.?
780 264 842 304 Sic
879 263 1046 303 arbitror
1085 262 1224 301 melius
1263 275 1382 313 quam
1422 263 1541 313 impia

140 322 358 363 temeritate
387 321 560 361 iudicare
588 321 639 360 de
670 319 746 359 Dei
774 318 959 366 consiliis,
988 330 1090 368 quae
1119 325 1210 356 sunt
1230 317 1383 355 homini
1403 317 1541 368 imper-

139 376 391 427 vestigabilia.
450 377 598 415 Verum
627 376 744 425 longe
773 373 969 413 difficilius
999 374 1048 411 sit
1076 371 1269 422 explicare
1289 385 1409 422 quare
1432 373 1541 411 Deus

141 432 181 471 in
210 431 293 471 aliis
328 430 540 469 immortali
569 430 691 489 gloria
720 435 883 467 coronet
918 441 988 466 sua
1018 427 1237 474 benefacta,
1271 425 1309 464 in
1348 425 1433 465 aliis
1472 439 1542 465 sua

141 487 347 525 malefacta
371 483 509 536 puniat
543 483 711 523 aeternis
738 481 953 533 suppliciis.
1024 483 1118 519 Hoc
1148 488 1283 519 tamen
1312 482 1540 531 paradoxon

141 548 183 580 ut
211 547 404 586 tueantur,
436 538 569 577 multis
597 537 847 577 auxiliaribus
877 535 1085 587 paradoxis
1114 543 1172 574 est
1203 548 1314 595 opus,
1346 547 1427 585 quo
1458 542 1541 573 tuta

141 594 189 634 sit
209 593 313 633 acies
341 594 528 633 adversus
552 594 713 631 alteram
742 599 905 642 partem.
965 592 1210 640 Exaggerant
1237 589 1277 627 in
1301 589 1540 628 immensum

142 656 348 700 peccatum
378 647 576 698 originale,
608 660 688 697 quo
718 646 773 685 sic
802 647 939 684 volunt
968 652 1169 695 corruptas
1190 657 1276 682 esse
1296 643 1543 704 praestantis-

141 703 258 743 simas
278 702 396 742 etiam
418 704 615 741 humanae
637 708 797 739 naturae
818 700 928 747 vires,
952 707 993 738 ut
1014 712 1060 738 ex
1081 711 1166 737 sese
1193 698 1290 736 nihil
1316 697 1440 748 possit
1468 697 1542 736 nisi

140 759 317 809 ignorare
351 764 389 796 et
423 756 555 796 odisse
594 758 758 794 Deum:
801 768 847 793 ac
881 767 931 792 ne
960 767 1029 804 per
1058 753 1151 792 fidei
1185 753 1347 812 quidem
1376 752 1540 803 gratiam

139 812 369 851 iustificatus
396 812 521 850 ullum
547 823 647 861 opus
668 809 790 860 possit
811 809 974 855 efficere,
997 808 1106 858 quod
1133 820 1214 846 non
1235 806 1283 845 sit
1304 814 1539 857 peccatum:

139 874 258 917 atque
291 866 397 904 illam
426 865 553 916 ipsam
582 863 869 915 proclivitatem
898 864 949 901 ad
980 862 1242 913 peccandum,
1278 862 1317 899 in
1348 861 1463 900 nobis
1494 875 1540 900 ex

139 927 303 971 peccato
331 920 547 971 primorum
577 926 784 969 parentum
814 917 1001 964 relictam,
1032 916 1170 955 volunt
1204 928 1290 954 esse
1319 922 1539 965 peccatum,

139 983 177 1014 et
211 976 380 1015 eandem
419 973 689 1012 invincibilem
723 986 820 1019 esse,
851 972 953 1010 adeo
985 978 1026 1009 ut
1058 971 1211 1009 nullum
1246 969 1294 1008 sit
1328 969 1404 1008 Dei
1434 982 1541 1020 prae-

138 1037 308 1080 ceptum,
324 1030 434 1079 quod
454 1029 576 1066 homo
597 1027 714 1066 etiarn
736 1040 804 1077 per
825 1027 946 1065 fidem
967 1025 1199 1063 iustificatus
1219 1023 1344 1074 possit
1364 1023 1537 1074 implere,

138 1085 209 1123 sed
235 1091 293 1122 tot
320 1082 396 1121 Dei
426 1088 634 1133 praecepta
655 1095 736 1119 non
763 1080 840 1118 alio
862 1086 1038 1130 spectare
1069 1092 1188 1129 quam
1216 1085 1258 1117 ut
1278 1078 1541 1128 amplificetur

140 1138 215 1176 Dei
235 1136 356 1197 gratia
376 1138 541 1175 salutem
557 1135 723 1185 largiens
739 1134 891 1184 absque
910 1140 1090 1184 respectu
1106 1132 1347 1171 meritorum.
1389 1134 1537 1171 Verum

138 1191 292 1230 interim
322 1190 383 1230 isti
413 1190 510 1229 mihi
535 1189 718 1229 videntur
740 1188 834 1227 alibi
854 1188 1086 1227 contrahere
1114 1186 1190 1225 Dei
1217 1186 1536 1234 misericordiam,

138 1253 179 1285 ut
199 1245 293 1285 alibi
314 1244 489 1292 dilatent,
512 1243 676 1295 perinde
695 1256 741 1282 ac
757 1242 787 1281 si
809 1242 897 1293 quis
916 1249 1091 1292 apponat
1111 1240 1286 1279 convivis
1306 1253 1536 1291 perparcum

138 1300 345 1350 prandium
367 1313 448 1350 quo
475 1297 719 1358 splendidior
738 1296 945 1336 videatur
937 1310 977 1334 111
998 1309 1147 1343 coena,
1176 1303 1214 1334 et
1238 1296 1540 1354 quodammodo

138 1354 306 1405 pictores
340 1354 512 1392 imitetur
545 1352 613 1403 qui
647 1365 737 1390 611111
776 1353 906 1390 11166111
945 1350 1101 1389 1116111111
1136 1350 1273 1388 volunt
1304 1363 1344 1387 111
1376 1348 1538 1399 pictura,

138 1408 351 1447 obscurant
385 1407 534 1447 umbris
568 1419 670 1457 quae
700 1405 879 1457 proxima
909 1412 1011 1443 sunt.
1071 1403 1247 1442 Primum
1278 1405 1383 1442 enim
1414 1416 1540 1463 paene

138 1463 338 1502 crudelem
368 1462 516 1501 faciunt
547 1463 690 1507 Deum,
715 1459 783 1511 qui
811 1460 863 1499 ob
892 1466 1101 1519 peccatum
1122 1457 1294 1497 alienum
1317 1457 1372 1496 sic
1393 1457 1538 1497 saeviat

139 1516 179 1556 in
198 1516 423 1555 universum
444 1515 651 1555 hominum
668 1528 804 1565 genus,
818 1513 1047 1564 praesertim
1068 1526 1158 1551 cum
1176 1512 1243 1562 qui
1259 1511 1539 1551 commiserant

139 1570 369 1622 resipuerint
392 1584 438 1609 ac
465 1578 545 1608 tam
565 1582 701 1621 graves
721 1568 903 1608 dederint
930 1580 1079 1618 poenas
1104 1580 1224 1617 quam
1254 1566 1322 1605 diu
1348 1565 1536 1605 vixerunt.

139 1624 297 1665 Deinde
326 1638 416 1664 cum
445 1624 555 1663 aiunt
584 1623 701 1663 etiarn
733 1623 830 1671 illos,
862 1622 928 1672 qui
959 1635 1027 1672 per
1055 1622 1175 1660 fidem
1207 1620 1406 1659 iustificati
1435 1628 1538 1667 sunt,

138 1678 234 1717 nihil
261 1678 369 1718 aliud
399 1692 518 1729 quarn
547 1691 723 1729 peccare,
752 1678 854 1716 36160
883 1684 926 1715 111
954 1677 1127 1714 amando
1156 1676 1289 1713 Deum
1317 1682 1354 1713 et
1376 1675 1540 1713 fidendo

140 1735 229 1772 Deo
256 1734 469 1772 reddamur
498 1732 607 1793 digni
627 1733 721 1771 odio
744 1731 831 1778 Dei,
853 1744 988 1769 nonne
1015 1731 1270 1768 vehementer
1300 1728 1364 1767 hic
1389 1728 1538 1767 faciunt

138 1800 294 1837 parcam
318 1787 393 1826 Dei
413 1786 587 1838 gratiam,
610 1800 712 1836 quae
732 1785 787 1824 516
812 1784 996 1823 iustificat
1022 1783 1226 1822 hominem
1254 1796 1322 1832 per
1343 1783 1474 1830 fidem,
1498 1791 1540 1821 ut

138 1848 271 1880 tamen
291 1842 422 1880 adhuc
442 1841 539 1879 nihil
559 1840 665 1879 aliud
686 1839 735 1878 sit
754 1852 874 1889 quam
890 1840 1019 1888 ipsum
1041 1838 1279 1888 peccatum?
1336 1839 1541 1875 Praeterea

139 1897 234 1934 dum
263 1897 373 1934 Deus
399 1902 457 1934 tot
478 1895 696 1945 praeceptis
723 1900 860 1932 onerat
881 1893 1095 1938 hominem,
1118 1905 1220 1942 quae
1239 1892 1290 1930 ad
1312 1891 1409 1929 nihil
1432 1891 1539 1930 aliud

139 1951 268 1989 valent
285 1963 401 2000 quam
426 1957 467 1988 ut
488 1948 610 1999 magis
627 1947 754 1987 oderit
769 1949 899 1986 Deum
916 1946 1150 1997 graviusque
1166 1947 1387 1993 damnetur,
1405 1958 1539 1984 nonne

139 2003 286 2042 faciunt
306 2017 397 2042 eum
419 2003 505 2054 ipso
527 2001 721 2052 Dionysio
742 2001 896 2040 Siciliae
916 2009 1082 2051 tyranno
1103 1999 1453 2046 inclementiorem,
1472 1999 1539 2049 qui

140 2058 281 2097 multas
310 2059 415 2108 leges
450 2057 581 2096 studio
610 2055 795 2107 prodidit,
828 2069 925 2106 quas
955 2054 1228 2105 suspicabatur
1254 2055 1474 2103 plerosque,
1507 2053 1538 2091 si

140 2113 269 2150 nullus
303 2111 473 2159 instaret,
511 2124 592 2149 non
626 2118 855 2155 servaturos,
888 2123 934 2147 ac
964 2109 1134 2159 primum
1165 2107 1414 2154 conniv,ebat
1446 2121 1538 2145 mox

140 2165 207 2204 ubi
223 2165 319 2205 vidit
333 2179 472 2204 omnes
485 2166 776 2216 propemodum
791 2163 936 2202 alicubi
953 2176 1149 2213 peccasse,
1165 2161 1296 2212 coepit
1313 2175 1380 2200 eos
1395 2174 1536 2200 vocare

140 2220 190 2258 ad
223 2232 406 2269 poenam.
467 2221 528 2257 Ita
566 2218 738 2258 reddidit
772 2217 845 2256 sibi
879 2230 1018 2256 omnes
1054 2216 1259 2255 obnoxios.
1322 2217 1371 2254 Et
1404 2223 1536 2253 tamen

141 2272 254 2312 huius
284 2275 388 2324 leges
417 2281 527 2312 erant
555 2271 797 2319 huiusmodi,
819 2279 862 2310 ut
890 2271 1003 2310 facile
1032 2278 1193 2321 possent
1222 2269 1375 2317 servari,
1398 2269 1429 2308 si
1450 2269 1537 2319 quis

140 2327 336 2366 voluisset.
393 2329 487 2365 Non
508 2340 614 2365 nunc
635 2326 790 2365 excutio
811 2338 948 2364 causas
975 2325 1120 2384 quibus
1140 2325 1286 2363 docent
1305 2323 1439 2362 omnia
1463 2323 1537 2360 Dei

142 2389 348 2431 praecepta
377 2381 492 2420 nobis
522 2394 607 2420 esse
635 2379 922 2440 1η1ρο55101113;
951 2392 1024 2418 1166
1054 2378 1158 2417 enim
1187 2379 1263 2416 hoc
1284 2377 1536 2416 instituimus

143 2434 315 2473 Tantum
345 2435 473 2474 obiter
500 2436 710 2474 ostendere
738 2434 855 2480 volui,
878 2433 974 2472 istos
1004 2432 1127 2471 nimio
1157 2431 1288 2471 studio
1312 2431 1536 2470 dilatandae

146 2490 287 2538 gratiae
308 2489 347 2528 in
368 2489 518 2528 ratione
540 2489 684 2535 salutis,
708 2489 877 2527 eandem
906 2488 944 2525 in
972 2487 1055 2526 aliis
1077 2487 1286 2525 obscurare
1304 2501 1309 2523 :
1341 2485 1535 2533 quaedam
