1715 2780
140 81 217 130 189
300 79 419 118 THE
451 75 870 117 DISPUTATIONS
900 75 975 112 AT
1005 63 1240 118 ZURICH,
1276 83 1374 121 1523
1460 83 1533 117 421

141 185 200 234 sit,
222 198 296 224 nec
322 190 470 235 quanta
498 181 605 233 longi
636 181 823 231 temporis
853 177 1143 218 consuetudine
1170 178 1246 215 hoc
1273 175 1419 214 illudve
1448 187 1539 212 con-

141 241 338 278 firmatum
364 238 423 286 sit,
449 251 471 277 a
498 236 612 276 nobis
636 238 816 285 requiret,
840 235 910 273 sed
935 247 1030 271 num
1059 231 1180 282 ipsius
1201 231 1393 276 voluntas,
1417 227 1538 278 ipsius

140 293 304 333 verbum
325 300 363 332 et
383 299 592 342 praecepta
613 289 809 329 custodita
836 289 923 336 sint,
947 285 1211 336 interrogabit.

196 350 328 395 Porro,
351 346 448 397 quid
477 347 527 385 de
556 344 753 384 iudicibus
784 342 902 393 (quos
927 349 1032 380 extra
1053 338 1340 380 Universitates
1360 339 1395 374 V
1400 336 1539 374 icarius

141 415 337 452 nusquam
358 400 524 451 reperire
545 398 692 450 potest)
708 398 838 438 dicere
854 396 1021 435 attinet?
1070 395 1279 433 Habemus
1296 392 1359 430 1110
1377 390 1537 436 iudices,

142 456 210 507 qui
241 469 314 495 nec
346 468 600 506 personarum
631 460 810 503 respectu
845 465 981 497 errare,
1013 463 1143 499 neque
1174 449 1255 487 ullo
1289 446 1366 485 alio
1397 446 1540 483 affectu

142 509 339 549 excaecati
360 509 438 548 falli
454 515 629 559 possunt,
649 507 725 546 Dei
746 505 931 544 nimirum
953 504 1171 554 Scripturas
1192 516 1293 552 quae
1313 514 1387 539 nec
1409 501 1540 538 fallere

144 578 217 604 nec
247 563 401 603 mentiri
432 570 586 602 norunt.
647 563 738 600 Hae
765 560 880 599 nobis
910 559 950 597 in
979 559 1166 597 Hebraea
1193 556 1309 595 simul
1331 557 1482 594 Graeca
1503 562 1541 592 et

145 618 285 657 Latina
314 617 446 668 lingua
480 624 705 667 praesentes
737 622 838 653 sunt.
899 615 986 651 Has
1021 613 1204 662 utrinque
1233 609 1349 660 aequi
1382 616 1420 647 et
1450 607 1541 646 iusti

143 672 283 712 iudicis
321 673 410 711 loco
449 670 693 721 recipiemus.
767 669 978 707 Habemus
1017 674 1216 717 praeterea
1254 664 1294 702 in
1333 665 1407 702 hac
1445 662 1542 701 urbe

143 734 286 775 nostra,
317 726 474 765 divinae
511 723 753 764 liberalitatis
786 722 991 769 beneficio,
1024 723 1154 772 plures
1188 720 1228 757 in
1263 717 1404 768 linguis
1434 716 1542 755 hisce

144 781 267 820 tribus
297 788 377 819 tam
408 779 571 819 feliciter
601 778 832 817 exercitatos
858 776 960 815 viros
985 789 1103 825 quam
1132 775 1171 812 in
1199 775 1277 812 ulla
1305 773 1539 817 scholarum,

144 849 241 886 quas
261 843 353 874 ante
368 834 547 873 Vicarius
568 832 774 879 recensuit,
793 830 967 870 invenire
988 830 1114 868 liceat.
1170 831 1232 867 De
1254 827 1298 865 iis
1319 828 1459 876 loquor
1476 824 1543 875 qui

146 891 457 929 Universitatum
478 895 647 927 rectores
672 895 709 926 et
737 900 917 937 proceres
943 891 1032 923 sunt
1053 901 1058 923 :
1090 897 1170 922 non
1195 881 1302 921 enim
1333 883 1542 919 Erasmum

146 945 462 983 Roterodamum
483 950 550 981 aut
573 941 670 980 alios
698 940 771 991 ipsi
799 940 960 987 similes,
981 938 1048 988 qui
1070 949 1360 986 nonnunquam
1382 948 1454 973 ceu
1477 935 1543 972 110-

147 998 266 1049 spites
282 999 320 1036 in
336 997 480 1036 scholis
500 996 582 1035 istis
598 1002 809 1041 versantur,
826 996 889 1032 1110
909 992 1096 1043 intelligo.
1138 992 1327 1030 Assident
1347 989 1411 1028 hic
1425 988 1543 1027 etiam

130 1051 277 1103 'plures
308 1065 439 1091 sacrae
469 1050 691 1100 Scripturae
720 1050 915 1095 doctores,
939 1061 1020 1085 non
1051 1048 1195 1085 desunt
1225 1044 1318 1083 iuris
1348 1042 1544 1084 Canonici

146 1109 339 1153 doctores,
354 1107 499 1145 adsunt
515 1104 632 1144 etiam
654 1118 675 1142 e
695 1103 808 1142 variis
826 1101 1158 1142 Universitatibus
1179 1101 1309 1150 plures
1326 1096 1544 1137 doctissimi

147 1161 226 1199 viri.
288 1162 445 1199 Horum
467 1160 538 1198 erit
557 1160 693 1198 citatas
714 1172 736 1196 a
757 1156 871 1196 nobis
893 1156 1110 1206 Scripturas
1130 1153 1266 1193 audire
1287 1160 1325 1192 et
1346 1154 1483 1202 legere,
1503 1158 1544 1189 ut

146 1215 307 1254 videant
345 1228 440 1253 num
473 1227 563 1253 vera
597 1212 674 1251 sint
708 1224 810 1262 quae
849 1212 1009 1250 istarum
1044 1208 1276 1248 auctoritate
1315 1207 1543 1257 probantur.

148 1270 260 1308 Licet
279 1282 371 1308 vero
391 1269 499 1307 hisce
519 1266 704 1307 omnibus
726 1279 882 1317 prorsus
904 1263 1080 1304 destituti
1101 1276 1288 1310 essemus,
1303 1275 1383 1300 non
1405 1260 1545 1299 dubito

148 1332 281 1362 tamen
305 1323 344 1361 in
370 1324 447 1361 hoc
470 1330 586 1361 coetu
612 1328 746 1360 nostro
773 1334 892 1370 quam
923 1318 1110 1369 plurimas
1139 1330 1225 1356 esse
1249 1330 1338 1355 vere
1368 1314 1544 1354 fidelium

148 1385 313 1425 mentes,
329 1376 462 1416 Sancti
484 1375 648 1426 Spiritus
664 1377 752 1414 luce
768 1375 931 1413 edoctas
948 1381 986 1412 et
1002 1386 1093 1411 vero
1114 1372 1315 1410 intellectu
1337 1368 1543 1420 praeditas,

149 1439 192 1471 ut
223 1433 285 1472 vel
309 1431 349 1470 hi
381 1431 453 1470 soli
486 1444 554 1481 per
584 1430 661 1468 Dei
691 1429 878 1480 Spiritum
904 1427 1088 1467 facillime
1118 1427 1341 1465 discernere
1371 1431 1544 1474 possent,

148 1487 318 1525 utrinam
343 1499 364 1525 e
390 1485 505 1524 nobis
532 1483 740 1535 Scripturis
764 1482 936 1533 legitime
962 1488 1132 1528 utantur,
1155 1482 1216 1519 vel
1246 1479 1329 1518 illas
1356 1480 1547 1517 violenter

149 1540 189 1578 in
210 1554 368 1580 sensum
386 1552 609 1590 perversum
629 1540 902 1588 detorqueant.
954 1538 1206 1586 Quapropter
1221 1534 1338 1573 etiam
1360 1534 1436 1572 1100
1457 1533 1546 1571 1000

150 1596 258 1633 nulla
278 1593 537 1633 excusationis
559 1606 676 1632 causa
695 1591 936 1641 relinquitur.

205 1651 298 1688 Non
322 1656 492 1687 terreant
513 1661 604 1697 ergo
627 1660 697 1686 vos
722 1658 924 1685 sermones
950 1643 1184 1690 istiusmodi,
1208 1657 1232 1681 o
1256 1644 1401 1680 fratres.
1461 1642 1545 1678 Vos

150 1711 281 1742 autem
304 1704 342 1740 in
364 1702 498 1752 primis
518 1703 685 1752 appello,
708 1700 920 1750 Tigurinae
942 1698 1047 1736 urbis
1070 1696 1265 1743 concives,
1289 1695 1354 1745 qui
1377 1696 1452 1733 1100
1474 1708 1547 1732 ceu

151 1759 345 1807 singulare
365 1756 521 1795 divinae
548 1755 692 1805 gratiae
719 1763 755 1793 et
783 1753 1001 1792 vocationis
1029 1751 1219 1790 indicium
1243 1763 1456 1800 agnoscere
1484 1750 1546 1787 de-

151 1811 266 1859 betis,
286 1812 395 1861 quod
417 1811 513 1849 haec
538 1810 579 1849 in
606 1809 701 1848 urbe
722 1816 849 1847 vestra
879 1808 917 1845 in
941 1806 1016 1846 Dei
1037 1813 1074 1845 et
1095 1805 1267 1844 veritatis
1289 1807 1480 1842 honorem
1502 1817 1548 1840 ac

151 1865 314 1916 gloriam
344 1864 522 1903 instituta
544 1872 661 1903 sunt:
692 1877 740 1902 ne
766 1864 941 1913 posthac,
974 1860 1041 1911 qui
1062 1868 1212 1899 vestrae
1242 1858 1383 1898 ditioni
1413 1865 1450 1896 et
1481 1857 1549 1894 im-

151 1921 260 1970 perio
282 1926 432 1969 parent,
447 1920 496 1957 de
517 1920 642 1957 salute
661 1917 880 1955 animarum
902 1915 1013 1955 dubii
1035 1914 1148 1953 variis
1169 1927 1329 1964 quoque
1351 1919 1549 1951 concerta-

152 1973 335 2021 tionibus,
358 1981 399 2012 ut
419 1974 587 2012 antehac
606 1974 753 2010 sactum
774 1979 843 2019 est,
866 1976 1129 2010 exerceantur.
1173 1967 1392 2007 Dominum
1416 1968 1547 2004 Deum

153 2029 244 2066 totis
273 2027 414 2066 animis
444 2027 624 2066 invocate
645 2029 651 2064 1
709 2028 760 2072 Is,
784 2025 814 2064 si
836 2038 925 2064 vera
950 2025 1028 2063 fide
1050 2023 1089 2062 id
1112 2024 1177 2061 fiat
1206 2021 1548 2072 quemadmodum

154 2082 324 2121 Iacobus
346 2081 548 2132 promittit,
566 2082 624 2119 sui
646 2080 913 2130 cognitionem
927 2078 1039 2118 vobis
1060 2091 1264 2127 nunquam
1286 2077 1549 2124 denegaturus

154 2143 222 2174 est.
283 2137 445 2175 Interim
467 2136 582 2174 nullis
604 2135 731 2174 verbis
753 2142 956 2184 utcunque
986 2132 1141 2171 blandis
1172 2139 1210 2170 et
1241 2128 1458 2181 splendidis
1480 2142 1548 2166 vos

154 2190 301 2229 moveri
320 2189 523 2240 patiamini
543 2193 549 2228 ἔ

210 2246 325 2283 Haec
345 2244 413 2283 ubi
433 2243 633 2293 Zuinglius
656 2256 795 2293 magna
811 2256 900 2280 cum
915 2241 1101 2292 gravitate
1118 2246 1345 2290 perorasset,
1363 2249 1549 2286 magnum

155 2298 352 2337 silentium
384 2298 483 2337 inter
512 2311 650 2336 omnes
681 2299 761 2345 suit,
784 2298 886 2336 adeo
916 2304 958 2334 ut
977 2295 1190 2345 'l‘igurinae
1211 2291 1377 2331 civitatis
1399 2291 1550 2330 Consul

155 2353 205 2391 ad
229 2354 443 2392 dicendum
468 2361 534 2391 aut
559 2352 880 2402 respondendum
912 2352 1129 2389 hortaretur
1159 2348 1189 2386 si
1220 2348 1285 2396 qui
1317 2352 1447 2384 essent
1469 2345 1548 2393 qui,

157 2407 265 2455 quod
286 2420 486 2457 opponere
508 2414 683 2456 possent,
705 2406 905 2444 haberent.
932 2436 936 2441 .
963 2436 968 2441 .
996 2435 1000 2440 .

213 2457 276 2512 [T
269 2461 339 2498 lzen
354 2461 541 2508 followed
566 2462 789 2498 discassl'ons
813 2473 859 2496 (m
889 2460 946 2496 fla>
971 2458 1215 2496 [lllt’l‘c'c'ssl'oll
1242 2455 1286 2503 af
1303 2455 1436 2493 Scll'uls
1457 2453 1546 2503 (Op.
