1715 2780
133 127 204 166 135
528 122 750 170 JESUITS
784 123 853 160 ΒΥ
886 125 1033 162 PAUL
1065 126 1129 164 111
1460 142 1532 179 337

134 221 265 261 multis
295 223 427 273 probis
449 223 537 261 viris
568 231 605 262 et
638 227 767 263 Deum
799 227 1015 266 zelantibus
1047 229 1239 278 laudetur,
1261 244 1395 269 verum
1417 233 1532 272 etiam

131 289 154 315 a
174 276 410 327 quibusdam
434 278 486 316 ita
506 278 746 329 approbetur
767 287 809 318 ut
829 280 925 319 illud
947 281 1064 320 etiam
1087 283 1198 334 sequi
1219 284 1350 324 velint.

185 331 204 380 §
225 344 259 381 3.
293 332 502 371 Formulae
522 341 653 371 autem
676 333 899 384 praedictae
917 342 1029 375 tenor
1050 337 1235 387 sequitur,
1254 346 1292 377 et
1314 347 1371 379 est
1393 341 1490 380 talis.

185 386 204 434 ξ
224 398 259 432 4.
293 385 548 436 Quicumque
570 387 610 425 in
632 388 812 426 Soce'etate
832 398 965 428 nostra
985 404 1103 441 quam
1125 393 1214 430 lesu
1235 394 1398 433 nomine
1419 394 1534 446 insig-

132 438 203 477 niri
219 438 401 490 cupimus
417 441 498 479 vult
515 441 588 480 sub
609 443 734 481 crucis
751 442 892 482 vexillo
910 446 998 483 Deo
1020 444 1184 485 militare
1199 454 1237 486 et
1253 447 1325 487 soli
1343 450 1530 497 Domino,

130 500 250 543 atque
282 494 468 533 Romano
496 495 691 544 Pontifici,
719 496 802 535 eius
837 497 876 535 in
911 498 1020 537 terris
1052 499 1220 548 Vicario,
1256 502 1407 550 servire,
1444 513 1533 554 post

130 548 307 586 solemne
327 555 540 598 perpetuae
561 549 749 589 castitatis
771 559 918 599 votum,
942 562 1137 603 proponat
1162 555 1236 593 sibi
1264 555 1303 593 in
1331 556 1465 596 animo
1490 572 1531 598 se

129 608 280 651 partem
319 614 404 640 esse
443 602 650 642 Societatis
688 605 739 643 ad
779 605 856 644 hoc
894 607 1144 656 potissimum
1174 608 1377 649 institutae
1409 619 1451 650 ut
1480 614 1531 652 ad

129 656 347 706 profectum
376 655 597 696 animarum
623 657 662 695 in
683 658 762 697 vita
786 667 824 698 et
853 660 1034 699 doctrina
1055 662 1279 702 Christiana
1300 672 1337 702 et
1364 666 1415 704 ad
1438 666 1531 705 fidei

129 709 451 760 propagationem
479 724 548 761 per
574 712 753 761 publicas
780 714 1094 764 praedicationes
1125 724 1163 755 et
1183 718 1290 756 verbi
1315 720 1390 757 Dei
1421 720 1532 758 mini-

129 765 300 811 sterium,
317 764 531 814 spiritualia
547 766 730 805 exercitia
746 775 784 805 et
804 768 1002 807 charitatis
1021 783 1139 820 opera
1155 779 1193 809 et
1211 772 1445 811 nominatim
1462 788 1531 825 per

127 830 339 868 puerorum
359 831 405 857 ac
425 820 583 858 rudium
609 819 647 858 in
671 821 961 861 Christianismi
985 823 1273 864 institutionem
1301 840 1347 865 ac
1368 827 1531 867 Christi-

129 871 304 910 fidelium
326 871 365 910 in
388 873 703 913 confessionibus
724 875 934 915 audiendis
956 877 1196 927 spiritualem
1215 881 1528 921 consolationem

127 925 336 976 praecipue
384 927 574 975 intendat,
627 936 816 980 curetque
855 930 981 980 primo
1031 934 1177 980 Deum,
1224 934 1370 973 deinde
1413 936 1528 974 huius

127 979 292 1018 instituti
314 980 520 1029 rationem,
540 995 641 1032 quae
663 983 724 1021 via
745 985 940 1033 quaedam
963 994 1021 1023 est
1042 988 1091 1025 ad
1114 986 1238 1035 illurn,
1259 1001 1414 1039 semper
1437 998 1529 1028 ante

127 1035 263 1072 oculos
303 1035 446 1073 habere
486 1044 524 1074 et
563 1037 681 1075 finem
723 1038 829 1076 hunc
869 1038 942 1077 sibi
972 1053 994 1077 a
1030 1041 1119 1079 Deo
1154 1042 1401 1092 propositum
1436 1044 1528 1082 totis

127 1087 271 1126 viribus
302 1089 468 1139 assequi.
529 1091 815 1142 Unusquisque
848 1099 979 1132 tamen
1010 1096 1230 1133 secundum
1260 1097 1422 1146 gratiam
1453 1098 1527 1136 sibi

125 1155 148 1179 a
177 1141 321 1192 Spiritu
352 1151 489 1181 sancto
520 1144 866 1193 subministratum,
896 1155 933 1185 et
961 1147 1179 1186 vocationis
1205 1163 1298 1188 suae
1326 1151 1525 1201 proprium

125 1197 301 1245 gradum,
320 1210 370 1235 ne
392 1196 479 1247 quis
496 1198 593 1236 forte
615 1200 697 1237 zelo
715 1207 844 1238 utatur
861 1202 931 1239 sed
952 1215 1032 1239 non
1054 1204 1274 1242 secundum
1298 1204 1501 1243 scientiam
1520 1223 1525 1244 :

126 1249 236 1287 cuius
264 1250 408 1300 proprii
429 1251 619 1302 cuiusque
643 1254 785 1302 gradus
817 1254 1006 1293 iudicium
1031 1263 1068 1294 et
1096 1257 1312 1296 officiorum
1342 1258 1526 1298 discretio

125 1316 171 1342 ac
191 1303 415 1343 distributio
436 1312 517 1343 tota
539 1305 586 1344 sit
612 1306 650 1344 in
677 1320 796 1346 manu
823 1309 1038 1358 Praepositi
1070 1324 1138 1349 seu
1164 1312 1330 1350 Praelati
1356 1326 1423 1362 per
1453 1326 1525 1352 nos

126 1357 306 1407 eligendi,
322 1366 363 1396 ut
380 1371 576 1409 congruus
597 1361 694 1399 ordo
716 1369 887 1400 servetur
909 1363 946 1401 in
969 1364 1078 1402 omni
1101 1365 1202 1404 bene
1223 1365 1401 1405 instituta
1421 1380 1525 1406 com-

128 1411 317 1451 munitate
347 1415 600 1453 necessarius.

178 1466 197 1515 ξ
211 1477 244 1516 5.
269 1466 349 1516 Qui
362 1466 524 1517 quidem
540 1469 790 1518 Praepositus
804 1472 854 1509 de
868 1472 1034 1511 consilio
1048 1473 1324 1513 consociorum
1339 1475 1525 1515 constitu-

126 1519 251 1558 tiones
267 1521 317 1559 ad
331 1521 666 1561 constructionem
683 1523 798 1562 huius
815 1526 1004 1575 propositi
1019 1527 1134 1566 nobis
1149 1528 1236 1566 finis
1253 1530 1524 1569 conducentes

126 1572 164 1611 in
185 1573 350 1612 consilio
375 1576 576 1615 condendi
606 1578 879 1617 auctoritatem
906 1580 1060 1628 habeat,
1086 1582 1222 1620 maiori
1253 1583 1521 1633 suffragiorum

125 1635 233 1677 parte
246 1639 402 1678 semper
417 1630 615 1670 statuendi
629 1631 688 1670 ius
706 1633 888 1671 habente.
940 1635 1161 1674 Consilium
1179 1650 1270 1675 vero
1287 1637 1524 1688 intelligatur

125 1694 209 1720 esse
230 1681 269 1720 in
290 1683 406 1722 rebus
427 1683 588 1733 quidem
609 1685 849 1735 gravioribus
869 1700 916 1725 ac
937 1689 1134 1739 perpetuis
1156 1691 1279 1728 maior
1298 1704 1386 1740 pars
1403 1692 1523 1731 totius

125 1734 330 1774 Societatis
363 1750 463 1786 quae
483 1751 507 1776 a
542 1739 770 1790 Praeposito
805 1743 1017 1781 commode
1052 1744 1260 1782 convocari
1295 1745 1448 1794 poterit,
1483 1746 1522 1784 in

123 1788 333 1828 levioribus
361 1798 493 1829 autem
524 1799 561 1830 et
592 1794 854 1842 temporaneis
885 1808 1023 1835 omnes
1053 1796 1106 1834 illi
1136 1811 1236 1847 quos
1266 1798 1305 1836 in
1336 1800 1425 1837 loco
1455 1800 1522 1839 ubi

124 1843 373 1893 Praepositus
394 1851 526 1884 noster
546 1846 731 1885 residebit
752 1857 975 1897 praesentes
996 1863 1081 1889 esse
1101 1851 1307 1901 contigerit
1325 1866 1331 1897 ;
1359 1852 1521 1892 iubendi

123 1903 256 1935 autem
277 1898 336 1936 ius
357 1905 483 1937 totum
505 1912 626 1950 penes
648 1901 919 1952 Praepositum
942 1903 1022 1942 erit.

177 1951 194 2000 §
217 1952 251 1988 6.
284 1951 416 1991 Sciant
444 1965 582 1993 omnes
610 1954 704 1993 socii
725 1962 764 1994 et
785 1969 864 1996 non
890 1958 1016 1995 solum
1044 1959 1082 1996 in
1106 1959 1241 2009 primis
1268 1961 1520 2010 professionis

125 2016 217 2043 suae
258 2005 408 2045 foribus
453 2008 523 2046 sed
568 2009 700 2057 quoad
746 2010 908 2049 vixerint
956 2013 1134 2062 quotidie
1181 2013 1315 2053 animo
1363 2016 1521 2054 volvant

127 2057 360 2098 Societatem
397 2061 498 2099 hanc
534 2062 754 2101 universam
789 2070 828 2102 et
859 2064 1033 2115 singulos
1063 2066 1136 2105 sub
1165 2068 1201 2105 S.
1230 2069 1280 2106 D.
1311 2069 1361 2107 N.
1389 2070 1519 2120 Papae

126 2118 163 2150 et
197 2111 359 2151 aliorum
397 2116 670 2154 Romanorum
707 2117 944 2157 Pontificum
984 2132 1254 2160 successorum
1295 2121 1377 2161 eius
1413 2123 1518 2162 fideli

126 2164 353 2205 obedientia
373 2169 462 2207 Deo
483 2169 661 2218 militare,
683 2178 720 2209 et
742 2172 921 2221 quamvis
948 2174 1152 2224 evangelio
1172 2176 1362 2214 doceatur
1381 2184 1419 2214 et
1441 2177 1518 2214 fide

126 2219 345 2259 orthodoxa
363 2234 650 2272 cognoscamus
673 2237 718 2262 ac
739 2226 899 2264 firmiter
919 2228 1172 2276 profiteamur
1198 2242 1336 2268 omnes
1359 2229 1519 2269 Christi-

127 2272 261 2311 fideles
301 2276 486 2314 Romano
525 2277 708 2316 Pontifici
748 2286 936 2329 tanquam
975 2281 1092 2331 capiti
1127 2295 1172 2320 ac
1209 2283 1239 2320 Ι.
1277 2284 1323 2322 C.
1359 2283 1517 2321 Vicario

126 2325 296 2373 subesse,
332 2329 383 2367 ad
417 2331 605 2369 maiorem
644 2338 778 2371 tamen
817 2341 973 2373 nostrae
1012 2335 1219 2374 Societatis
1254 2335 1515 2380 humilitatem

125 2390 171 2416 ac
203 2381 415 2429 perfectam
454 2383 763 2435 uniuscuiusque
803 2387 1159 2437 mortificationem,
1197 2397 1234 2427 et
1269 2391 1516 2428 voluntatum

126 2439 343 2472 nostrarum
377 2436 680 2487 abnegationem
713 2453 964 2491 summopere
999 2444 1223 2481 conducere
1257 2442 1515 2482 iudicavimus

125 2484 297 2535 singulos
335 2501 418 2537 nos,
459 2493 557 2529 ultra
596 2491 692 2532 illud
730 2506 943 2534 commune
983 2497 1193 2543 vinculum,
1231 2496 1388 2547 speciali
1424 2505 1516 2536 voto

177 2555 241 2587 944
806 2559 825 2585 Z
