<?xml version="1.0" encoding="UTF-8"?>
<!DOCTYPE html PUBLIC "-//W3C//DTD XHTML 1.0 Transitional//EN"
    "http://www.w3.org/TR/xhtml1/DTD/xhtml1-transitional.dtd">
<html xmlns="http://www.w3.org/1999/xhtml" xml:lang="en" lang="en">
 <head>
  <title>
</title>
<meta http-equiv="Content-Type" content="text/html;charset=utf-8" />
  <meta name='ocr-system' content='tesseract 3.04.00' />
  <meta name='ocr-capabilities' content='ocr_page ocr_carea ocr_par ocr_line ocrx_word'/>
</head>
<body>
  <div class='ocr_page' id='page_1' title='image "./docreform00kidd_0564.png"; bbox 0 0 1715 2780; ppageno 0'>
   <div class='ocr_carea' id='block_1_1' title="bbox 220 98 1612 152">
    <p class='ocr_par' dir='ltr' id='par_1_1' title="bbox 220 98 1612 152">
     <span class='ocr_line' id='line_1_1' title="bbox 220 98 1612 152; baseline -0.004 -14"><span class='ocrx_word' id='word_1_1' title='bbox 220 103 296 152; x_wconf 83' lang='lat'>536</span> <span class='ocrx_word' id='word_1_2' title='bbox 544 99 768 145; x_wconf 85' lang='lat' dir='ltr'>CALVIN,</span> <span class='ocrx_word' id='word_1_3' title='bbox 799 99 874 137; x_wconf 92' lang='lat' dir='ltr'>TO</span> <span class='ocrx_word' id='word_1_4' title='bbox 906 99 1000 136; x_wconf 89' lang='lat' dir='ltr'>HIS</span> <span class='ocrx_word' id='word_1_5' title='bbox 1031 98 1286 136; x_wconf 90' lang='lat' dir='ltr'><strong>ARRIVAL</strong></span> <span class='ocrx_word' id='word_1_6' title='bbox 1534 104 1612 144; x_wconf 85' lang='lat'>273</span> 
     </span>
    </p>
   </div>
   <div class='ocr_carea' id='block_1_2' title="bbox 211 200 1613 2406">
    <p class='ocr_par' dir='ltr' id='par_1_2' title="bbox 214 200 1612 1491">
     <span class='ocr_line' id='line_1_2' title="bbox 220 200 1611 261; baseline -0.002 -19"><span class='ocrx_word' id='word_1_7' title='bbox 220 217 371 242; x_wconf 89' lang='lat' dir='ltr'>merum</span> <span class='ocrx_word' id='word_1_8' title='bbox 407 216 549 250; x_wconf 90' lang='lat' dir='ltr'>moror,</span> <span class='ocrx_word' id='word_1_9' title='bbox 582 210 624 240; x_wconf 87' lang='lat' dir='ltr'>ut</span> <span class='ocrx_word' id='word_1_10' title='bbox 654 202 737 241; x_wconf 86' lang='lat' dir='ltr'>eius</span> <span class='ocrx_word' id='word_1_11' title='bbox 767 201 941 240; x_wconf 85' lang='lat' dir='ltr'>servituti</span> <span class='ocrx_word' id='word_1_12' title='bbox 974 200 1180 240; x_wconf 89' lang='lat' dir='ltr'>ecclesiam</span> <span class='ocrx_word' id='word_1_13' title='bbox 1211 200 1446 251; x_wconf 89' lang='lat' dir='ltr'>astringam·</span> <span class='ocrx_word' id='word_1_14' title='bbox 1481 214 1611 261; x_wconf 82' lang='lat' dir='ltr'>neque</span> 
     </span>
     <span class='ocr_line' id='line_1_3' title="bbox 219 254 1613 305; baseline -0.003 -9"><span class='ocrx_word' id='word_1_15' title='bbox 219 258 325 297; x_wconf 83' lang='lat' dir='ltr'>enim</span> <span class='ocrx_word' id='word_1_16' title='bbox 363 257 547 296; x_wconf 88' lang='lat' dir='ltr'>ecclesias</span> <span class='ocrx_word' id='word_1_17' title='bbox 587 257 836 302; x_wconf 89' lang='lat' dir='ltr'>damnav,ero</span> <span class='ocrx_word' id='word_1_18' title='bbox 871 268 971 305; x_wconf 87' lang='lat' dir='ltr'>quae</span> <span class='ocrx_word' id='word_1_19' title='bbox 1008 254 1105 293; x_wconf 90' lang='lat' dir='ltr'>alios</span> <span class='ocrx_word' id='word_1_20' title='bbox 1143 254 1403 293; x_wconf 90' lang='lat' dir='ltr'>conventibus</span> <span class='ocrx_word' id='word_1_21' title='bbox 1436 254 1515 293; x_wconf 88' lang='lat' dir='ltr'>suis</span> <span class='ocrx_word' id='word_1_22' title='bbox 1554 268 1613 293; x_wconf 93' lang='lat' dir='ltr'>so-</span> 
     </span>
     <span class='ocr_line' id='line_1_4' title="bbox 219 308 1612 359; baseline -0.002 -9"><span class='ocrx_word' id='word_1_23' title='bbox 219 314 369 351; x_wconf 80' lang='lat' dir='ltr'><strong>lemnes</strong></span> <span class='ocrx_word' id='word_1_24' title='bbox 393 312 477 350; x_wconf 86' lang='lat' dir='ltr'>dies</span> <span class='ocrx_word' id='word_1_25' title='bbox 505 310 689 357; x_wconf 88' lang='lat' dir='ltr'>habeant,</span> <span class='ocrx_word' id='word_1_26' title='bbox 712 311 834 348; x_wconf 90' lang='lat' dir='ltr'>modo</span> <span class='ocrx_word' id='word_1_27' title='bbox 853 323 876 347; x_wconf 89' lang='lat' dir='ltr'>a</span> <span class='ocrx_word' id='word_1_28' title='bbox 899 308 1175 359; x_wconf 84' lang='lat' dir='ltr'>superstitione</span> <span class='ocrx_word' id='word_1_29' title='bbox 1199 308 1342 347; x_wconf 89' lang='lat' dir='ltr'>absint.</span> <span class='ocrx_word' id='word_1_30' title='bbox 1399 310 1520 357; x_wconf 87' lang='lat' dir='ltr'>Quod</span> <span class='ocrx_word' id='word_1_31' title='bbox 1542 308 1612 347; x_wconf 87' lang='lat' dir='ltr'>erit</span> 
     </span>
     <span class='ocr_line' id='line_1_5' title="bbox 219 362 1610 413; baseline -0.002 -9"><span class='ocrx_word' id='word_1_32' title='bbox 219 366 250 404; x_wconf 91' lang='lat' dir='ltr'>si</span> <span class='ocrx_word' id='word_1_33' title='bbox 284 367 335 404; x_wconf 92' lang='lat' dir='ltr'>ad</span> <span class='ocrx_word' id='word_1_34' title='bbox 367 367 490 403; x_wconf 85' lang='lat' dir='ltr'>solam</span> <span class='ocrx_word' id='word_1_35' title='bbox 518 363 833 402; x_wconf 73' lang='lat' dir='ltr'>observationem</span> <span class='ocrx_word' id='word_1_36' title='bbox 866 363 1096 413; x_wconf 89' lang='lat' dir='ltr'>disciplinae</span> <span class='ocrx_word' id='word_1_37' title='bbox 1129 370 1168 401; x_wconf 93' lang='lat' dir='ltr'>et</span> <span class='ocrx_word' id='word_1_38' title='bbox 1195 362 1344 401; x_wconf 85' lang='lat' dir='ltr'>ordinis</span> <span class='ocrx_word' id='word_1_39' title='bbox 1374 362 1477 401; x_wconf 90' lang='lat' dir='ltr'>bene</span> <span class='ocrx_word' id='word_1_40' title='bbox 1505 376 1610 401; x_wconf 89' lang='lat' dir='ltr'>com-</span> 
     </span>
     <span class='ocr_line' id='line_1_6' title="bbox 219 416 1612 470; baseline -0.003 -12"><span class='ocrx_word' id='word_1_41' title='bbox 219 419 335 470; x_wconf 84' lang='lat' dir='ltr'>positi</span> <span class='ocrx_word' id='word_1_42' title='bbox 356 421 580 458; x_wconf 86' lang='lat' dir='ltr'>referantur.</span> <span class='ocrx_word' id='word_1_43' title='bbox 621 419 784 456; x_wconf 86' lang='lat' dir='ltr'>Summa</span> <span class='ocrx_word' id='word_1_44' title='bbox 805 417 852 455; x_wconf 88' lang='lat' dir='ltr'>sit</span> <span class='ocrx_word' id='word_1_45' title='bbox 872 432 878 454; x_wconf 89' lang='lat'>:</span> <span class='ocrx_word' id='word_1_46' title='bbox 908 424 950 455; x_wconf 88' lang='lat' dir='ltr'>ut</span> <span class='ocrx_word' id='word_1_47' title='bbox 971 417 1044 455; x_wconf 93' lang='lat' dir='ltr'>sub</span> <span class='ocrx_word' id='word_1_48' title='bbox 1066 418 1187 467; x_wconf 87' lang='lat' dir='ltr'>figura</span> <span class='ocrx_word' id='word_1_49' title='bbox 1208 416 1366 455; x_wconf 91' lang='lat' dir='ltr'>Iudaeis</span> <span class='ocrx_word' id='word_1_50' title='bbox 1386 417 1612 455; x_wconf 82' lang='lat' dir='ltr'>tradebatur</span> 
     </span>
     <span class='ocr_line' id='line_1_7' title="bbox 218 470 1611 520; baseline -0.003 -8"><span class='ocrx_word' id='word_1_51' title='bbox 218 474 369 520; x_wconf 65' lang='lat' dir='ltr'>veritas,</span> <span class='ocrx_word' id='word_1_52' title='bbox 411 474 463 511; x_wconf 88' lang='lat' dir='ltr'>ita</span> <span class='ocrx_word' id='word_1_53' title='bbox 501 472 616 510; x_wconf 90' lang='lat' dir='ltr'>nobis</span> <span class='ocrx_word' id='word_1_54' title='bbox 665 471 748 509; x_wconf 91' lang='lat' dir='ltr'>sine</span> <span class='ocrx_word' id='word_1_55' title='bbox 786 471 935 509; x_wconf 89' lang='lat' dir='ltr'>umbris</span> <span class='ocrx_word' id='word_1_56' title='bbox 973 472 1299 518; x_wconf 69' lang='lat' dir='ltr'>commendatur,</span> <span class='ocrx_word' id='word_1_57' title='bbox 1344 470 1525 520; x_wconf 90' lang='lat' dir='ltr'>primum,</span> <span class='ocrx_word' id='word_1_58' title='bbox 1569 479 1611 509; x_wconf 89' lang='lat' dir='ltr'>ut</span> 
     </span>
     <span class='ocr_line' id='line_1_8' title="bbox 218 523 1608 578; baseline -0.002 -13"><span class='ocrx_word' id='word_1_59' title='bbox 218 535 451 578; x_wconf 87' lang='lat' dir='ltr'>perpetuum</span> <span class='ocrx_word' id='word_1_60' title='bbox 473 534 555 564; x_wconf 88' lang='lat' dir='ltr'>tota</span> <span class='ocrx_word' id='word_1_61' title='bbox 567 526 644 563; x_wconf 86' lang='lat' dir='ltr'>vita</span> <span class='ocrx_word' id='word_1_62' title='bbox 665 524 950 563; x_wconf 79' lang='lat' dir='ltr'>sabbatismum</span> <span class='ocrx_word' id='word_1_63' title='bbox 968 525 1236 563; x_wconf 88' lang='lat' dir='ltr'>meditemura</span> <span class='ocrx_word' id='word_1_64' title='bbox 1250 523 1391 563; x_wconf 87' lang='lat' dir='ltr'>nostris</span> <span class='ocrx_word' id='word_1_65' title='bbox 1412 524 1608 575; x_wconf 82' lang='lat' dir='ltr'>operibus,</span> 
     </span>
     <span class='ocr_line' id='line_1_9' title="bbox 219 578 1610 631; baseline -0.002 -12"><span class='ocrx_word' id='word_1_66' title='bbox 219 595 298 631; x_wconf 90' lang='lat' dir='ltr'>quo</span> <span class='ocrx_word' id='word_1_67' title='bbox 329 580 527 618; x_wconf 87' lang='lat' dir='ltr'>Dominus</span> <span class='ocrx_word' id='word_1_68' title='bbox 558 579 596 617; x_wconf 89' lang='lat' dir='ltr'>in</span> <span class='ocrx_word' id='word_1_69' title='bbox 626 579 741 617; x_wconf 91' lang='lat' dir='ltr'>nobis</span> <span class='ocrx_word' id='word_1_70' title='bbox 770 592 837 628; x_wconf 91' lang='lat' dir='ltr'>per</span> <span class='ocrx_word' id='word_1_71' title='bbox 866 592 980 617; x_wconf 89' lang='lat' dir='ltr'>suum</span> <span class='ocrx_word' id='word_1_72' title='bbox 1012 578 1198 628; x_wconf 84' lang='lat' dir='ltr'>Spiritum</span> <span class='ocrx_word' id='word_1_73' title='bbox 1227 586 1436 628; x_wconf 68' lang='lat' dir='ltr'>operetur,</span> <span class='ocrx_word' id='word_1_74' title='bbox 1464 578 1610 617; x_wconf 90' lang='lat' dir='ltr'>deinde</span> 
     </span>
     <span class='ocr_line' id='line_1_10' title="bbox 218 631 1610 685; baseline -0.002 -12"><span class='ocrx_word' id='word_1_75' title='bbox 218 644 259 673; x_wconf 90' lang='lat' dir='ltr'>ut</span> <span class='ocrx_word' id='word_1_76' title='bbox 289 635 353 685; x_wconf 90' lang='lat' dir='ltr'>pia</span> <span class='ocrx_word' id='word_1_77' title='bbox 383 647 546 684; x_wconf 88' lang='lat' dir='ltr'>operum</span> <span class='ocrx_word' id='word_1_78' title='bbox 577 633 654 672; x_wconf 87' lang='lat' dir='ltr'>Dei</span> <span class='ocrx_word' id='word_1_79' title='bbox 682 633 950 683; x_wconf 80' lang='lat' dir='ltr'>recognitione</span> <span class='ocrx_word' id='word_1_80' title='bbox 978 632 1157 682; x_wconf 88' lang='lat' dir='ltr'>privatim</span> <span class='ocrx_word' id='word_1_81' title='bbox 1187 645 1229 670; x_wconf 91' lang='lat' dir='ltr'>se</span> <span class='ocrx_word' id='word_1_82' title='bbox 1255 631 1433 682; x_wconf 89' lang='lat' dir='ltr'>quisque,</span> <span class='ocrx_word' id='word_1_83' title='bbox 1456 632 1610 682; x_wconf 87' lang='lat' dir='ltr'>quoties</span> 
     </span>
     <span class='ocr_line' id='line_1_11' title="bbox 218 686 1610 738; baseline -0.002 -12"><span class='ocrx_word' id='word_1_84' title='bbox 218 697 339 736; x_wconf 79' lang='lat' dir='ltr'>vacat,</span> <span class='ocrx_word' id='word_1_85' title='bbox 372 688 578 738; x_wconf 84' lang='lat' dir='ltr'>diligenter</span> <span class='ocrx_word' id='word_1_86' title='bbox 609 696 813 734; x_wconf 80' lang='lat' dir='ltr'>exerceat·</span> <span class='ocrx_word' id='word_1_87' title='bbox 856 695 940 725; x_wconf 90' lang='lat' dir='ltr'>tum</span> <span class='ocrx_word' id='word_1_88' title='bbox 962 686 1090 734; x_wconf 91' lang='lat' dir='ltr'>etiam,</span> <span class='ocrx_word' id='word_1_89' title='bbox 1124 694 1166 724; x_wconf 92' lang='lat' dir='ltr'>ut</span> <span class='ocrx_word' id='word_1_90' title='bbox 1200 699 1338 724; x_wconf 90' lang='lat' dir='ltr'>omnes</span> <span class='ocrx_word' id='word_1_91' title='bbox 1371 686 1487 724; x_wconf 89' lang='lat' dir='ltr'>simul</span> <span class='ocrx_word' id='word_1_92' title='bbox 1521 686 1610 736; x_wconf 92' lang='lat' dir='ltr'>legi-</span> 
     </span>
     <span class='ocr_line' id='line_1_12' title="bbox 217 740 1610 788; baseline -0.001 -8"><span class='ocrx_word' id='word_1_93' title='bbox 217 743 357 781; x_wconf 88' lang='lat' dir='ltr'>timum</span> <span class='ocrx_word' id='word_1_94' title='bbox 393 742 581 780; x_wconf 90' lang='lat' dir='ltr'>ecclesiae</span> <span class='ocrx_word' id='word_1_95' title='bbox 615 741 806 788; x_wconf 87' lang='lat' dir='ltr'>ordinem,</span> <span class='ocrx_word' id='word_1_96' title='bbox 839 743 890 780; x_wconf 86' lang='lat' dir='ltr'>ad</span> <span class='ocrx_word' id='word_1_97' title='bbox 921 741 1083 780; x_wconf 88' lang='lat' dir='ltr'>verbum</span> <span class='ocrx_word' id='word_1_98' title='bbox 1116 740 1371 788; x_wconf 89' lang='lat' dir='ltr'>audiendum,</span> <span class='ocrx_word' id='word_1_99' title='bbox 1407 741 1458 779; x_wconf 93' lang='lat' dir='ltr'>ad</span> <span class='ocrx_word' id='word_1_100' title='bbox 1488 753 1610 778; x_wconf 88' lang='lat' dir='ltr'>sacra-</span> 
     </span>
     <span class='ocr_line' id='line_1_13' title="bbox 217 793 1608 844; baseline -0.002 -9"><span class='ocrx_word' id='word_1_101' title='bbox 217 805 440 835; x_wconf 88' lang='lat' dir='ltr'>mentorum</span> <span class='ocrx_word' id='word_1_102' title='bbox 460 794 852 842; x_wconf 80' lang='lat' dir='ltr'>administrationem,</span> <span class='ocrx_word' id='word_1_103' title='bbox 868 796 918 833; x_wconf 88' lang='lat' dir='ltr'>ad</span> <span class='ocrx_word' id='word_1_104' title='bbox 934 794 1112 844; x_wconf 88' lang='lat' dir='ltr'>publicas</span> <span class='ocrx_word' id='word_1_105' title='bbox 1127 794 1322 833; x_wconf 89' lang='lat' dir='ltr'>orationes</span> <span class='ocrx_word' id='word_1_106' title='bbox 1339 793 1608 842; x_wconf 89' lang='lat' dir='ltr'>constitutum,</span> 
     </span>
     <span class='ocr_line' id='line_1_14' title="bbox 216 848 1605 908; baseline -0.002 -19"><span class='ocrx_word' id='word_1_107' title='bbox 216 851 496 897; x_wconf 78' lang='lat' dir='ltr'>observemus,</span> <span class='ocrx_word' id='word_1_108' title='bbox 490 865 496 871; x_wconf 92' lang='lat'>·</span> <span class='ocrx_word' id='word_1_109' title='bbox 525 849 649 896; x_wconf 87' lang='lat' dir='ltr'>tertio,</span> <span class='ocrx_word' id='word_1_110' title='bbox 672 862 722 887; x_wconf 93' lang='lat' dir='ltr'>ne</span> <span class='ocrx_word' id='word_1_111' title='bbox 749 849 864 887; x_wconf 92' lang='lat' dir='ltr'>nobis</span> <span class='ocrx_word' id='word_1_112' title='bbox 884 848 1064 887; x_wconf 85' lang='lat' dir='ltr'>subditos</span> <span class='ocrx_word' id='word_1_113' title='bbox 1085 848 1350 886; x_wconf 84' lang='lat' dir='ltr'>inhumaniter</span> <span class='ocrx_word' id='word_1_114' title='bbox 1371 861 1605 908; x_wconf 84' lang='lat' dir='ltr'>premamus.</span> 
     </span>
     <span class='ocr_line' id='line_1_15' title="bbox 217 901 1610 953; baseline -0.003 -10"><span class='ocrx_word' id='word_1_115' title='bbox 217 906 279 943; x_wconf 88' lang='lat' dir='ltr'>Ita</span> <span class='ocrx_word' id='word_1_116' title='bbox 300 911 539 943; x_wconf 90' lang='lat' dir='ltr'>evanescunt</span> <span class='ocrx_word' id='word_1_117' title='bbox 554 916 679 952; x_wconf 86' lang='lat' dir='ltr'>nugae</span> <span class='ocrx_word' id='word_1_118' title='bbox 695 904 1130 953; x_wconf 74' lang='lat' dir='ltr'>pseudoprophetarum</span> <span class='ocrx_word' id='word_1_119' title='bbox 1152 902 1219 952; x_wconf 90' lang='lat' dir='ltr'>qui</span> <span class='ocrx_word' id='word_1_120' title='bbox 1240 903 1403 941; x_wconf 89' lang='lat' dir='ltr'>Iudaica</span> <span class='ocrx_word' id='word_1_121' title='bbox 1423 901 1610 951; x_wconf 89' lang='lat' dir='ltr'>opinione</span> 
     </span>
     <span class='ocr_line' id='line_1_16' title="bbox 215 955 1607 1018; baseline -0.002 -21"><span class='ocrx_word' id='word_1_122' title='bbox 215 961 407 1018; x_wconf 85' lang='lat' dir='ltr'>populum</span> <span class='ocrx_word' id='word_1_123' title='bbox 434 957 699 1008; x_wconf 87' lang='lat' dir='ltr'>superioribus</span> <span class='ocrx_word' id='word_1_124' title='bbox 729 957 893 995; x_wconf 90' lang='lat' dir='ltr'>saeculis</span> <span class='ocrx_word' id='word_1_125' title='bbox 915 957 1140 995; x_wconf 89' lang='lat' dir='ltr'>imbuerunt</span> <span class='ocrx_word' id='word_1_126' title='bbox 1160 955 1257 994; x_wconf 90' lang='lat' dir='ltr'>nihil</span> <span class='ocrx_word' id='word_1_127' title='bbox 1277 955 1383 994; x_wconf 90' lang='lat' dir='ltr'>aliud</span> <span class='ocrx_word' id='word_1_128' title='bbox 1402 957 1607 994; x_wconf 86' lang='lat' dir='ltr'>afferentes</span> 
     </span>
     <span class='ocr_line' id='line_1_17' title="bbox 216 1009 1608 1062; baseline -0.001 -13"><span class='ocrx_word' id='word_1_129' title='bbox 216 1012 288 1051; x_wconf 86' lang='lat' dir='ltr'>nisi</span> <span class='ocrx_word' id='word_1_130' title='bbox 318 1013 550 1062; x_wconf 87' lang='lat' dir='ltr'>abrogatum</span> <span class='ocrx_word' id='word_1_131' title='bbox 584 1024 669 1050; x_wconf 89' lang='lat' dir='ltr'>esse</span> <span class='ocrx_word' id='word_1_132' title='bbox 696 1012 805 1060; x_wconf 90' lang='lat' dir='ltr'>quod</span> <span class='ocrx_word' id='word_1_133' title='bbox 837 1010 1097 1049; x_wconf 84' lang='lat' dir='ltr'>ceremoniale</span> <span class='ocrx_word' id='word_1_134' title='bbox 1127 1018 1207 1049; x_wconf 89' lang='lat' dir='ltr'>erat</span> <span class='ocrx_word' id='word_1_135' title='bbox 1241 1009 1281 1048; x_wconf 90' lang='lat' dir='ltr'>in</span> <span class='ocrx_word' id='word_1_136' title='bbox 1312 1011 1388 1048; x_wconf 93' lang='lat' dir='ltr'>hoc</span> <span class='ocrx_word' id='word_1_137' title='bbox 1420 1011 1608 1048; x_wconf 88' lang='lat' dir='ltr'>mandato</span> 
     </span>
     <span class='ocr_line' id='line_1_18' title="bbox 216 1064 1608 1126; baseline -0.001 -22"><span class='ocrx_word' id='word_1_138' title='bbox 216 1066 273 1116; x_wconf 91' lang='lat' dir='ltr'>(id</span> <span class='ocrx_word' id='word_1_139' title='bbox 307 1074 449 1104; x_wconf 82' lang='lat' dir='ltr'>vocant</span> <span class='ocrx_word' id='word_1_140' title='bbox 484 1079 553 1104; x_wconf 87' lang='lat' dir='ltr'>sua</span> <span class='ocrx_word' id='word_1_141' title='bbox 587 1065 719 1114; x_wconf 86' lang='lat' dir='ltr'>lingua</span> <span class='ocrx_word' id='word_1_142' title='bbox 753 1064 830 1103; x_wconf 90' lang='lat' dir='ltr'>diei</span> <span class='ocrx_word' id='word_1_143' title='bbox 865 1066 1054 1126; x_wconf 80' lang='lat' dir='ltr'>septimae</span> <span class='ocrx_word' id='word_1_144' title='bbox 1088 1064 1369 1114; x_wconf 86' lang='lat' dir='ltr'>taxationem):</span> <span class='ocrx_word' id='word_1_145' title='bbox 1407 1077 1608 1102; x_wconf 89' lang='lat' dir='ltr'>remanere</span> 
     </span>
     <span class='ocr_line' id='line_1_19' title="bbox 214 1117 1606 1169; baseline -0.002 -11"><span class='ocrx_word' id='word_1_146' title='bbox 214 1128 346 1158; x_wconf 90' lang='lat' dir='ltr'>autem</span> <span class='ocrx_word' id='word_1_147' title='bbox 377 1121 486 1169; x_wconf 90' lang='lat' dir='ltr'>quod</span> <span class='ocrx_word' id='word_1_148' title='bbox 516 1120 662 1157; x_wconf 90' lang='lat' dir='ltr'>morale</span> <span class='ocrx_word' id='word_1_149' title='bbox 692 1126 761 1166; x_wconf 90' lang='lat' dir='ltr'>est,</span> <span class='ocrx_word' id='word_1_150' title='bbox 786 1131 930 1169; x_wconf 86' lang='lat' dir='ltr'>nempe</span> <span class='ocrx_word' id='word_1_151' title='bbox 959 1120 1074 1156; x_wconf 92' lang='lat' dir='ltr'>unius</span> <span class='ocrx_word' id='word_1_152' title='bbox 1108 1117 1186 1157; x_wconf 90' lang='lat' dir='ltr'>diei</span> <span class='ocrx_word' id='word_1_153' title='bbox 1221 1117 1536 1156; x_wconf 86' lang='lat' dir='ltr'>observationem</span> <span class='ocrx_word' id='word_1_154' title='bbox 1567 1117 1606 1155; x_wconf 91' lang='lat' dir='ltr'>in</span> 
     </span>
     <span class='ocr_line' id='line_1_20' title="bbox 217 1171 1605 1223; baseline -0.002 -11"><span class='ocrx_word' id='word_1_155' title='bbox 217 1174 495 1212; x_wconf 88' lang='lat' dir='ltr'>hebdomade.¹</span> <span class='ocrx_word' id='word_1_156' title='bbox 554 1172 676 1223; x_wconf 81' lang='lat' dir='ltr'>Atqui</span> <span class='ocrx_word' id='word_1_157' title='bbox 712 1172 751 1210; x_wconf 91' lang='lat' dir='ltr'>id</span> <span class='ocrx_word' id='word_1_158' title='bbox 782 1172 879 1210; x_wconf 89' lang='lat' dir='ltr'>nihil</span> <span class='ocrx_word' id='word_1_159' title='bbox 912 1172 1020 1211; x_wconf 91' lang='lat' dir='ltr'>aliud</span> <span class='ocrx_word' id='word_1_160' title='bbox 1053 1180 1111 1211; x_wconf 90' lang='lat' dir='ltr'>est</span> <span class='ocrx_word' id='word_1_161' title='bbox 1145 1174 1263 1222; x_wconf 86' lang='lat' dir='ltr'>quam</span> <span class='ocrx_word' id='word_1_162' title='bbox 1296 1171 1335 1210; x_wconf 90' lang='lat' dir='ltr'>in</span> <span class='ocrx_word' id='word_1_163' title='bbox 1367 1172 1605 1210; x_wconf 88' lang='lat' dir='ltr'>Iudaeorum</span> 
     </span>
     <span class='ocr_line' id='line_1_21' title="bbox 215 1225 1605 1273; baseline -0.002 -7"><span class='ocrx_word' id='word_1_164' title='bbox 215 1227 496 1266; x_wconf 87' lang='lat' dir='ltr'>contumeliam</span> <span class='ocrx_word' id='word_1_165' title='bbox 529 1227 636 1266; x_wconf 88' lang='lat' dir='ltr'>diem</span> <span class='ocrx_word' id='word_1_166' title='bbox 675 1234 836 1273; x_wconf 91' lang='lat' dir='ltr'>mutare,</span> <span class='ocrx_word' id='word_1_167' title='bbox 873 1226 951 1265; x_wconf 88' lang='lat' dir='ltr'>diei</span> <span class='ocrx_word' id='word_1_168' title='bbox 990 1227 1237 1264; x_wconf 86' lang='lat' dir='ltr'>sanctitatem</span> <span class='ocrx_word' id='word_1_169' title='bbox 1271 1225 1405 1264; x_wconf 89' lang='lat' dir='ltr'>animo</span> <span class='ocrx_word' id='word_1_170' title='bbox 1438 1227 1605 1264; x_wconf 88' lang='lat' dir='ltr'>eandem</span> 
     </span>
     <span class='ocr_line' id='line_1_22' title="bbox 216 1279 1608 1330; baseline -0.001 -11"><span class='ocrx_word' id='word_1_171' title='bbox 216 1281 422 1320; x_wconf 90' lang='lat' dir='ltr'>retinere..</span> <span class='ocrx_word' id='word_1_172' title='bbox 447 1312 486 1320; x_wconf 84' lang='lat'>..</span> <span class='ocrx_word' id='word_1_173' title='bbox 519 1283 728 1321; x_wconf 90' lang='lat' dir='ltr'>Caeterum</span> <span class='ocrx_word' id='word_1_174' title='bbox 761 1282 951 1330; x_wconf 88' lang='lat' dir='ltr'>generalis</span> <span class='ocrx_word' id='word_1_175' title='bbox 983 1279 1163 1319; x_wconf 88' lang='lat' dir='ltr'>doctrina</span> <span class='ocrx_word' id='word_1_176' title='bbox 1194 1279 1403 1330; x_wconf 86' lang='lat' dir='ltr'>praecipue</span> <span class='ocrx_word' id='word_1_177' title='bbox 1435 1280 1608 1318; x_wconf 87' lang='lat' dir='ltr'>tenenda</span> 
     </span>
     <span class='ocr_line' id='line_1_23' title="bbox 216 1332 1609 1385; baseline -0.002 -12"><span class='ocrx_word' id='word_1_178' title='bbox 216 1344 274 1373; x_wconf 89' lang='lat' dir='ltr'>est</span> <span class='ocrx_word' id='word_1_179' title='bbox 291 1351 296 1373; x_wconf 93' lang='lat'>:</span> <span class='ocrx_word' id='word_1_180' title='bbox 329 1349 378 1374; x_wconf 90' lang='lat' dir='ltr'>ne</span> <span class='ocrx_word' id='word_1_181' title='bbox 407 1335 541 1385; x_wconf 86' lang='lat' dir='ltr'>religio</span> <span class='ocrx_word' id='word_1_182' title='bbox 569 1335 668 1374; x_wconf 89' lang='lat' dir='ltr'>inter</span> <span class='ocrx_word' id='word_1_183' title='bbox 688 1347 760 1372; x_wconf 88' lang='lat' dir='ltr'>nos</span> <span class='ocrx_word' id='word_1_184' title='bbox 781 1336 841 1373; x_wconf 86' lang='lat' dir='ltr'>vel</span> <span class='ocrx_word' id='word_1_185' title='bbox 862 1334 1045 1373; x_wconf 91' lang='lat' dir='ltr'>concidat</span> <span class='ocrx_word' id='word_1_186' title='bbox 1065 1335 1124 1372; x_wconf 92' lang='lat' dir='ltr'>vel</span> <span class='ocrx_word' id='word_1_187' title='bbox 1144 1335 1380 1383; x_wconf 85' lang='lat' dir='ltr'>languescat,</span> <span class='ocrx_word' id='word_1_188' title='bbox 1403 1332 1609 1383; x_wconf 88' lang='lat' dir='ltr'>diligenter</span> 
     </span>
     <span class='ocr_line' id='line_1_24' title="bbox 215 1386 1608 1437; baseline -0.001 -10"><span class='ocrx_word' id='word_1_189' title='bbox 215 1390 407 1427; x_wconf 90' lang='lat' dir='ltr'>colendos</span> <span class='ocrx_word' id='word_1_190' title='bbox 445 1402 529 1427; x_wconf 87' lang='lat' dir='ltr'>esse</span> <span class='ocrx_word' id='word_1_191' title='bbox 567 1401 696 1426; x_wconf 87' lang='lat' dir='ltr'>sacros</span> <span class='ocrx_word' id='word_1_192' title='bbox 735 1396 882 1434; x_wconf 90' lang='lat' dir='ltr'>coetus,</span> <span class='ocrx_word' id='word_1_193' title='bbox 918 1395 955 1426; x_wconf 91' lang='lat' dir='ltr'>et</span> <span class='ocrx_word' id='word_1_194' title='bbox 989 1387 1156 1426; x_wconf 85' lang='lat' dir='ltr'>externis</span> <span class='ocrx_word' id='word_1_195' title='bbox 1194 1386 1389 1434; x_wconf 75' lang='lat' dir='ltr'>subsidiis,</span> <span class='ocrx_word' id='word_1_196' title='bbox 1423 1400 1523 1437; x_wconf 89' lang='lat' dir='ltr'>quae</span> <span class='ocrx_word' id='word_1_197' title='bbox 1556 1388 1608 1425; x_wconf 91' lang='lat' dir='ltr'>ad</span> 
     </span>
     <span class='ocr_line' id='line_1_25' title="bbox 215 1442 1378 1491; baseline -0.003 -10"><span class='ocrx_word' id='word_1_198' title='bbox 215 1444 429 1481; x_wconf 87' lang='lat' dir='ltr'>fovendum</span> <span class='ocrx_word' id='word_1_199' title='bbox 453 1442 527 1481; x_wconf 91' lang='lat' dir='ltr'>Dei</span> <span class='ocrx_word' id='word_1_200' title='bbox 548 1444 697 1480; x_wconf 89' lang='lat' dir='ltr'>cultum</span> <span class='ocrx_word' id='word_1_201' title='bbox 717 1443 883 1489; x_wconf 73' lang='lat' dir='ltr'>valeant,</span> <span class='ocrx_word' id='word_1_202' title='bbox 907 1455 1065 1491; x_wconf 90' lang='lat' dir='ltr'>operam</span> <span class='ocrx_word' id='word_1_203' title='bbox 1088 1442 1259 1480; x_wconf 87' lang='lat' dir='ltr'>dandam</span> <span class='ocrx_word' id='word_1_204' title='bbox 1281 1453 1378 1479; x_wconf 88' lang='lat' dir='ltr'>esse.</span> 
     </span>
    </p>

    <p class='ocr_par' dir='ltr' id='par_1_3' title="bbox 211 1495 1608 2406">
     <span class='ocr_line' id='line_1_26' title="bbox 269 1495 1604 1545; baseline -0.001 -11"><span class='ocrx_word' id='word_1_205' title='bbox 269 1510 301 1536; x_wconf 89' lang='grc'><strong>0.</strong></span> <span class='ocrx_word' id='word_1_206' title='bbox 331 1496 404 1534; x_wconf 80' lang='lat' dir='ltr'>xvi.</span> <span class='ocrx_word' id='word_1_207' title='bbox 467 1497 660 1545; x_wconf 76' lang='lat' dir='ltr'>Quomodo</span> <span class='ocrx_word' id='word_1_208' title='bbox 687 1496 950 1545; x_wconf 66' lang='lat' dir='ltr'>Redemptom</span> <span class='ocrx_word' id='word_1_209' title='bbox 982 1501 1118 1545; x_wconf 75' lang='lat' dir='ltr'>parles</span> <span class='ocrx_word' id='word_1_210' title='bbox 1159 1496 1371 1544; x_wconf 74' lang='lat' dir='ltr'>impleverit</span> <span class='ocrx_word' id='word_1_211' title='bbox 1415 1495 1604 1542; x_wconf 73' lang='lat' dir='ltr'>Christus,</span> 
     </span>
     <span class='ocr_line' id='line_1_27' title="bbox 216 1548 1602 1599; baseline -0.001 -11"><span class='ocrx_word' id='word_1_212' title='bbox 216 1552 300 1597; x_wconf 78' lang='lat' dir='ltr'>&amp;c.,</span> <span class='ocrx_word' id='word_1_213' title='bbox 322 1551 340 1599; x_wconf 63' lang='grc' dir='ltr'>ξ</span> <span class='ocrx_word' id='word_1_214' title='bbox 358 1553 391 1588; x_wconf 88' lang='lat'>6.</span> <span class='ocrx_word' id='word_1_215' title='bbox 425 1552 509 1588; x_wconf 88' lang='lat' dir='ltr'>Iam</span> <span class='ocrx_word' id='word_1_216' title='bbox 531 1558 569 1588; x_wconf 91' lang='lat' dir='ltr'>et</span> <span class='ocrx_word' id='word_1_217' title='bbox 589 1549 673 1599; x_wconf 90' lang='lat' dir='ltr'>ipsa</span> <span class='ocrx_word' id='word_1_218' title='bbox 694 1549 828 1587; x_wconf 87' lang='lat' dir='ltr'>mortis</span> <span class='ocrx_word' id='word_1_219' title='bbox 850 1549 999 1598; x_wconf 87' lang='lat' dir='ltr'>species</span> <span class='ocrx_word' id='word_1_220' title='bbox 1020 1549 1161 1599; x_wconf 88' lang='lat' dir='ltr'>insigni</span> <span class='ocrx_word' id='word_1_221' title='bbox 1182 1548 1365 1598; x_wconf 88' lang='lat' dir='ltr'>mysterio</span> <span class='ocrx_word' id='word_1_222' title='bbox 1385 1561 1467 1587; x_wconf 88' lang='lat' dir='ltr'>non</span> <span class='ocrx_word' id='word_1_223' title='bbox 1487 1556 1602 1587; x_wconf 87' lang='lat' dir='ltr'>caret.</span> 
     </span>
     <span class='ocr_line' id='line_1_28' title="bbox 217 1601 1607 1652; baseline -0.001 -11"><span class='ocrx_word' id='word_1_224' title='bbox 217 1604 434 1643; x_wconf 85' lang='lat' dir='ltr'>Maledicta</span> <span class='ocrx_word' id='word_1_225' title='bbox 453 1617 545 1642; x_wconf 87' lang='lat' dir='ltr'>crux</span> <span class='ocrx_word' id='word_1_226' title='bbox 566 1612 656 1649; x_wconf 89' lang='lat' dir='ltr'>erat,</span> <span class='ocrx_word' id='word_1_227' title='bbox 678 1615 760 1640; x_wconf 88' lang='lat' dir='ltr'>non</span> <span class='ocrx_word' id='word_1_228' title='bbox 780 1604 952 1641; x_wconf 88' lang='lat' dir='ltr'>humana</span> <span class='ocrx_word' id='word_1_229' title='bbox 973 1611 1125 1641; x_wconf 89' lang='lat' dir='ltr'>tantum</span> <span class='ocrx_word' id='word_1_230' title='bbox 1147 1602 1344 1652; x_wconf 87' lang='lat' dir='ltr'>opinione,</span> <span class='ocrx_word' id='word_1_231' title='bbox 1361 1603 1430 1640; x_wconf 91' lang='lat' dir='ltr'>sed</span> <span class='ocrx_word' id='word_1_232' title='bbox 1451 1601 1607 1641; x_wconf 89' lang='lat' dir='ltr'>divinae</span> 
     </span>
     <span class='ocr_line' id='line_1_29' title="bbox 216 1656 1608 1708; baseline -0.001 -12"><span class='ocrx_word' id='word_1_233' title='bbox 216 1658 330 1708; x_wconf 89' lang='lat' dir='ltr'>Legis</span> <span class='ocrx_word' id='word_1_234' title='bbox 369 1660 540 1697; x_wconf 88' lang='lat' dir='ltr'>decreto.</span> <span class='ocrx_word' id='word_1_235' title='bbox 602 1659 649 1695; x_wconf 90' lang='lat' dir='ltr'>In</span> <span class='ocrx_word' id='word_1_236' title='bbox 688 1669 775 1695; x_wconf 90' lang='lat' dir='ltr'>eam</span> <span class='ocrx_word' id='word_1_237' title='bbox 814 1670 904 1707; x_wconf 87' lang='lat' dir='ltr'>ergo</span> <span class='ocrx_word' id='word_1_238' title='bbox 943 1658 1037 1696; x_wconf 88' lang='lat' dir='ltr'>dum</span> <span class='ocrx_word' id='word_1_239' title='bbox 1076 1657 1223 1695; x_wconf 88' lang='lat' dir='ltr'>tollitur</span> <span class='ocrx_word' id='word_1_240' title='bbox 1260 1656 1451 1703; x_wconf 89' lang='lat' dir='ltr'>Christus,</span> <span class='ocrx_word' id='word_1_241' title='bbox 1491 1657 1608 1694; x_wconf 88' lang='lat' dir='ltr'>male-</span> 
     </span>
     <span class='ocr_line' id='line_1_30' title="bbox 215 1709 1605 1761; baseline -0.002 -11"><span class='ocrx_word' id='word_1_242' title='bbox 215 1712 379 1750; x_wconf 86' lang='lat' dir='ltr'>dictioni</span> <span class='ocrx_word' id='word_1_243' title='bbox 411 1726 451 1750; x_wconf 92' lang='lat' dir='ltr'>se</span> <span class='ocrx_word' id='word_1_244' title='bbox 486 1712 702 1750; x_wconf 84' lang='lat' dir='ltr'>obnoxium</span> <span class='ocrx_word' id='word_1_245' title='bbox 742 1710 843 1749; x_wconf 84' lang='lat' dir='ltr'>facit.</span> <span class='ocrx_word' id='word_1_246' title='bbox 905 1714 1035 1761; x_wconf 82' lang='lat' dir='ltr'>Atque</span> <span class='ocrx_word' id='word_1_247' title='bbox 1074 1711 1127 1749; x_wconf 87' lang='lat' dir='ltr'>ita</span> <span class='ocrx_word' id='word_1_248' title='bbox 1164 1712 1311 1748; x_wconf 88' lang='lat' dir='ltr'>factum</span> <span class='ocrx_word' id='word_1_249' title='bbox 1349 1709 1531 1760; x_wconf 89' lang='lat' dir='ltr'>oportuit,</span> <span class='ocrx_word' id='word_1_250' title='bbox 1564 1718 1605 1748; x_wconf 90' lang='lat' dir='ltr'>ut</span> 
     </span>
     <span class='ocr_line' id='line_1_31' title="bbox 215 1764 1606 1815; baseline -0.001 -12"><span class='ocrx_word' id='word_1_251' title='bbox 215 1766 323 1804; x_wconf 87' lang='lat' dir='ltr'>omni</span> <span class='ocrx_word' id='word_1_252' title='bbox 354 1766 631 1812; x_wconf 82' lang='lat' dir='ltr'>exsecratione,</span> <span class='ocrx_word' id='word_1_253' title='bbox 654 1777 756 1815; x_wconf 90' lang='lat' dir='ltr'>quae</span> <span class='ocrx_word' id='word_1_254' title='bbox 784 1774 942 1815; x_wconf 89' lang='lat' dir='ltr'>propter</span> <span class='ocrx_word' id='word_1_255' title='bbox 963 1764 1187 1815; x_wconf 83' lang='lat' dir='ltr'>iniquitates</span> <span class='ocrx_word' id='word_1_256' title='bbox 1212 1772 1364 1802; x_wconf 88' lang='lat' dir='ltr'>nostras</span> <span class='ocrx_word' id='word_1_257' title='bbox 1384 1777 1456 1802; x_wconf 91' lang='lat' dir='ltr'>nos</span> <span class='ocrx_word' id='word_1_258' title='bbox 1478 1776 1606 1802; x_wconf 89' lang='lat' dir='ltr'>mane-</span> 
     </span>
     <span class='ocr_line' id='line_1_32' title="bbox 215 1817 1603 1869; baseline -0.001 -12"><span class='ocrx_word' id='word_1_259' title='bbox 215 1820 293 1865; x_wconf 85' lang='lat' dir='ltr'>bat,</span> <span class='ocrx_word' id='word_1_260' title='bbox 326 1822 384 1858; x_wconf 91' lang='lat' dir='ltr'>vel</span> <span class='ocrx_word' id='word_1_261' title='bbox 414 1820 543 1869; x_wconf 89' lang='lat' dir='ltr'>potius</span> <span class='ocrx_word' id='word_1_262' title='bbox 574 1819 688 1857; x_wconf 91' lang='lat' dir='ltr'>nobis</span> <span class='ocrx_word' id='word_1_263' title='bbox 718 1820 984 1865; x_wconf 88' lang='lat' dir='ltr'>incumbebat,</span> <span class='ocrx_word' id='word_1_264' title='bbox 1015 1819 1283 1864; x_wconf 85' lang='lat' dir='ltr'>eximeremur,</span> <span class='ocrx_word' id='word_1_265' title='bbox 1314 1819 1410 1856; x_wconf 89' lang='lat' dir='ltr'>dum</span> <span class='ocrx_word' id='word_1_266' title='bbox 1441 1817 1481 1855; x_wconf 90' lang='lat' dir='ltr'>in</span> <span class='ocrx_word' id='word_1_267' title='bbox 1513 1830 1603 1855; x_wconf 90' lang='lat' dir='ltr'>eum</span> 
     </span>
     <span class='ocr_line' id='line_1_33' title="bbox 214 1870 1604 1922; baseline -0.002 -11"><span class='ocrx_word' id='word_1_268' title='bbox 214 1874 437 1912; x_wconf 87' lang='lat' dir='ltr'>traducitur.</span> <span class='ocrx_word' id='word_1_269' title='bbox 455 1904 462 1911; x_wconf 90' lang='lat'><strong>.</strong></span> <span class='ocrx_word' id='word_1_270' title='bbox 479 1904 484 1910; x_wconf 92' lang='lat'><em>.</em></span> <span class='ocrx_word' id='word_1_271' title='bbox 502 1906 504 1908; x_wconf 96' lang='lat'>.</span> <span class='ocrx_word' id='word_1_272' title='bbox 542 1875 685 1922; x_wconf 85' lang='lat' dir='ltr'>Quare,</span> <span class='ocrx_word' id='word_1_273' title='bbox 708 1881 750 1911; x_wconf 89' lang='lat' dir='ltr'>ut</span> <span class='ocrx_word' id='word_1_274' title='bbox 768 1873 867 1911; x_wconf 89' lang='lat' dir='ltr'>iusta</span> <span class='ocrx_word' id='word_1_275' title='bbox 888 1872 1110 1922; x_wconf 85' lang='lat' dir='ltr'>expiatione</span> <span class='ocrx_word' id='word_1_276' title='bbox 1129 1873 1414 1922; x_wconf 84' lang='lat' dir='ltr'>defungeretur,</span> <span class='ocrx_word' id='word_1_277' title='bbox 1432 1870 1604 1909; x_wconf 88' lang='lat' dir='ltr'>animam</span> 
     </span>
     <span class='ocr_line' id='line_1_34' title="bbox 215 1925 1603 1976; baseline -0.001 -12"><span class='ocrx_word' id='word_1_278' title='bbox 215 1940 325 1965; x_wconf 88' lang='lat' dir='ltr'>suam</span> <span class='ocrx_word' id='word_1_279' title='bbox 346 1928 512 1964; x_wconf 67' lang='lat' dir='ltr'>Asellam</span> <span class='ocrx_word' id='word_1_280' title='bbox 533 1927 737 1976; x_wconf 87' lang='lat' dir='ltr'>impendit,</span> <span class='ocrx_word' id='word_1_281' title='bbox 761 1929 837 1965; x_wconf 91' lang='lat' dir='ltr'>hoc</span> <span class='ocrx_word' id='word_1_282' title='bbox 861 1935 919 1965; x_wconf 86' lang='lat' dir='ltr'>est</span> <span class='ocrx_word' id='word_1_283' title='bbox 946 1926 1242 1965; x_wconf 89' lang='lat' dir='ltr'>satisfactoriam</span> <span class='ocrx_word' id='word_1_284' title='bbox 1263 1925 1415 1975; x_wconf 89' lang='lat' dir='ltr'>peccati</span> <span class='ocrx_word' id='word_1_285' title='bbox 1435 1925 1603 1963; x_wconf 88' lang='lat' dir='ltr'>hostiam</span> 
     </span>
     <span class='ocr_line' id='line_1_35' title="bbox 214 1978 1604 2030; baseline -0.001 -12"><span class='ocrx_word' id='word_1_286' title='bbox 214 1981 274 2029; x_wconf 85' lang='lat' dir='ltr'>(ut</span> <span class='ocrx_word' id='word_1_287' title='bbox 303 1980 430 2029; x_wconf 90' lang='lat' dir='ltr'>inquit</span> <span class='ocrx_word' id='word_1_288' title='bbox 461 1982 669 2029; x_wconf 86' lang='lat' dir='ltr'>Propheta,</span> <span class='ocrx_word' id='word_1_289' title='bbox 701 1983 774 2019; x_wconf 87' lang='lat' dir='ltr'>Ies.</span> <span class='ocrx_word' id='word_1_290' title='bbox 798 1980 862 2018; x_wconf 87' lang='lat' dir='ltr'>liii.</span> <span class='ocrx_word' id='word_1_291' title='bbox 889 1994 921 2030; x_wconf 87' lang='lat'>5,</span> <span class='ocrx_word' id='word_1_292' title='bbox 950 1982 1012 2029; x_wconf 92' lang='lat'>11)</span> <span class='ocrx_word' id='word_1_293' title='bbox 1034 1980 1073 2018; x_wconf 92' lang='lat' dir='ltr'>in</span> <span class='ocrx_word' id='word_1_294' title='bbox 1097 1993 1216 2029; x_wconf 88' lang='lat' dir='ltr'>quam</span> <span class='ocrx_word' id='word_1_295' title='bbox 1246 1978 1390 2018; x_wconf 88' lang='lat' dir='ltr'>reiecta</span> <span class='ocrx_word' id='word_1_296' title='bbox 1414 1980 1604 2028; x_wconf 87' lang='lat' dir='ltr'>quodam-</span> 
     </span>
     <span class='ocr_line' id='line_1_36' title="bbox 215 2032 1603 2083; baseline -0.001 -11"><span class='ocrx_word' id='word_1_297' title='bbox 215 2035 336 2072; x_wconf 90' lang='lat' dir='ltr'>modo</span> <span class='ocrx_word' id='word_1_298' title='bbox 367 2036 519 2072; x_wconf 87' lang='lat' dir='ltr'>macula</span> <span class='ocrx_word' id='word_1_299' title='bbox 548 2042 586 2072; x_wconf 88' lang='lat' dir='ltr'>et</span> <span class='ocrx_word' id='word_1_300' title='bbox 617 2047 744 2082; x_wconf 83' lang='lat' dir='ltr'>poena</span> <span class='ocrx_word' id='word_1_301' title='bbox 773 2034 888 2072; x_wconf 85' lang='lat' dir='ltr'>nobis</span> <span class='ocrx_word' id='word_1_302' title='bbox 918 2034 1071 2072; x_wconf 86' lang='lat' dir='ltr'>desinat</span> <span class='ocrx_word' id='word_1_303' title='bbox 1100 2032 1295 2083; x_wconf 88' lang='lat' dir='ltr'>imputari.</span> <span class='ocrx_word' id='word_1_304' title='bbox 1354 2032 1539 2082; x_wconf 87' lang='lat' dir='ltr'>Apertius</span> <span class='ocrx_word' id='word_1_305' title='bbox 1562 2032 1603 2071; x_wconf 93' lang='lat' dir='ltr'>id</span> 
     </span>
     <span class='ocr_line' id='line_1_37' title="bbox 214 2086 1604 2138; baseline -0.001 -13"><span class='ocrx_word' id='word_1_306' title='bbox 214 2089 341 2138; x_wconf 87' lang='lat' dir='ltr'>ipsum</span> <span class='ocrx_word' id='word_1_307' title='bbox 364 2096 526 2126; x_wconf 89' lang='lat' dir='ltr'>testatur</span> <span class='ocrx_word' id='word_1_308' title='bbox 547 2090 772 2136; x_wconf 82' lang='lat' dir='ltr'>Apostolus,</span> <span class='ocrx_word' id='word_1_309' title='bbox 797 2101 919 2137; x_wconf 90' lang='lat' dir='ltr'>quum</span> <span class='ocrx_word' id='word_1_310' title='bbox 941 2089 1059 2126; x_wconf 88' lang='lat' dir='ltr'>docet</span> <span class='ocrx_word' id='word_1_311' title='bbox 1080 2100 1168 2125; x_wconf 91' lang='lat' dir='ltr'>eum</span> <span class='ocrx_word' id='word_1_312' title='bbox 1191 2086 1258 2136; x_wconf 89' lang='lat' dir='ltr'>qui</span> <span class='ocrx_word' id='word_1_313' title='bbox 1287 2094 1494 2135; x_wconf 90' lang='lat' dir='ltr'>peccatum</span> <span class='ocrx_word' id='word_1_314' title='bbox 1521 2099 1604 2124; x_wconf 89' lang='lat' dir='ltr'>non</span> 
     </span>
     <span class='ocr_line' id='line_1_38' title="bbox 213 2139 1603 2191; baseline -0.001 -12"><span class='ocrx_word' id='word_1_315' title='bbox 213 2150 385 2188; x_wconf 80' lang='lat' dir='ltr'>noverat,</span> <span class='ocrx_word' id='word_1_316' title='bbox 408 2149 614 2191; x_wconf 88' lang='lat' dir='ltr'>peccatum</span> <span class='ocrx_word' id='word_1_317' title='bbox 645 2154 714 2190; x_wconf 90' lang='lat' dir='ltr'>pro</span> <span class='ocrx_word' id='word_1_318' title='bbox 744 2141 859 2180; x_wconf 89' lang='lat' dir='ltr'>nobis</span> <span class='ocrx_word' id='word_1_319' title='bbox 884 2155 905 2179; x_wconf 88' lang='lat' dir='ltr'>a</span> <span class='ocrx_word' id='word_1_320' title='bbox 936 2144 1049 2179; x_wconf 88' lang='lat' dir='ltr'>Patre</span> <span class='ocrx_word' id='word_1_321' title='bbox 1078 2142 1236 2187; x_wconf 87' lang='lat' dir='ltr'>factum,</span> <span class='ocrx_word' id='word_1_322' title='bbox 1257 2152 1338 2189; x_wconf 88' lang='lat' dir='ltr'>quo</span> <span class='ocrx_word' id='word_1_323' title='bbox 1357 2139 1503 2178; x_wconf 90' lang='lat' dir='ltr'>iustitia</span> <span class='ocrx_word' id='word_1_324' title='bbox 1527 2139 1603 2178; x_wconf 93' lang='lat' dir='ltr'>Dei</span> 
     </span>
     <span class='ocr_line' id='line_1_39' title="bbox 213 2193 1604 2245; baseline -0.002 -11"><span class='ocrx_word' id='word_1_325' title='bbox 213 2197 455 2234; x_wconf 86' lang='lat' dir='ltr'>efficeremur</span> <span class='ocrx_word' id='word_1_326' title='bbox 476 2195 513 2232; x_wconf 89' lang='lat' dir='ltr'>in</span> <span class='ocrx_word' id='word_1_327' title='bbox 536 2195 602 2233; x_wconf 91' lang='lat' dir='ltr'>illo</span> <span class='ocrx_word' id='word_1_328' title='bbox 624 2195 660 2244; x_wconf 83' lang='lat'>(2</span> <span class='ocrx_word' id='word_1_329' title='bbox 685 2195 775 2234; x_wconf 88' lang='lat' dir='ltr'>Cor.</span> <span class='ocrx_word' id='word_1_330' title='bbox 798 2209 831 2232; x_wconf 87' lang='lat' dir='ltr'>v.</span> <span class='ocrx_word' id='word_1_331' title='bbox 859 2194 935 2245; x_wconf 77' lang='lat'>21).</span> <span class='ocrx_word' id='word_1_332' title='bbox 995 2196 1097 2232; x_wconf 83' lang='lat' dir='ltr'>Nam</span> <span class='ocrx_word' id='word_1_333' title='bbox 1130 2193 1249 2231; x_wconf 87' lang='lat' dir='ltr'>Filius</span> <span class='ocrx_word' id='word_1_334' title='bbox 1271 2193 1358 2241; x_wconf 87' lang='lat' dir='ltr'>Dei,</span> <span class='ocrx_word' id='word_1_335' title='bbox 1380 2193 1489 2232; x_wconf 88' lang='lat' dir='ltr'>omni</span> <span class='ocrx_word' id='word_1_336' title='bbox 1509 2193 1604 2232; x_wconf 87' lang='lat' dir='ltr'>vitio</span> 
     </span>
     <span class='ocr_line' id='line_1_40' title="bbox 212 2247 1603 2299; baseline -0.002 -12"><span class='ocrx_word' id='word_1_337' title='bbox 212 2249 453 2299; x_wconf 89' lang='lat' dir='ltr'>purissimus,</span> <span class='ocrx_word' id='word_1_338' title='bbox 488 2248 739 2298; x_wconf 85' lang='lat' dir='ltr'>iniquitatum</span> <span class='ocrx_word' id='word_1_339' title='bbox 774 2257 907 2286; x_wconf 89' lang='lat' dir='ltr'>tamen</span> <span class='ocrx_word' id='word_1_340' title='bbox 941 2256 1159 2285; x_wconf 86' lang='lat' dir='ltr'>nostrarum</span> <span class='ocrx_word' id='word_1_341' title='bbox 1197 2248 1384 2297; x_wconf 91' lang='lat' dir='ltr'>probrum</span> <span class='ocrx_word' id='word_1_342' title='bbox 1417 2260 1464 2285; x_wconf 89' lang='lat' dir='ltr'>ac</span> <span class='ocrx_word' id='word_1_343' title='bbox 1498 2247 1603 2297; x_wconf 93' lang='lat' dir='ltr'>igno-</span> 
     </span>
     <span class='ocr_line' id='line_1_41' title="bbox 211 2301 1602 2352; baseline -0.001 -12"><span class='ocrx_word' id='word_1_344' title='bbox 211 2303 373 2340; x_wconf 88' lang='lat' dir='ltr'>miniam</span> <span class='ocrx_word' id='word_1_345' title='bbox 399 2302 536 2350; x_wconf 88' lang='lat' dir='ltr'>induit,</span> <span class='ocrx_word' id='word_1_346' title='bbox 567 2315 612 2340; x_wconf 89' lang='lat' dir='ltr'>ac</span> <span class='ocrx_word' id='word_1_347' title='bbox 639 2316 708 2340; x_wconf 90' lang='lat' dir='ltr'>sua</span> <span class='ocrx_word' id='word_1_348' title='bbox 737 2301 905 2341; x_wconf 86' lang='lat' dir='ltr'>vicissim</span> <span class='ocrx_word' id='word_1_349' title='bbox 935 2301 1102 2351; x_wconf 85' lang='lat' dir='ltr'>puritate</span> <span class='ocrx_word' id='word_1_350' title='bbox 1127 2314 1198 2340; x_wconf 92' lang='lat' dir='ltr'>nos</span> <span class='ocrx_word' id='word_1_351' title='bbox 1225 2301 1391 2352; x_wconf 90' lang='lat' dir='ltr'>operuit.</span> <span class='ocrx_word' id='word_1_352' title='bbox 1448 2302 1602 2339; x_wconf 91' lang='lat' dir='ltr'>Eodem</span> 
     </span>
     <span class='ocr_line' id='line_1_42' title="bbox 211 2354 1603 2406; baseline -0.001 -12"><span class='ocrx_word' id='word_1_353' title='bbox 211 2357 364 2395; x_wconf 88' lang='lat' dir='ltr'>videtur</span> <span class='ocrx_word' id='word_1_354' title='bbox 394 2356 618 2406; x_wconf 86' lang='lat' dir='ltr'>respexisse,</span> <span class='ocrx_word' id='word_1_355' title='bbox 642 2370 765 2406; x_wconf 90' lang='lat' dir='ltr'>quum</span> <span class='ocrx_word' id='word_1_356' title='bbox 794 2357 910 2395; x_wconf 87' lang='lat' dir='ltr'>tradit</span> <span class='ocrx_word' id='word_1_357' title='bbox 940 2357 990 2394; x_wconf 92' lang='lat' dir='ltr'>de</span> <span class='ocrx_word' id='word_1_358' title='bbox 1018 2363 1193 2405; x_wconf 87' lang='lat' dir='ltr'>peccato,</span> <span class='ocrx_word' id='word_1_359' title='bbox 1225 2356 1455 2394; x_wconf 90' lang='lat' dir='ltr'>damnatum</span> <span class='ocrx_word' id='word_1_360' title='bbox 1485 2354 1603 2393; x_wconf 91' lang='lat' dir='ltr'>fuisse</span> 
     </span>
    </p>
   </div>
   <div class='ocr_carea' id='block_1_3' title="bbox 211 2423 1602 2511">
    <p class='ocr_par' dir='ltr' id='par_1_4' title="bbox 211 2423 1602 2511">
     <span class='ocr_line' id='line_1_43' title="bbox 255 2423 1602 2465; baseline -0.001 -9"><span class='ocrx_word' id='word_1_361' title='bbox 255 2425 266 2444; x_wconf 79' lang='lat'>¹</span> <span class='ocrx_word' id='word_1_362' title='bbox 292 2428 319 2456; x_wconf 84' lang='lat' dir='ltr'>A</span> <span class='ocrx_word' id='word_1_363' title='bbox 346 2427 428 2458; x_wconf 76' lang='lat' dir='ltr'>view</span> <span class='ocrx_word' id='word_1_364' title='bbox 452 2426 579 2457; x_wconf 65' lang='lat' dir='ltr'>rex-{ved</span> <span class='ocrx_word' id='word_1_365' title='bbox 608 2427 639 2456; x_wconf 89' lang='lat' dir='ltr'>in</span> <span class='ocrx_word' id='word_1_366' title='bbox 664 2427 718 2457; x_wconf 84' lang='lat' dir='ltr'>the</span> <span class='ocrx_word' id='word_1_367' title='bbox 741 2426 968 2457; x_wconf 56' lang='lat' dir='ltr'>XVestminster</span> <span class='ocrx_word' id='word_1_368' title='bbox 992 2426 1198 2464; x_wconf 87' lang='lat' dir='ltr'>Confession,</span> <span class='ocrx_word' id='word_1_369' title='bbox 1227 2425 1290 2464; x_wconf 84' lang='lat' dir='ltr'>xxi,</span> <span class='ocrx_word' id='word_1_370' title='bbox 1316 2427 1332 2462; x_wconf 64' lang='grc' dir='ltr'>ξ</span> <span class='ocrx_word' id='word_1_371' title='bbox 1359 2432 1389 2465; x_wconf 85' lang='lat'>7,</span> <span class='ocrx_word' id='word_1_372' title='bbox 1413 2423 1521 2456; x_wconf 87' lang='lat' dir='ltr'>which</span> <span class='ocrx_word' id='word_1_373' title='bbox 1544 2424 1602 2455; x_wconf 86' lang='lat' dir='ltr'>has</span> 
     </span>
     <span class='ocr_line' id='line_1_44' title="bbox 211 2469 832 2511; baseline 0 -11"><span class='ocrx_word' id='word_1_374' title='bbox 211 2475 268 2501; x_wconf 90' lang='lat' dir='ltr'>not</span> <span class='ocrx_word' id='word_1_375' title='bbox 284 2470 438 2501; x_wconf 83' lang='lat' dir='ltr'>followed</span> <span class='ocrx_word' id='word_1_376' title='bbox 455 2469 572 2501; x_wconf 87' lang='lat' dir='ltr'>Calvin</span> <span class='ocrx_word' id='word_1_377' title='bbox 590 2480 631 2500; x_wconf 90' lang='lat' dir='ltr'>on</span> <span class='ocrx_word' id='word_1_378' title='bbox 649 2469 712 2500; x_wconf 84' lang='lat' dir='ltr'>this</span> <span class='ocrx_word' id='word_1_379' title='bbox 729 2470 832 2511; x_wconf 87' lang='lat' dir='ltr'>point.</span> 
     </span>
    </p>
   </div>
  </div>
 </body>
</html>
