1715 2780
111 101 160 140 75
542 91 601 128 IN
638 90 1077 140 SWEDEN‚1523—4
1434 99 1504 137 157

109 194 176 246 qui
207 195 328 234 verbo
364 193 439 233 Dei
467 192 659 232 contraria
685 194 946 232 decernunt..
1003 192 1090 230 .Et
1124 190 1286 242 quidem
1320 190 1350 229 si
1387 192 1506 229 finem

110 251 359 289 decretorum
387 249 588 300 papalium
609 247 877 293 observamus,
901 221 1154 284 inveniuntur
1180 245 1265 296 ipsa
1293 244 1510 284 constituta

109 304 160 343 ad
175 304 488 342 confirmandam
505 301 778 341 auctoritatem
797 303 929 351 Papae
944 299 1118 339 Romani
1134 299 1298 350 eiusque
1312 299 1507 338 sociorum

110 371 210 409 quos
229 364 374 396 vocant
394 358 588 408 praelatos
608 355 825 403 ecclesiae3
853 368 934 394 non
955 368 1046 393 vero
1068 362 1314 393 concernunt
1334 352 1399 392 illa
1419 367 1510 392 con-

110 411 370 451 servationem
392 411 526 450 salutis
546 409 804 450 credentium
854 411 987 459 Quare
1007 408 1215 448 videmur
1206 422 1246 446 m
1267 421 1313 447 ea
1333 414 1511 458 tempora

112 465 297 505 incidisse
327 479 429 516 quae
453 466 671 516 Apostolus
695 463 888 515 praedixit
908 465 1037 503 futura
1061 465 1148 501 Act.
1170 477 1216 500 xx
1239 460 1323 515 [29]
1346 463 1510 501 dicens:

114 523 232 559 ‘Post
252 533 385 558 meum
407 519 625 559 discessum
656 518 929 569 ingrediuntur
959 518 1040 568 lupi
1070 518 1255 568 rapaces)
1314 516 1391 555 His
1422 517 1511 554 resi

112 575 297 614 stendum
318 587 415 622 esse,
439 586 587 624 eosque
607 573 738 624 gladio
765 572 931 623 Spiritus
953 574 989 610 S.
1011 584 1083 610 ceu
1115 571 1260 622 scripto
1292 570 1367 610 Dei
1389 570 1511 609 verbo

111 628 400 668 confodiendos
421 629 459 667 S.
479 627 678 678 Scriptura
698 635 844 666 monet.

166 685 280 734 Prop.
303 684 374 721 IV.
405 684 469 721 An
490 681 539 720 sit
562 681 744 732 praelatis
766 681 956 720 ecclesiae
978 680 1145 719 liberum
1168 678 1512 719 excommunicare

113 750 392 788 quemcunque
411 737 579 776 volunt?

166 792 281 842 Resp.
313 793 368 830 D.
404 792 528 830 Galle.
584 791 737 829 Eadem
772 788 984 828 auctoritas
1020 790 1283 839 praelatorum
1323 788 1512 827 ecclesiae

113 847 214 885 valet
247 847 324 884 hoc
358 846 458 893 loco,
494 858 595 896 quae
630 857 746 894 supra
776 851 835 883 est
866 844 1041 894 probata,
1079 844 1305 893 praesertim
1341 856 1387 881 ex
1421 849 1513 881 text.

116 902 229 939 Matt.
258 899 359 938 xviii.

168 955 353 1004 Exceptio
373 955 434 992 M.
461 954 564 993 Olaz'.
592 984 598 992 .
624 984 630 991 .
654 983 660 990 .
684 953 769 991 Iam
800 951 1009 1003 quaeritur,
1035 953 1142 991 Num
1173 951 1333 1002 praelati
1361 950 1514 1002 possint

115 1007 456 1047 excommunicare
477 1021 546 1047 seu
567 1020 745 1058 separare
766 1007 817 1045 ab
833 1006 999 1045 ecclesia
1020 1007 1103 1045 eius
1124 1005 1211 1045 viva
1231 1005 1420 1053 membra,
1437 1005 1514 1044 hoc

116 1070 186 1111 est,
220 1075 421 1113 segregare
453 1062 610 1101 fidelem
645 1075 667 1100 a
705 1062 875 1109 Christo,
912 1060 980 1111 qui
1012 1060 1052 1099 in
1083 1061 1202 1100 corde
1237 1060 1320 1099 eius
1351 1060 1513 1105 habitat,

117 1117 275 1156 dicente
306 1117 501 1167 Apostolo
533 1117 634 1166 Eph.
670 1115 709 1153 iii
743 1112 841 1167 [17].
900 1114 1021 1165 Atqui
1060 1115 1187 1153 fidelis
1225 1122 1283 1153 est
1322 1115 1514 1164 templum

118 1171 282 1222 Spiritus
309 1173 346 1210 S.
359 1172 376 1209 ?
434 1172 527 1209 Hoc
548 1169 776 1220 simpliciter
802 1182 915 1219 nego,
938 1168 1031 1219 quia
1055 1169 1175 1208 solius
1196 1176 1254 1207 est
1278 1167 1353 1207 Dei
1374 1169 1517 1219 καρδιο-

117 1226 287 1278 γνώστου
305 1237 537 1264 conservare
559 1225 717 1263 fidelem
738 1231 776 1262 et
804 1225 992 1262 damnare
1013 1222 1227 1270 infidelem,
1252 1230 1294 1260 ut
1314 1223 1367 1261 ait
1388 1230 1516 1261 textus

120 1282 237 1320 Deut.
265 1279 363 1318 xxxii
397 1276 483 1332 [39]
517 1278 696 1338 ‘'Castigo
726 1284 764 1316 et
794 1278 912 1324 salvo,
944 1291 1018 1316 nec
1049 1284 1107 1316 est
1136 1276 1204 1337 qui
1233 1277 1361 1315 iuvat.'
1418 1278 1517 1315 Sunt

119 1334 223 1373 enim
244 1335 322 1372 vita
342 1340 380 1372 et
400 1346 505 1372 mors
524 1332 565 1371 in
586 1345 706 1371 manu
728 1331 816 1371 Dei.
868 1331 978 1370 Sicut
997 1330 1175 1382 episcopi
1196 1338 1234 1370 et
1255 1330 1415 1381 praelati
1437 1343 1518 1370 non

119 1396 284 1439 possunt
312 1388 494 1427 absolute
524 1388 618 1427 dare
650 1386 837 1437 Spiritum
869 1387 918 1433 S.‚
951 1386 1004 1424 ita
1034 1399 1165 1436 neque
1203 1393 1369 1435 possunt
1408 1385 1517 1423 illum

119 1444 282 1491 auferre,
303 1443 450 1481 nedum
481 1455 527 1480 ex
557 1440 644 1479 filiis
676 1440 752 1480 Dei
781 1441 909 1479 facere
939 1453 1008 1491 per
1041 1453 1126 1480 sese
1156 1440 1256 1478 filios
1287 1440 1519 1479 Gehennae.

122 1499 299 1536 Potestas
314 1504 451 1536 sancto
465 1494 681 1534 ministerio
697 1496 790 1534 data
805 1496 919 1533 Matt.
930 1494 1020 1533 xviii
1034 1492 1136 1548 [18],
1152 1494 1356 1534 concernit
1369 1507 1520 1532 annun-

122 1550 331 1590 ciationem
353 1549 586 1602 evangelii..
639 1550 754 1588 ,Nec
782 1548 939 1600 respicit
973 1562 1066 1587 usus
1097 1547 1519 1588 excommunicationis

121 1604 282 1656 aliquod
311 1603 533 1644 dominium
563 1605 762 1643 saeculare
791 1611 858 1642 aut
888 1610 1123 1654 potestatem
1157 1602 1389 1642 instituendi
1419 1615 1521 1640 nova

122 1660 307 1710 dogmata
327 1658 446 1706 fidei3
476 1659 546 1698 sed
566 1658 736 1697 intendit
756 1657 862 1709 piam
882 1657 1131 1708 disciplinam
1154 1656 1343 1696 ecclesiae
1364 1664 1402 1695 et
1422 1655 1522 1695 ordi-

123 1713 271 1752 nariam
291 1720 544 1764 peccatorum
572 1712 869 1752 correctionem.
953 1713 1124 1751 .Talem
1154 1718 1402 1761 peccatorem
1430 1710 1522 1761 ligat

126 1766 166 1806 in
186 1767 266 1807 suis
286 1766 458 1818 peccatis
479 1766 562 1818 ipse
580 1769 701 1814 Deus,
721 1779 802 1805 non
823 1767 957 1805 homo.
1015 1765 1072 1804 Sit
1093 1765 1226 1816 itaque
1246 1765 1348 1804 iusta
1368 1777 1522 1804 excom-

126 1821 340 1861 municatio
368 1834 469 1872 opus
500 1821 586 1869 Dei,
613 1820 706 1872 quia
735 1820 841 1858 iuxta
868 1820 1100 1859 mandatum
1122 1850 1129 1857 .
1153 1850 1159 1858 .
1183 1819 1267 1858 eius
1294 1826 1499 1871 peragetur
1514 1833 1523 1866 3

125 1889 206 1915 non
226 1875 297 1915 erit
325 1875 429 1914 actio
458 1876 554 1914 nudi
585 1874 768 1921 hominis,
790 1875 897 1912 iuxta
916 1873 1107 1924 cuiusque
1133 1873 1334 1912 arbitrium
1357 1872 1523 1912 admini-

126 1931 294 1969 stranda.
351 1929 415 1969 Sic
444 1929 540 1968 fallit
568 1931 619 1967 D.
640 1929 753 1968 Galle
783 1928 994 1968 tribuendo
1024 1927 1266 1975 hominibus,
1296 1926 1523 1978 praesertim

127 1984 306 2034 praelatis
321 1983 522 2032 ecclesiae,
533 1990 770 2034 potestatem
784 1982 1209 2023 faciendiChristianos
1226 1983 1394 2021 Satanae
1412 1981 1523 2027 filios,

128 2044 170 2076 ut
189 2037 322 2089 ligatio
337 2051 405 2077 seu
419 2036 778 2077 excommunicatio
792 2036 1005 2077 Christiani
1017 2036 1190 2076 hominis
1203 2036 1309 2075 iuxta
1321 2035 1523 2075 arbitrium

129 2093 389 2141 praelatorum
410 2091 599 2131 ecclesiae
620 2093 732 2139 facta,
748 2093 875 2130 valeat
894 2092 934 2129 in
954 2092 1076 2138 caelo,
1099 2097 1138 2130 et
1158 2090 1306 2141 obliget
1325 2089 1527 2130 conscien-

129 2144 223 2183 tiam
243 2145 426 2193 hominis‚
450 2145 540 2185 licet
560 2145 703 2184 iniuste
725 2144 1066 2184 excommunicati.
1091 2175 1098 2184 .
1124 2175 1130 2183 .
1153 2175 1160 2182 .

184 2199 405 2250 Propositio
438 2201 487 2237 V.
530 2201 676 2239 Utrum
710 2199 937 2239 dominatus
970 2201 1099 2249 Papae
1132 2198 1296 2250 eiusque
1330 2199 1525 2238 sociorum

132 2253 283 2301 placeat
303 2255 403 2301 Deo,
425 2255 582 2292 necne?

186 2307 298 2357 Resp.
327 2309 382 2346 D.
416 2308 541 2346 Galle.
599 2308 647 2345 In
675 2306 802 2355 verbis
831 2306 977 2346 Christi
1008 2308 1106 2346 Luc.
1135 2306 1211 2345 xxii
1240 2305 1359 2359 [26].
1385 2317 1527 2343 ..non

134 2359 360 2407 prohibetur
375 2360 626 2411 principatus,
645 2362 715 2400 sed
732 2351 931 2410 superbia:
963 2374 1093 2411 neque
1109 2361 1326 2410 denegatur
1340 2335 1529 2418 apostolis

135 2412 365 2460 gubernatio
398 2414 587 2453 ecclesiae
621 2428 750 2472 neque
784 2427 920 2453 eorum
960 2413 1252 2453 successoribus
1291 2411 1530 2470 principatus

137 2465 348 2506 ccclesite;
386 2467 455 2505 sed
486 2468 685 2516 tyrannica
716 2467 935 2506 dominitio
966 2467 1204 2517 prohibetur,
1229 2480 1328 2515 quite
1354 2464 1529 2514 gentium
