1715 2780
109 96 184 134 193
267 84 387 122 THE
418 79 836 121 DISPUTATIONS
866 78 940 115 AT
972 66 1205 121 21331611,
1244 85 1342 124 1523
1428 84 1504 122 425

110 186 290 228 Christus
310 185 476 225 voluerit
496 187 572 224 hoc
594 183 714 223 verbo
735 181 966 234 significare,
987 180 1098 220 addit
1115 195 1122 218 :
1152 181 1162 199 ‘
1177 178 1506 228 Quotiescunque

110 240 438 281 manducaveritis
464 252 608 290 panem
638 240 744 276 hunc
774 244 813 276 et
840 237 1028 287 poculum
1058 232 1245 280 biberitis,
1269 230 1508 270 annunciate

110 303 275 335 mortem
299 294 463 334 Domini
482 295 611 333 donec
631 291 785 332 veniat!
843 292 920 329 His
946 287 1200 340 apertissimis
1224 286 1352 325 verbis
1379 292 1506 324 osten-

109 350 213 390 ditur
232 349 358 400 ipsam
382 348 558 399 synaxim
584 347 691 386 aliud
720 359 802 385 non
831 358 916 384 esse
937 357 1055 395 quam
1085 339 1507 381 commemorationem

109 404 302 455 passionis
324 402 558 443 dominicae.
610 403 700 450 Qua
721 402 847 439 fronte
868 398 982 450 igitur
998 410 1146 449 quaeso
1162 411 1209 436 ex
1224 407 1508 434 commemora-

109 458 217 498 tione
238 458 481 498 oblationem
501 458 678 496 fecerunt
699 454 789 493 isti?
846 454 966 493 Unde
988 452 1055 503 qui
1078 452 1212 491 fideles
1240 462 1388 496 sumus,
1410 449 1505 487 dum

111 513 256 553 Christi
300 525 441 563 corpus
485 518 523 550 et
565 509 796 560 sanguinem
836 509 990 547 edimus
1028 521 1073 545 ac
1112 505 1296 551 bibimus,
1340 510 1506 541 mortem

112 567 276 606 Domini
324 565 617 612 ebuccinemus,
658 564 779 613 idque
826 561 1016 613 quamdiu
1066 561 1238 599 mundus
1277 556 1506 597 constiterit.

110 621 242 661 Causa
270 619 469 671 praeconii
498 619 590 658 satis
618 619 750 668 ampla
779 626 847 664 est,
880 617 988 667 quod
1019 615 1199 656 Christus
1229 627 1301 652 nos
1331 611 1509 650 liberavit

111 688 180 714 sua
201 683 327 714 morte
342 682 380 713 et
400 672 599 724 sanguinis
621 672 821 718 effusione,
840 679 958 721 atque
979 671 1119 709 eadem
1140 668 1180 706 in
1197 668 1330 707 cibum
1347 664 1509 705 tradidit

110 743 212 780 quae
233 730 311 768 fide
331 728 579 768 comedimus
609 740 691 765 non
720 725 917 772 dentibus,
940 733 1098 775 propter
1119 736 1237 774 quam
1262 724 1370 760 Deus
1392 719 1507 758 nobis

111 783 354 822 invisibiliter
374 782 545 821 illabitur
564 795 610 820 ac
630 780 807 819 animum
832 779 966 830 pascit.

160 839 267 877 Unde
286 844 322 876 et
340 850 526 884 memores,
541 836 715 882 Domine,
733 848 799 873 nos
818 835 921 872 servi
938 834 1006 880 lai,
1023 834 1087 870 sed
1105 837 1141 869 et
1151 832 1257 881 plebs
1278 837 1344 868 lna
1361 834 1504 867 sancta.

114 893 194 931 Hic
234 893 408 931 ‘servos'
447 904 517 942 pro
565 888 877 928 ministrantibus
925 886 1196 926 sacerdotibus
1235 884 1384 935 positos
1424 896 1509 921 esse

111 954 286 994 autumo,
308 959 358 984 ne
388 958 563 995 unquam
593 944 667 982 sibi
698 945 840 993 primas
862 956 943 981 non
973 941 1199 980 tribuerent.
1245 939 1398 978 Christi
1414 938 1513 976 Filii

112 1002 172 1038 tm·
188 1001 358 1039 Domini
374 1001 457 1038 Dei
474 1000 599 1037 nostri
616 1004 694 1036 lam
715 999 843 1036 bealae
853 997 1057 1046 passionis,
1082 1008 1219 1033 necnon
1240 999 1277 1031 et
1299 994 1345 1030 ab
1374 991 1510 1040 inferis

113 1056 395 1093 resurrectionis
432 1055 497 1092 sed
532 1059 568 1091 et
603 1054 644 1090 in
682 1054 793 1090 coelos
827 1053 1015 1101 gloriosae
1053 1049 1288 1088 ascensionis.
1359 1048 1416 1086 Ut
1460 1059 1509 1083 ne

113 1109 331 1148 barbariem
362 1107 425 1146 1116
455 1107 611 1146 caviller
640 1106 828 1156 tantisper
866 1105 1122 1151 tolerandam,
1155 1110 1213 1142 est
1248 1104 1345 1140 haec
1380 1113 1510 1151 preca-

112 1163 230 1202 tionis
255 1176 342 1214 pars
363 1176 445 1201 non
465 1162 687 1201 inconsulte
708 1159 974 1210 superioribus
995 1158 1219 1197 coniuncta.
1278 1156 1381 1196 Cum
1404 1154 1509 1194 enim

112 1217 273 1256 dixisset
303 1216 506 1257 Christus:
543 1217 660 1254 ‘Hoc
688 1215 804 1253 facite
835 1214 875 1252 in
905 1227 1034 1252 meam
1064 1209 1510 1254 commemorationem,'

113 1279 217 1310 recte
250 1271 442 1310 dicimus:
487 1271 630 1310 ‘Unde
657 1282 804 1316 sumus,
834 1269 870 1307 O
900 1267 1085 1315 Domine,
1115 1278 1310 1305 memores
1341 1263 1427 1301 Filii
1455 1263 1509 1301 tui

113 1325 317 1376 passionis,
349 1323 619 1364 descensionis
657 1325 707 1362 ad
746 1323 915 1369 inferos,'
954 1324 1024 1360 &Q
1092 1323 1241 1359 Verum
1280 1319 1388 1369 quod
1421 1330 1512 1355 mox

113 1379 299 1430 sequitur,
323 1393 403 1418 non
419 1378 536 1418 video
556 1378 761 1428 quomodo
783 1390 864 1416 non
885 1376 935 1415 sit
956 1390 1023 1426 per
1044 1388 1240 1414 summam
1262 1371 1510 1412 oscitantiam

113 1433 301 1472 iunctum.
366 1433 571 1483 Offerimns
585 1434 814 1482 praeclarae
834 1431 1030 1469 maiestati
1049 1435 1135 1467 [nae
1164 1431 1208 1467 de
1237 1430 1313 1466 tais
1341 1427 1450 1465 donis
1479 1431 1516 1463 et

113 1489 226 1535 dati‘s,
252 1489 415 1526 lzostiam
436 1494 594 1537 puram,
618 1488 781 1525 lzostiasn
810 1491 993 1532 sanctam,
1016 1485 1180 1522 lzostiam
1210 1483 1509 1521 immaculatam.

116 1541 367 1593 Blasphemia
405 1543 503 1580 haec
542 1548 622 1580 est:
672 1542 777 1579 solus
816 1540 922 1579 enim
963 1538 1143 1579 Christus
1182 1539 1299 1575 talem
1340 1534 1510 1573 1105113111

114 1597 251 1635 offerre
288 1595 428 1647 potuit,
460 1604 498 1634 et
536 1602 712 1634 creatura
750 1602 950 1644 praeterea
980 1594 1097 1631 nulla.
1158 1591 1315 1630 Deinde
1345 1589 1511 1628 obsecro

114 1658 306 1700 quantum
338 1650 487 1689 cerebri
522 1649 706 1688 habuisse
737 1657 850 1699 putes
885 1662 974 1686 eum
1010 1647 1076 1697 qui
1112 1646 1189 1684 iam
1224 1645 1300 1682 iam
1336 1643 1511 1682 dixerat:

115 1706 151 1743 O
173 1704 359 1752 Domine,
381 1705 490 1754 quod
511 1705 608 1742 haec
629 1703 667 1741 in
689 1701 1108 1741 commemorationem
1131 1701 1257 1738 facere
1284 1697 1439 1743 111551511,
1462 1710 1511 1734 611

114 1758 303 1807 facimus;
332 1767 370 1797 et
394 1759 620 1808 prinsquam
651 1757 766 1795 huius
797 1757 1013 1796 sententiae
1043 1754 1228 1793 (leverbia
1255 1751 1434 1798 abierint,
1458 1751 1513 1788 516

115 1814 200 1851 infit
218 1828 224 1851 :
249 1814 482 1852 ‘Offerimus
498 1813 535 1850 ²?
582 1813 659 1850 Sed
674 1812 918 1861 ogganniunt
934 1810 1095 1860 quidam
1113 1808 1223 1847 scioli
1240 1823 1246 1845 2
1278 1809 1390 1845 Haec
1407 1819 1512 1843 com-

116 1866 348 1906 memoratio
368 1874 425 1905 651
447 1866 606 1913 01)13110,
629 1865 807 1916 quamvis
838 1864 934 1902 nihil
961 1865 1138 1902 adferant
1166 1876 1245 1913 quo
1270 1861 1309 1899 id
1331 1860 1509 1911 probent.

116 1922 238 1960 Unde
275 1934 342 1960 eos
381 1922 579 1959 admoneo
613 1928 654 1958 ut
688 1919 906 1958 orationem
942 1932 1052 1957 suam
1085 1924 1247 1964 vertant,
1282 1923 1319 1954 et
1354 1914 1511 1953 dicant:

117 1975 400 2035 Haec-oblatio
421 1982 479 2013 est
499 1975 849 2014 commemoratio:
879 1972 977 2012 nihil
998 1972 1103 2011 enim
1129 1971 1237 2010 aliud
1258 1977 1328 2017 est,
1351 1976 1393 2007 ut
1420 1967 1512 2006 satis

115 2042 193 2067 lam
214 2043 340 2068 Visum
361 2036 428 2068 est.
454 2059 460 2067 .
485 2060 491 2067 .
517 2060 524 2067 .

115 2144 203 2188 No.
226 2155 321 2199 194.
375 2144 663 2189 Ordinanee
696 2142 775 2185 for
805 2141 892 2185 the
925 2141 1116 2184 reform
1149 2139 1208 2184 of
1232 2140 1320 2182 the
1354 2137 1512 2180 Great

491 2202 721 2252 Minster‚
754 2212 814 2253 29
847 2200 986 2253 Sept.
1018 2211 1138 2252 1523.

170 2295 355 2332 Whereas
375 2295 577 2344 yesterday
594 2295 660 2332 the
682 2296 845 2331 Provost
865 2293 944 2330 and
967 2293 1140 2342 Chapter
1160 2292 1204 2328 of
1221 2291 1285 2329 SS.
1307 2288 1412 2326 Felix
1433 2287 1512 2326 and

119 2349 271 2398 Regula
307 2350 514 2398 appeared,
553 2355 592 2386 at
631 2349 697 2386 the
738 2350 956 2395 I'rovostry,
991 2347 1126 2385 before
1165 2358 1235 2382 our
1276 2343 1401 2381 Lords
1445 2343 1511 2380 the

119 2403 394 2451 Burgomaster
431 2403 510 2441 and
551 2402 733 2449 Council,
756 2432 761 2438 .
787 2432 792 2438 .
819 2403 926 2439 .and
961 2401 1081 2438 asked
1123 2401 1228 2436 them
1273 2407 1312 2436 to
1348 2395 1510 2446 appoint

116 2455 264 2494 certain
289 2468 451 2505 persons
478 2464 517 2495 to
539 2455 682 2503 advise,
705 2457 820 2505 along
843 2455 932 2492 with
957 2455 1154 2503 (lt-legates
1175 2454 1218 2491 of
1236 2453 1300 2489 1116
1324 2451 1508 2499 Chapter,
