1715 2780
85 125 156 165 175
326 115 751 157 REFORMATION
785 115 845 153 IN
877 105 1109 161 ZURICH,
1147 126 1243 164 1522
1405 125 1480 164 397

84 227 279 271 quatenus
305 219 401 258 mihi
429 233 498 272 per
525 233 652 259 sacras
682 219 811 259 literas
841 226 1091 269 perspectum
1116 225 1175 257 est
1199 218 1458 257 caeremoniis
1473 233 1482 266 3

84 287 214 325 neque
245 275 463 325 periculum
495 287 580 314 esse
612 275 742 312 minus
780 273 885 312 illam
925 286 1111 324 capacem
1152 285 1238 312 esse
1277 272 1480 322 evangelii,

84 329 194 379 quod
213 328 442 379 quicunque
462 329 586 368 credit
607 327 830 378 intelligit..

139 382 197 433 (4)
228 383 580 434 Quadragesimam
609 395 805 442 nusquam
835 357 1039 432 nunquam
1071 382 1255 420 docuisse
1294 394 1375 419 non
1415 380 1482 419 ob-

85 436 226 476 servari
247 445 438 497 oportere,
457 450 685 488 quanquam
707 436 863 487 cupiam
886 450 967 475 non
988 444 1068 474 tam
1085 435 1294 486 imperiose
1308 435 1479 486 praecipi

86 498 124 530 et
144 490 338 542 integrum
360 490 482 530 cuivis
503 490 713 541 relinqui..

140 544 199 596 (5)
230 546 379 585 Carnes
409 545 485 584 sint
515 545 677 595 quidam
708 546 824 584 edere
853 544 938 583 ausi
973 543 1136 582 minime
1172 543 1274 591 mali,
1310 543 1377 593 qui
1408 556 1481 581 nec

83 598 329 639 inficientur:
369 601 438 638 sed
468 599 795 650 quandoquidem
825 599 958 637 divina
979 600 1063 648 lege
1084 611 1106 636 a
1126 597 1309 636 carnibus
1330 611 1412 635 non
1433 596 1482 635 sit

83 652 139 692 eis
167 653 431 701 interdictum,
465 655 503 691 in
534 653 804 692 testimonium
836 652 927 692 fidei
958 652 1088 702 potius
1123 652 1251 691 edisse
1286 665 1405 702 quarn
1441 651 1480 689 in

83 707 198 747 ullius
228 709 520 747 contumeliam.
580 709 703 757 Quod
732 708 825 746 hinc
854 714 1009 757 pateat:
1049 720 1141 744 nam
1171 719 1274 752 mox,
1301 714 1343 744 ut
1373 705 1481 744 docti

85 761 162 801 sint
198 775 221 801 a
259 762 375 801 nobis
413 763 606 801 rationem
637 761 811 800 scandali
842 762 988 800 habere
1017 760 1215 808 debuisse,
1247 759 1479 807 destiterint,

83 817 190 856 unde
228 830 302 856 nec
340 816 413 855 ista
452 815 645 867 legatione
684 829 783 866 opus
822 817 952 863 fuisse,
984 816 1207 854 remittente
1242 828 1312 852 sua
1341 821 1482 864 sponte

85 872 214 919 malo,
251 870 282 910 si
321 871 443 910 modo
482 872 630 909 malurn
669 877 739 909 est.
812 871 903 908 Hoc
942 877 1075 908 tamen
1115 870 1369 908 vehementer
1409 881 1481 906 nos

83 924 277 972 admirari,
301 926 420 976 quod,
443 925 538 964 durn
563 938 713 963 annum
740 924 816 963 iam
845 923 905 962 xvi
927 923 967 961 in
988 923 1162 962 dioecesi
1184 922 1480 961 Constantiensi

84 979 357 1030 evangelizem,
389 980 580 1018 hactenus
609 986 743 1018 tamen
772 991 852 1017 non
892 977 1125 1024 resciverim,
1159 977 1292 1028 aliquo
1330 976 1483 1015 misisse

84 1033 408 1072 Constantienses
440 1041 520 1072 tam
555 1033 804 1083 splendidam
837 1032 1073 1092 legationem
1106 1045 1208 1082 quae
1247 1038 1483 1070 scrutaretur

83 1101 256 1148 quonam
288 1094 403 1138 pacto
433 1087 703 1138 evangelicum
733 1086 936 1137 negotium
967 1087 1177 1125 incederet.
1237 1087 1356 1124 Nunc
1389 1098 1479 1123 611111

85 1141 289 1180 minimam
319 1142 703 1181 observatiunculam
734 1140 926 1180 senserint
955 1154 1036 1179 non
1066 1148 1145 1178 tam
1176 1141 1321 1178 laesam
1361 1152 1480 1198 quam

83 1195 309 1235 viderentur
346 1197 445 1234 velle
484 1195 613 1242 etiarn,
646 1194 902 1246 querimoniis
941 1194 1093 1244 impleri
1128 1193 1273 1240 omnia,
1308 1192 1482 1243 quiritari

85 1263 186 1289 unos
221 1263 306 1289 esse
337 1249 549 1300 Tigurinos
585 1249 651 1300 qui
685 1249 950 1288 secessionem
981 1263 1004 1287 a
1034 1247 1348 1287 Christianorum
1379 1260 1483 1286 com-

86 1304 275 1343 munione
297 1303 476 1343 meditari
497 1305 679 1343 audeant.
704 1335 711 1342 .
737 1334 744 1341 .
771 1334 777 1341 .

140 1357 198 1410 (6)
231 1358 396 1398 Litteras
424 1366 558 1397 autem
588 1357 833 1408 evangelicas
868 1370 1062 1407 nusquam
1094 1364 1227 1407 aperte
1258 1354 1483 1406 permittere

85 1412 261 1451 carnium
281 1426 404 1460 esum,
420 1414 518 1451 falso
539 1412 766 1463 oppositum
788 1411 1045 1458 ostendimus,
1062 1424 1153 1449 nam
1173 1412 1344 1457 Marcus,
1367 1423 1398 1448 6.
1418 1409 1479 1447 vii.

85 1464 176 1520 [15]
197 1467 302 1506 dicat
323 1466 363 1505 in
384 1468 490 1505 hunc
511 1468 676 1505 modum
694 1482 700 1505 :
733 1466 842 1505 Nihil
863 1473 921 1505 est
941 1473 1047 1504 extra
1068 1464 1283 1510 hominem,
1302 1466 1372 1502 &o
1397 1494 1403 1502 .
1430 1494 1438 1502 .
1461 1494 1467 1501 .

138 1519 199 1573 (7)
229 1521 464 1560 Addebatur
484 1528 620 1560 contra
641 1529 867 1559 sanctorum
888 1528 1041 1570 patrum
1065 1520 1223 1558 decreta
1244 1526 1282 1557 et
1304 1517 1481 1557 concilia.

86 1575 383 1625 Respondimus
405 1576 612 1614 dominum
639 1576 689 1613 D.
708 1575 1015 1624 Engelhardum,
1040 1581 1195 1612 nostrae
1216 1574 1337 1612 decus
1362 1571 1482 1619 urbis,

86 1629 294 1668 nobiscum
311 1642 358 1668 ea
372 1628 412 1667 in
429 1628 572 1680 quibus
593 1628 666 1679 ipsi
687 1628 856 1667 maxime
877 1629 1054 1674 fiderent,
1072 1627 1278 1677 diligenter
1298 1626 1459 1664 librasse
1475 1640 1484 1672 3

86 1682 182 1721 nihil
210 1690 341 1722 autem
378 1685 454 1722 tale
483 1696 703 1722 asseverare
735 1696 850 1733 posse
880 1696 926 1721 ex
957 1682 1027 1728 his,
1060 1681 1203 1731 quibus
1234 1681 1322 1718 1060
1353 1692 1484 1718 sacrae

85 1750 253 1775 ancorae
283 1744 506 1775 uterentur:
536 1750 617 1775 non
648 1736 753 1774 enim
786 1737 862 1775 hoc
894 1735 932 1773 in
963 1735 1236 1785 quaestionem
1269 1733 1411 1780 venire,
1433 1747 1484 1771 an

86 1790 426 1841 quadragesimam
456 1790 644 1829 abolitam
677 1798 865 1840 oporteat,
898 1791 968 1828 sed
997 1803 1048 1827 an
1078 1802 1123 1827 ea
1153 1794 1387 1838 tempestate
1417 1801 1485 1837 per

86 1845 212 1895 legem
242 1844 388 1884 Christi
417 1844 532 1883 liceat
562 1844 744 1883 carnibus
779 1843 893 1882 vesci.
941 1842 1138 1882 Ieiunium
1170 1850 1211 1880 ut
1245 1841 1342 1880 nulli
1373 1841 1486 1880 inter-

86 1898 270 1946 dicimus,
289 1898 344 1937 sic
365 1898 557 1949 integrum
575 1898 843 1948 relinquimus.

140 1952 200 2004 (8)
230 1952 475 1992 Adiunctum
505 1960 588 1992 est:
620 1960 657 1991 et
687 1959 823 1991 contra
843 1950 1151 1990 vetustissimum
1183 1964 1344 1989 morem.
1404 1949 1486 1987 Hic

87 2006 256 2057 ingenue
294 2006 495 2054 cessimus,
536 2007 867 2045 consuetudinem
907 2019 991 2044 esse
1030 2013 1148 2055 atque
1193 2018 1279 2043 eam
1324 2002 1486 2042 minime

89 2062 244 2099 malam.
302 2063 355 2099 At
397 2061 428 2099 si
471 2062 720 2100 consuetudo
758 2068 870 2106 esset,
912 2074 980 2098 cur
1023 2059 1197 2098 edictum
1245 2059 1486 2097 rdderetur?

92 2116 263 2154 Daturos
293 2115 400 2154 haud
439 2115 560 2154 dubie
598 2128 758 2166 operam
794 2113 1059 2165 promisimus,
1089 2121 1131 2152 ut
1160 2126 1207 2152 ea
1236 2112 1485 2151 consuetudo

91 2175 236 2207 temere
256 2181 306 2208 ne
326 2168 541 2208 intercidat.

143 2222 202 2274 (9)
233 2224 299 2261 Ee
313 2222 344 2261 si
374 2223 622 2262 consuetudo
647 2222 993 2272 (prosequebatur)
1014 2235 1095 2259 non
1124 2235 1147 2259 a
1176 2220 1320 2271 Spiritu
1351 2218 1486 2258 divino

92 2283 193 2314 esset
214 2275 409 2327 inspirata,
431 2285 542 2315 tanto
573 2285 749 2327 tempore
774 2290 854 2314 non
881 2275 1108 2322 duravisset‚
1133 2275 1238 2313 iuxta
1259 2271 1486 2313 Gamalielis

91 2329 254 2368 verbum
283 2329 389 2381 (Act.
421 2344 455 2370 v.
488 2343 567 2381 37—
570 2331 649 2381 39).
709 2329 926 2390 Respondi,
959 2331 1056 2368 haec
1086 2337 1124 2368 et
1156 2328 1232 2367 alia
1265 2341 1331 2377 qu
1321 2341 1366 2366 16
1406 2339 1485 2363 11011

92 2396 139 2421 ex
159 2391 291 2423 mente
321 2384 398 2423 Dei
425 2393 567 2432 essent,
586 2386 758 2423 solutum
787 2384 830 2422 iri
857 2398 929 2422 5110
950 2391 1151 2434 tempore.
1197 2381 1312 2431 ..(Mt
1330 2379 1486 2429 xv.13)

95 2438 307 2477 Delectum
336 2446 470 2478 autem
497 2438 676 2478 ciborum
705 2451 779 2477 nec
809 2437 1012 2478 Christum
1048 2450 1121 2475 nec
1155 2412 1355 2485 apostolos
1383 2447 1439 2483 pr
1440 2447 1490 2471 16

93 2490 271 2541 cepisse:
326 2493 432 2532 unde
480 2492 576 2530 nulli
625 2493 766 2531 mirum
808 2491 929 2531 videri
970 2490 1126 2536 debere,
1164 2486 1490 2539 quandoquidem
