1715 2780
137 105 201 142 116
405 102 523 142 THE
555 102 691 141 DIET
723 101 795 140 OF
825 101 1144 146 AUGSBURG,
1182 111 1281 149 1530
1460 101 1533 148 263

133 221 218 248 esse
237 214 456 259 peccatum,
478 212 517 246 et
545 213 588 245 ut
617 210 830 245 extenuent
858 203 1021 254 gloriam
1042 202 1170 242 meriti
1191 209 1229 242 et
1250 202 1533 242 beneficiorum

133 262 291 311 Christi,
321 261 525 312 disputant
566 259 768 300 hominem
809 257 975 310 propriis
1012 257 1160 297 viribus
1200 257 1360 297 rationis
1401 270 1532 296 coram

134 318 223 356 Deo
251 293 451 355 iristificari
479 328 606 366 posse.

593 385 673 423 III.
731 385 797 422 DE
827 385 946 421 F1L1o
977 384 1070 421 DEI.

186 453 289 490 Item
324 452 481 498 docent,
519 450 629 500 quod
658 449 848 494 Verbum,
884 449 960 486 hoc
1000 454 1068 494 est,
1103 446 1223 486 Filius
1264 447 1352 509 Dei,
1387 459 1535 486 assum-

131 506 249 566 puserit
278 507 492 544 humanam
522 510 701 542 naturam
731 502 771 540 in
801 509 912 540 utero
947 501 1086 540 beatae
1119 501 1270 541 Mariae
1299 501 1471 551 virginis,
1492 509 1533 540 ut

132 560 208 598 sint
236 561 339 598 duae
367 566 544 618 naturae,
571 557 705 596 divina
734 564 772 595 et
801 557 985 602 humana,
1018 557 1058 593 in
1088 555 1237 594 unitate
1267 569 1459 606 personae
1480 556 1534 594 in-

132 613 398 664 separabiliter
426 612 691 658 coniunctae3
732 623 834 648 unus
874 610 1066 656 Christus,
1098 622 1188 648 vere
1228 611 1338 649 Deus
1377 618 1415 648 et
1444 623 1533 649 vere

131 669 266 716 homo,
285 674 400 706 natus
420 680 467 705 ex
487 665 633 716 virgine
663 664 800 711 Maria,
823 676 913 702 vere
942 677 1093 714 passus,
1114 665 1334 712 crucifixus,
1356 671 1533 703 mortuus

130 730 168 761 et
197 723 384 772 sepultus,
407 727 450 759 ut
478 720 749 758 reconciliaret
768 717 884 756 nobis
906 719 1074 766 Patrem,
1098 725 1136 757 et
1166 717 1295 756 hostia
1324 725 1427 757 05501
1449 732 1530 758 non

130 783 283 815 tantum
311 789 383 826 pro
411 775 528 836 culpa
556 772 725 823 originis,
749 773 819 811 sed
848 772 965 810 etiam
996 785 1067 821 pro
1097 772 1283 810 omnibus
1312 772 1532 811 actualibus

130 831 338 869 hominurn
369 829 553 890 peccatis.
616 841 648 865 2.
680 827 795 866 Idem
835 825 1043 865 descendit
1082 827 1133 865 ad
1177 827 1334 873 inferos,
1366 833 1404 865 et
1442 839 1532 865 vere

129 883 334 923 resurrexit
372 884 485 922 tertia
522 881 616 930 die3
657 881 805 920 deinde
838 879 1018 919 ascendit
1051 881 1103 919 ad
1136 881 1284 928 coelos,
1316 887 1358 918 ut
1397 882 1533 919 sedeat

129 939 180 977 ad
208 939 409 977 dexteram
439 935 575 984 Patris,
597 942 635 974 et
655 942 847 985 perpetuo
876 941 1010 984 regnet
1031 941 1069 973 et
1098 933 1325 973 dominetur
1345 934 1532 973 omnibus

129 993 324 1039 creaturis,
346 990 564 1030 sanctificet
592 988 827 1028 credentes
818 1002 858 1026 10
888 989 1029 1038 ipsum,
1052 989 1174 1027 misso
1194 988 1234 1026 in
1254 989 1374 1027 corda
1394 1002 1532 1028 eorum

130 1045 274 1097 Spiritu
304 1046 460 1092 Sancto,
483 1045 551 1094 qui
580 1050 697 1094 regat,
719 1044 944 1082 consoletur
964 1055 1010 1081 ac
1040 1041 1209 1081 vivificet
1230 1055 1312 1091 eos,
1332 1056 1378 1081 ac
1399 1044 1532 1082 defen

129 1101 196 1139 dat
211 1101 397 1139 adversus
413 1098 617 1138 diabolum
634 1104 672 1136 et
688 1097 766 1135 vim
787 1096 951 1147 peccati.
995 1109 1029 1145 3.
1063 1097 1177 1135 Idem
1199 1096 1378 1136 Christus
1399 1098 1529 1148 palam

127 1161 186 1193 est
215 1155 419 1202 rediturus,
444 1160 486 1191 ut
516 1152 662 1191 iudicet
683 1151 791 1190 vivos
813 1158 851 1189 et
881 1157 1057 1188 mortuos
1079 1152 1151 1189 &e
1173 1151 1277 1189 iuxta
1297 1151 1529 1201 Symbolum

127 1209 423 1259 Apostolorum.

542 1261 611 1299 IV.
672 1261 738 1298 DE
768 1270 1118 1298 IUSTIFchTIONE.

182 1328 284 1366 Item
300 1328 456 1374 docent,
473 1327 581 1377 quod
594 1325 776 1364 homines
798 1337 879 1362 non
894 1324 1046 1374 possint
1066 1323 1265 1362 iustificari
1286 1337 1419 1363 coram
1442 1326 1531 1364 Deo

128 1381 293 1432 propriis
322 1380 482 1429 viribus,
511 1381 658 1419 meritis
687 1386 755 1418 aut
784 1378 986 1429 operibus,
1015 1379 1085 1416 sed
1114 1378 1232 1428 gratis
1271 1378 1532 1418 iustificentur

129 1443 285 1487 propter
306 1434 506 1475 Christum
527 1448 595 1485 per
612 1434 742 1481 fidem,
762 1446 885 1483 quum
903 1433 1069 1471 credunt
1089 1445 1131 1471 se
1152 1432 1191 1470 in
1211 1432 1374 1483 gratiam
1397 1433 1528 1484 recipi,

129 1497 168 1528 et
196 1497 358 1540 peccata
387 1489 531 1528 remitti
561 1495 719 1539 propter
748 1486 963 1534 Christum,
996 1486 1063 1537 qui
1094 1499 1164 1525 sua
1196 1494 1323 1526 morte
1358 1500 1428 1548 pro
1463 1502 1530 1526 no-

129 1543 214 1582 stris
242 1543 414 1595 peccatis
435 1542 632 1582 satisfecit.
693 1543 812 1580 Hanc
833 1542 952 1580 fidem
974 1542 1141 1591 imputat
1163 1543 1272 1580 Deus
1294 1554 1364 1591 pro
1385 1541 1530 1580 iustitia

129 1611 260 1637 coram
282 1598 380 1649 ipso.
439 1600 556 1637 Rom.
579 1596 619 1634 iii
640 1603 678 1635 et
699 1596 748 1634 iv.

423 1670 469 1706 V.
529 1669 596 1706 DE
625 1677 874 1705 MINISTERIO
902 1676 1233 1704 ECCLESIASTICO.

185 1732 244 1773 Ut
272 1734 374 1772 hanc
403 1734 523 1771 fidem
552 1744 853 1782 consequamur,
876 1730 1097 1769 institutum
1119 1738 1176 1769 est
1198 1730 1449 1769 mimklerium
1469 1732 1530 1768 (2⁷0-

126 1789 234 1826 cendi
257 1789 445 1836 evangelii
470 1792 506 1824 et
523 1786 754 1837 porrigendi
773 1790 1025 1823 sacramenta.
1087 1799 1118 1823 2.
1152 1785 1255 1822 Nam
1278 1797 1346 1834 per
1365 1785 1528 1823 verbum

127 1849 166 1880 et
205 1848 462 1889 sacramenta,
495 1848 696 1890 tamquam
739 1852 806 1889 per
846 1838 1116 1886 instrumenta,
1154 1839 1324 1877 donatur
1362 1838 1527 1888 Spiritus

129 1896 307 1943 Sanctus,
338 1895 404 1946 qui
435 1896 555 1934 fidem
585 1893 713 1941 efficit,
744 1893 811 1931 ubi
841 1900 879 1931 et
909 1894 1070 1943 quando
1099 1892 1225 1931 visum
1265 1899 1323 1931 est
1354 1894 1453 1939 Deo,
1488 1893 1527 1931 in

130 1949 174 1988 iis
203 1949 271 2000 qui
305 1949 471 1989 audiunt
504 1947 766 1998 evangelium,
795 1946 943 1985 50111001
972 1947 1081 1997 quod
1113 1948 1223 1986 Deus
1259 1960 1337 1985 non
1369 1954 1527 1997 propter

129 2011 260 2043 nostra
289 2003 437 2050 merita,
466 2004 536 2042 sed
565 2009 722 2053 propter
742 2001 944 2041 Christum
975 2001 1158 2040 iustificet
1179 2002 1251 2040 hos
1273 2000 1339 2051 qui
1360 2003 1526 2040 credunt

128 2069 168 2096 Se
187 2064 344 2108 propter
365 2057 566 2097 Christum
586 2056 625 2094 in
646 2055 808 2106 gratiam
837 2054 967 2104 recipi.

184 2125 217 2161 3.
250 2113 453 2150 Damnant
491 2109 771 2160 Anabaptistas
810 2116 848 2148 et
888 2109 984 2148 alios
1014 2108 1079 2158 qui
1125 2108 1299 2147 sentiunt
1337 2108 1525 2158 Spiritum

130 2166 314 2204 Sanctum
341 2165 568 2215 contingere
589 2165 672 2203 sine
692 2164 812 2202 verbo
832 2170 992 2201 externo
1014 2162 1241 2201 hominibus
1263 2175 1331 2212 per
1350 2162 1524 2212 ipsorum

130 2219 442 2269 praeparationes
463 2227 500 2258 et
521 2231 650 2269 opera.

504 2293 574 2330 VI.
635 2293 700 2329 DE
730 2302 843 2329 Nom
873 2301 1142 2328 ossEDOENTlA.

185 2357 286 2395 Item
315 2357 469 2404 docent,
502 2357 610 2407 quod
640 2356 738 2394 fides
768 2355 833 2393 illa
861 2355 1004 2393 debeat
1034 2354 1162 2392 bonos
1191 2355 1338 2392 fructus
1378 2365 1522 2402 parere,

131 2416 169 2448 et
197 2412 305 2459 quod
334 2418 512 2461 oporteat
541 2411 647 2449 bona
674 2423 794 2460 opera
823 2410 1009 2447 mandata
1037 2421 1060 2446 a
1090 2410 1179 2446 Deo
1213 2409 1339 2445 facere
1366 2414 1525 2457 propter

130 2464 368 2503 voluntatem
386 2464 473 2512 Dei,
492 2477 572 2503 non
585 2471 628 2503 ut
648 2464 896 2503 confidamus
912 2475 980 2512 per
1000 2475 1045 2501 ea
1066 2474 1184 2511 opera
1205 2460 1521 2500 iustificationem
