1715 2780
134 116 156 151 S
387 107 674 150 SPECIMEN
715 106 940 147 GRANTS
980 107 1050 145 OF
1085 114 1264 155 1513-17
1501 110 1527 150 4

133 216 375 254 conceditur.
435 215 487 252 Et
515 212 655 252 iterum
684 210 852 259 remitto,
886 223 954 260 per
983 207 1199 259 plenariam
1228 206 1530 257 indulgentiam,

134 283 294 308 omnem
325 281 495 319 poenam
531 266 570 304 in
604 264 827 316 purgatorio
859 263 930 302 tibi
963 262 1150 310 debitam,
1185 275 1256 312 pro
1294 259 1526 311 praemissis,

133 337 179 362 ac
208 322 370 362 restituo
401 330 440 360 te
474 322 527 359 illi
556 318 806 359 innocentiae
840 326 878 357 et
912 316 1069 368 puritati
1103 329 1221 366 quam
1257 314 1298 353 in
1331 314 1528 364 baptismo

133 376 319 427 accepisti
346 377 399 414 ita
425 375 534 425 quod
556 374 765 413 decedenti
796 372 868 411 tibi
896 373 946 410 ab
976 372 1052 409 hoc
1082 371 1240 409 saeculo
1267 370 1424 407 clausae
1452 367 1530 406 sint

135 438 270 481 portae
289 443 506 481 poenarum
528 436 565 467 et
585 435 742 478 apertae
762 426 902 464 ianuae
923 424 1151 464 deliciarum
1173 422 1360 462 Paradisi.
1407 423 1529 471 Quod

135 486 166 523 si
195 486 270 523 hac
298 485 383 522 vice
402 497 484 522 non
504 481 694 530 morieris,
714 482 819 520 salva
847 481 896 518 sit
925 479 996 518 tibi
1019 478 1277 517 nihilominus
1303 475 1377 515 ista
1395 474 1527 527 gratia,

135 540 297 589 quando
324 539 419 576 alias
449 537 566 575 fueris
594 535 635 574 in
664 534 828 574 articulo
861 533 1009 572 mortis.
1068 533 1116 570 In
1145 530 1308 570 nomine
1338 530 1462 569 Patris
1491 536 1530 568 et

136 592 222 631 Filii
242 600 281 631 et
301 591 465 643 Spiritus
485 589 621 629 sancti.
679 592 819 628 Amen.

638 671 690 721 (b)
721 673 796 708 Pro
824 670 1031 709 defunctis.

192 738 392 789 Quoniam
415 739 452 776 S.
470 739 517 775 D.
536 738 585 775 N.
606 736 803 774 Dominus
826 734 949 772 Iulius
971 736 1079 784 Papa
1095 735 1138 772 ΙΙ
1155 732 1330 783 cupiens,
1352 731 1530 771 subsidio

136 793 307 833 thesauri
350 799 508 830 sanctae
550 789 682 828 matris
732 787 944 835 Ecclesiae,
984 789 1136 826 animas
1174 788 1451 826 defunctorum
1490 785 1530 824 in

138 845 365 898 Purgatorio
389 846 609 891 existentes,
639 857 661 882 a
687 842 825 893 poenis
850 841 1015 888 liberari,
1039 841 1166 880 Nobis
1191 840 1295 879 fratri
1315 839 1530 879 Timotheo

136 904 187 941 de
209 903 316 940 Luca
343 898 504 939 Ordinis
534 900 734 936 Minorum
763 897 812 935 de
840 895 1112 943 Observanda,
1135 894 1388 945 Apostolicae
1417 895 1530 933 Sedis

137 969 252 1006 super
290 962 413 993 totam
450 953 616 998 Italiam,
658 951 886 1001 Ungariam,
923 949 1141 996 Poloniam,
1174 948 1422 995 Bohemiam,
1453 950 1530 986 Au-

137 1012 269 1048 striam
290 1016 328 1047 et
353 1007 562 1046 nonnullas
583 1005 676 1043 alias
697 1004 927 1054 provincias,
951 1004 1083 1053 quoad
1104 1004 1377 1041 executionem
1394 1003 1531 1041 Bullae

138 1071 176 1102 et
206 1062 369 1101 aliarum
400 1060 596 1099 literarum
628 1057 957 1109 Apostolicarum,
991 1070 1061 1107 pro
1087 1057 1234 1095 fabrica
1265 1055 1530 1106 infrascriptae

140 1116 342 1156 Ecclesiae
395 1122 676 1159 emanatarum,
733 1113 893 1150 Nuncio
938 1118 976 1149 et
1022 1110 1304 1150 Commissario
1347 1109 1528 1160 generali,

138 1169 336 1209 commisit
359 1177 401 1207 ut
431 1166 592 1218 singulis
619 1165 963 1211 Christifidelibus,
985 1177 1056 1214 pro
1083 1177 1218 1203 eorum
1245 1171 1450 1214 parentum
1470 1165 1531 1202 vel

137 1224 354 1263 amicorum
400 1223 674 1261 defunctorum
713 1218 922 1257 animabus
964 1218 1004 1256 in
1039 1217 1256 1269 Purgatorii
1292 1219 1430 1268 poenis
1467 1219 1532 1256 de-

137 1278 331 1328 gentibus,
365 1275 533 1315 fabricae
564 1274 766 1313 Ecclesiae
799 1272 984 1323 principis
1018 1273 1300 1322 Apostolorum
1334 1273 1385 1311 de
1419 1271 1530 1311 Urbe

136 1334 428 1381 eleemosynam
470 1329 690 1368 secundum
728 1326 1017 1366 ordinationem
1055 1334 1229 1365 nostram
1268 1325 1529 1376 erogantibus,

138 1386 351 1436 plenariam
398 1384 437 1421 in
483 1381 682 1432 suffragiis,
729 1381 1001 1430 eleemosynis,
1061 1379 1225 1428 ieiuniis,
1274 1379 1527 1432 orationibus,

139 1439 277 1486 missis,
300 1437 405 1477 horis
426 1437 637 1483 canonicis,
660 1434 888 1485 disciplinis,
912 1433 1290 1485 peregrinationibus
1310 1441 1349 1473 et
1368 1434 1530 1473 caeteris

138 1493 324 1531 omnibus
356 1490 621 1542 spiritualibus
654 1489 770 1528 bonis
803 1502 905 1539 quae
939 1490 1033 1527 fient
1067 1496 1105 1527 et
1145 1487 1225 1527 fieri
1259 1496 1454 1539 poterunt,
1490 1488 1531 1526 in

138 1556 220 1586 tota
244 1545 452 1585 universali
477 1543 655 1582 Ecclesia
675 1542 879 1590 militante,
905 1542 1085 1581 Pontifex
1112 1542 1196 1592 ipse
1221 1543 1429 1592 participes
1449 1543 1530 1581 fieri

139 1609 175 1639 et
200 1613 285 1640 esse
312 1600 445 1638 voluit.
523 1600 573 1635 Et
607 1597 699 1647 quia
730 1598 917 1636 honestus
950 1597 1149 1635 Iohannes
1182 1595 1356 1646 Dytting,
1387 1595 1531 1646 pietate

140 1663 280 1700 motus,
324 1653 456 1692 medio
504 1653 646 1689 Fratris
699 1652 900 1701 Baptistae
947 1651 996 1689 de
1043 1649 1212 1697 Austria,
1263 1649 1530 1689 Commissarii

138 1707 369 1758 Apostolici,
392 1704 635 1754 subdelegati
656 1704 788 1752 nostri,
810 1718 881 1755 pro
901 1703 1033 1742 anima
1058 1717 1151 1743 suae
1174 1705 1306 1742 matris
1328 1703 1532 1743 Elisabeth

139 1763 359 1807 defunctae,
402 1772 542 1810 capsae
572 1760 767 1809 praefatae
807 1758 987 1805 fabricae,
1030 1758 1137 1796 iuxta
1175 1766 1353 1797 tenorem
1393 1759 1530 1796 Bullae

140 1829 255 1865 super
284 1817 360 1853 hoc
391 1814 532 1860 editae,
565 1814 854 1862 eleemosynam
889 1813 1084 1862 erogavit3
1125 1813 1216 1851 ideo
1244 1813 1400 1850 animae
1425 1825 1531 1862 prae-

139 1869 268 1908 dictae
313 1869 522 1906 defunctae
564 1866 831 1916 plenissimam
874 1865 1159 1916 indulgentiam
1201 1867 1413 1916 praefatam
1460 1879 1531 1915 pro

139 1923 311 1972 plenaria
334 1934 550 1971 poenarum
576 1919 813 1958 relaxatione
833 1919 1054 1970 pariterque
1079 1919 1377 1971 participatione
1403 1932 1532 1970 supra-

139 1977 371 2026 scriptorum
419 1974 597 2012 omnium
644 1974 839 2012 bonorum
879 1974 1076 2023 suffragari
1122 1974 1266 2013 debere
1315 1986 1384 2024 per
1427 1986 1531 2024 prae-

139 2037 270 2069 sentes
291 2029 522 2067 auctoritate
543 2027 774 2077 Apostolica
793 2026 1053 2065 decernimus.
1110 2028 1259 2066 Datum
1280 2026 1321 2065 in
1342 2026 1528 2077 Elwingo,

140 2083 205 2123 die
226 2081 413 2133 vigesima
443 2089 550 2120 sexta
574 2082 719 2119 mensis
751 2080 999 2128 Novembris,
1030 2082 1149 2120 Anno
1179 2082 1349 2126 Domini,
1370 2092 1532 2120 Mecccc

139 2136 254 2176 tertio
279 2135 446 2176 decimo.

194 2229 244 2281 (c)
272 2227 496 2267 Auctoritas
515 2226 836 2266 communionem
861 2226 1085 2277 recipiendi,
1108 2234 1214 2266 extra
1233 2228 1464 2267 Parochiam
1494 2237 1532 2268 et

143 2283 226 2322 sine
255 2283 413 2321 licentia
438 2281 582 2327 Curati‚
605 2280 748 2320 totiens
777 2280 959 2330 quotiens
989 2282 1148 2319 devotio
1173 2282 1353 2332 exegerit,
1380 2289 1533 2332 praeter

139 2337 244 2376 diem
268 2337 440 2374 Paschae
462 2342 500 2374 et
520 2334 653 2373 mortis
673 2334 891 2373 articulum.

196 2428 400 2471 Universis
435 2436 472 2467 et
507 2427 677 2479 singulis,
709 2426 998 2467 venerabilibus
1028 2426 1245 2479 Episcopis,
1279 2429 1529 2480 presbyteris,

141 2483 360 2535 Religiosis,
410 2481 650 2532 caeterisque
688 2489 912 2533 praesentes
950 2481 1077 2520 literas
1119 2481 1361 2532 inspecturis,
1398 2486 1531 2524 Frater
