1715 2780
204 105 279 145 550
340 95 523 133 FAREL
554 95 672 132 AND
706 94 917 133 CALVIN
951 94 1011 131 IN
1043 93 1284 140 GENEVA‚
1314 95 1467 143 1536-ss
1521 95 1596 142 278

203 206 241 237 et
261 197 508 248 agnoscitur:
538 196 731 244 videlicet,
757 195 1004 246 Baptismum
1035 202 1072 234 et
1093 196 1272 234 Coenam
1298 196 1472 244 Domini,
1496 210 1597 248 quae

202 261 446 291 sacramenta
477 259 669 290 vocantur
700 250 792 300 quia
822 263 954 288 rerum
987 262 1230 297 arcanarum,
1262 249 1302 289 id
1337 257 1406 298 est,
1441 251 1597 291 divinae

201 306 346 357 gratiae
367 320 409 356 s>
415 306 546 344 mbola
566 312 656 344 sunt
676 318 721 343 ac
743 304 862 354 signa.

256 359 314 410 (5)
342 361 545 398 Praedicta
565 372 725 409 quoque
745 357 912 397 ecclesia
932 357 1154 396 ministrum
1171 370 1252 395 non
1268 358 1445 408 agnoscit
1460 361 1595 408 ullum,

202 414 276 452 nisi
297 414 405 453 verbi
426 422 463 452 et
484 420 819 452 sacramentorum
840 411 1209 451 administratorem.

257 469 314 519 (6)
346 470 551 507 Praeterea
577 480 650 505 nec
677 468 728 505 ad
755 467 1015 505 obtinendam
1041 473 1295 516 peccatorum
1324 465 1596 506 remissionem

200 522 317 560 aliam
345 535 480 560 eorum
512 520 804 560 confessionem
832 522 972 559 eadem
999 518 1163 559 ecclesia
1193 519 1340 569 asserit,
1364 534 1483 571 quam
1510 534 1596 560 eam

202 590 303 627 quae
320 577 361 614 fit
382 577 488 626 apud
507 577 651 623 Deum,
670 588 744 614 nec
758 575 874 613 aliam
890 573 1182 613 absolutionem
1200 587 1318 624 quam
1336 587 1421 613 earn
1439 588 1540 625 quae
1556 577 1598 614 fit

201 644 224 668 a
242 631 330 669 Deo
347 645 355 677 3
385 629 447 668 cui
465 631 536 668 soli
552 631 590 667 in
609 643 697 668 eum
716 630 835 667 finem
852 629 1136 675 confitendum,
1153 635 1190 667 et
1202 641 1225 666 a
1241 641 1322 678 quo
1335 630 1420 668 solo
1435 637 1598 679 peccata

201 686 489 723 condonantur.

257 738 316 789 (7)
347 739 411 776 Ad
432 739 529 777 haec
551 737 704 787 saepius
725 736 802 776 iam
830 736 935 776 dicta
959 735 1125 775 ecclesia
1147 735 1264 775 ritum
1285 736 1443 776 colendi
1464 738 1595 777 Deum

202 793 318 842 plane
346 792 466 830 alium
496 792 648 842 ignorat
678 804 795 841 quarn
827 790 1067 841 spiritualem
1097 797 1135 829 et
1164 803 1211 829 ex
1234 791 1355 830 verbo
1388 791 1464 830 Dei
1491 805 1598 842 prae-

203 848 358 896 scripto,
383 846 449 896 qui
471 846 509 883 in
534 847 608 884 Dei
630 845 876 895 proximique
897 844 1110 884 dilectione
1131 844 1226 884 situs
1248 852 1331 894 est3
1356 853 1476 895 atque
1495 846 1596 884 adeo

202 902 378 939 omnium
409 900 719 939 ceremoniarum
748 912 870 949 nugas
898 898 1068 937 infinitas
1095 906 1288 948 quatenus
1317 901 1597 950 pervertendac

203 954 379 1005 religioni
407 954 589 1001 serviunt,
620 961 661 992 ut
692 962 782 992 sunt
812 953 1012 1003 imagines,
1043 959 1081 992 et
1108 953 1148 991 id
1174 966 1296 1004 genus
1323 955 1409 1001 alia,
1441 967 1597 1004 prorsus

202 1021 282 1047 non
303 1008 484 1047 admittit.

258 1062 316 1114 (8)
346 1063 498 1101 Eadem
521 1075 680 1112 quoque
701 1063 877 1112 agnoscit
894 1074 1016 1099 unum
1038 1062 1166 1099 solum
1183 1061 1462 1112 magistratum,
1478 1063 1598 1100 hunc-

203 1130 280 1167 que
310 1116 465 1164 laicum,
487 1130 510 1154 a
539 1118 629 1154 Deo
659 1115 892 1162 institutum,
924 1117 975 1153 ad
1009 1114 1248 1165 reipublicae
1277 1115 1597 1166 tranquillitatem

203 1172 516 1210 conservandam
546 1169 821 1209 necessarium.
895 1168 971 1208 Cui
1006 1169 1191 1208 omnibus
1226 1169 1344 1208 etiam
1378 1171 1595 1220 parendum

204 1232 348 1272 censet,
373 1232 568 1275 quatenus
590 1232 726 1262 contra
748 1226 880 1262 Deum
901 1223 998 1261 nihil
1019 1223 1219 1274 praecipit.

259 1279 317 1330 (9)
350 1280 517 1328 Insuper
548 1278 774 1328 coniugium
802 1277 987 1315 omnibus
1015 1277 1255 1324 hominibus,
1288 1278 1409 1316 modo
1439 1278 1491 1316 ad
1521 1279 1596 1316 hoc

205 1333 369 1380 idoneis,
392 1347 415 1371 a
436 1334 524 1371 Deo
546 1332 778 1379 institutum,
803 1331 947 1370 nullius
975 1331 1122 1370 ordinis
1150 1332 1433 1370 sanctimoniae
1463 1345 1598 1382 repug-

208 1400 299 1425 nare
322 1364 499 1425 aflirmat.

258 1440 342 1492 (10)
375 1443 592 1486 Postremo,
615 1453 716 1501 quae
733 1440 863 1478 media
883 1447 1083 1485 vocantur,
1102 1446 1143 1477 ut
1161 1446 1251 1477 sunt
1271 1438 1360 1486 cibi,
1376 1446 1502 1489 potus,
1519 1439 1597 1478 die-

204 1508 370 1545 rumque
397 1471 642 1533 observatio:
682 1493 726 1531 iis
756 1494 812 1531 uti
836 1492 892 1531 vir
918 1491 1006 1542 pius
1033 1505 1275 1542 quamquam
1304 1492 1425 1532 libere
1449 1493 1597 1544 ubique

204 1556 345 1599 potest,
365 1549 532 1587 scienter
553 1556 686 1586 tamen
706 1554 744 1586 et
765 1561 811 1585 ex
832 1546 991 1585 caritate
1011 1546 1067 1585 uti
1087 1546 1218 1586 debet.

257 1602 312 1653 (b)
347 1603 499 1649 Calvia,
514 1615 560 1640 οη
581 1602 710 1639 Thesz‘s
722 1602 807 1640 III.
850 1613 869 1650 5
889 1601 976 1639 Oct.
997 1602 1214 1650 1536.—-Je
1234 1614 1272 1638 m
1276 1600 1409 1639 'estoie
1428 1600 1596 1639 abstenu

204 1658 253 1695 de
274 1657 430 1706 parler
418 1669 611 1706 Jusques
600 1670 622 1694 a
643 1663 747 1694 ceste
767 1656 887 1693 heure
904 1662 941 1693 et
957 1668 1079 1704 avoye
1095 1654 1268 1694 delibere
1283 1655 1333 1693 de
1346 1668 1410 1693 me
1424 1654 1598 1693 abstenir

202 1713 364 1761 jusques
385 1724 407 1748 a
428 1712 463 1748 la
486 1711 549 1757 fin,
571 1723 644 1760 xo)
647 1717 714 1747 ant
735 1722 812 1759 que
834 1722 896 1747 ma
916 1710 1064 1758 parolle
1084 1722 1109 1746 n
1114 1708 1239 1748 ’estoit
1259 1721 1328 1758 pas
1349 1710 1424 1747 fort
1443 1708 1597 1758 requise

205 1779 254 1803 en
271 1765 300 1803 si
318 1765 537 1802 suffisantes
554 1777 760 1814 responses
775 1777 851 1813 que
868 1764 1047 1801 donnent
1063 1776 1145 1802 mes
1161 1764 1278 1801 freres
1295 1763 1406 1801 Farel
1422 1770 1460 1801 et
1476 1763 1593 1802 Viret.

207 1818 309 1856 Mais
330 1820 366 1856 la
387 1819 576 1878 reproche
597 1831 673 1867 que
689 1831 786 1856 vous
807 1829 907 1855 nous
927 1830 1020 1855 avez
1038 1816 1154 1855 faicte
1174 1817 1364 1855 touchant
1380 1817 1435 1855 les
1451 1815 1596 1855 sainctz

205 1874 389 1911 docteurs
402 1872 562 1910 anciens
577 1885 639 1910 me
660 1872 877 1910 contrainct
892 1872 942 1909 de
956 1871 1038 1909 dire
1054 1884 1133 1920 ung
1149 1878 1232 1909 mot
1248 1883 1347 1920 pour
1361 1877 1597 1909 remonstrer

204 1926 462 1964 briefvcment
483 1926 667 1964 combien
689 1926 709 1963 a
732 1933 806 1963 tort
828 1932 865 1963 et
886 1938 974 1963 sans
996 1937 1112 1963 cause
1128 1937 1224 1963 vous
1245 1937 1345 1963 nous
1364 1937 1526 1963 accusez
1546 1937 1595 1963 en

204 1988 286 2018 cest
307 1981 496 2018 endroict.

260 2036 295 2070 X
299 2047 370 2071 ous
397 2046 496 2071 nous
521 2032 693 2082 imposez
714 2045 791 2093 que
811 2046 911 2071 nous
932 2034 986 2071 les
1011 2039 1272 2071 contemnons
1293 2039 1331 2071 et
1351 2032 1404 2070 du
1429 2039 1513 2070 tout
1544 2045 1596 2070 re-

203 2090 369 2138 jectons‚
393 2088 623 2136 adjouxtant
648 2088 683 2124 la
714 2088 843 2124 raison
870 2100 946 2151 que
975 2088 1067 2125 cest
1093 2093 1279 2136 pourtant
1306 2098 1383 2136 que
1409 2099 1510 2124 nous
1539 2087 1594 2124 les

206 2150 367 2180 sentons
389 2140 600 2179 contraires
621 2147 658 2178 et
678 2141 754 2178 adv
757 2153 859 2178 erses
879 2154 901 2177 a
923 2148 1054 2178 nostre
1074 2153 1201 2178 cause.

261 2197 396 2244 Quant
429 2208 479 2232 au
514 2201 835 2233 contemnement
869 2206 968 2232 nous
1002 2207 1052 2232 ne
1086 2195 1262 2232 refusons
1294 2193 1404 2243 point
1438 2206 1515 2243 que
1546 2206 1596 2232 ne

207 2262 350 2299 soyons
382 2249 541 2287 estimez
574 2249 624 2287 de
653 2255 738 2286 tout
769 2249 803 2285 le
837 2248 985 2286 monde
1019 2260 1099 2285 non
1127 2248 1344 2286 seulement
1373 2248 1596 2286 temeraires

207 2303 303 2341 mais
328 2316 510 2352 arrogans
537 2310 647 2340 outre
671 2314 834 2348 mesure,
858 2302 888 2339 si
918 2314 1018 2339 nous
1047 2300 1182 2339 avions
1210 2302 1283 2339 telz
1312 2301 1515 2339 serviteurs
1545 2302 1595 2339 de

209 2358 311 2395 Dicu
334 2370 381 2395 en
404 2369 641 2406 mocquer3e
662 2357 751 2394 telle
772 2368 848 2404 que
868 2368 963 2393 vous
985 2354 1119 2401 dictes,
1141 2356 1303 2414 jusques
1323 2369 1345 2393 a
1365 2355 1420 2393 les
1441 2362 1596 2404 reputer

207 2423 331 2449 asneS.
392 2410 456 2448 S'il
485 2411 600 2448 estoit
620 2409 729 2456 ainsi,
752 2422 852 2447 nous
873 2421 922 2446 ne
948 2409 1180 2458 prendrions
1208 2408 1319 2457 point
1345 2409 1381 2446 la
1409 2407 1525 2458 peine
1545 2409 1595 2446 de

207 2466 262 2502 les
283 2465 351 2502 lire
372 2472 408 2502 et
430 2477 529 2502 nous
551 2464 667 2502 servir
687 2464 737 2501 de
757 2464 839 2501 leur
860 2462 1037 2501 doctrine
1057 2464 1190 2511 quand
1211 2461 1368 2500 mestier
1387 2468 1445 2500 est
1465 2470 1503 2500 et
1518 2474 1595 2511 que

207 2517 415 2555 l'occasion
435 2518 487 2567 s’y
507 2517 705 2556 addonne.
750 2517 972 2555 Tellement
993 2528 1069 2566 que
1090 2528 1187 2554 ceux
1208 2516 1273 2565 qui
1295 2517 1379 2554 font
1400 2515 1595 2554 semblant
