1715 2780
221 123 295 161 512
547 111 730 149 FAREL
761 110 821 147 IN
852 109 1095 154 GENEVA,
1134 111 1286 158 1532—6
1533 109 1613 155 258

293 216 381 258 No.
407 216 505 269 258.
558 214 665 257 The
697 214 902 267 request
933 212 990 255 of
1014 212 1102 256 the
1133 213 1357 257 Warden
1389 212 1448 256 of
1471 212 1557 257 the

544 272 896 323 Franciscans,
918 283 973 324 23
996 270 1141 324 April
1162 282 1282 324 1535.

275 367 391 403 From
413 366 471 402 tlte
490 365 680 413 Regzzeters
699 363 745 412 of
756 364 814 400 the
839 363 1218 401 Councils.—Frater
1236 362 1406 401 Iacobus
1428 362 1614 409 Bernard,

222 418 382 459 Ordinis
397 417 640 465 Minoritani,
651 417 910 467 praesentavit
924 417 1116 466 quasdam
1131 415 1374 456 Christianas
1387 415 1614 466 positiones,

222 475 272 513 de
302 473 445 523 quibus
475 486 556 510 non
585 472 700 522 pauci
729 471 923 518 aberrant,
945 477 982 509 et
1012 483 1123 520 quas,
1144 477 1187 509 ut
1216 477 1386 509 errantes
1415 469 1616 509 veritatem

222 527 353 566 sanius
380 525 608 577 percipiant,
631 538 672 563 se
691 538 760 576 per
779 524 979 575 publicam
1000 525 1307 574 disputationem
1336 531 1614 571 sustenturum,

223 581 358 619 habita
379 594 400 619 a
422 579 537 618 nobis
559 580 743 618 facultate
764 578 911 628 peritos
931 579 982 617 ad
1003 579 1080 616 hoc
1100 579 1150 617 ad
1171 579 1274 617 hanc
1294 578 1492 617 civitatem
1512 577 1618 616 invo-

222 634 351 681 candi,
381 634 477 672 dixit
492 648 502 681 3
541 641 579 672 et
608 641 814 684 propterea
842 631 954 683 petiit
984 632 1089 682 ipsas
1112 645 1245 671 coram
1269 631 1384 671 nobis
1409 631 1483 682 legi
1504 639 1541 670 et
1563 631 1617 670 eis

222 690 332 728 lectis
353 689 580 726 facultatem
603 689 771 726 eandem
792 686 866 725 sibi
888 685 1087 736 impertiri.
1146 688 1256 735 Quas
1276 700 1344 736 per
1365 693 1542 724 nostrum
1564 699 1618 724 se—

223 742 428 782 cretarium
449 743 524 792 legi
546 741 720 788 fecimus,
740 748 789 787 et,
808 742 862 779 eis
882 740 1002 787 lectis,
1027 740 1143 779 nobis
1164 748 1315 779 matura
1335 739 1618 779 deliberatione

223 797 350 835 visum
377 796 449 834 fuit
476 796 647 834 eundem
669 796 826 833 fratrem
848 794 1041 833 Iacobum
1063 794 1159 844 quin
1179 794 1304 833 dictas
1331 795 1618 844 disputationes

224 851 366 889 habeat
397 849 586 900 impedire
616 863 698 888 non
727 849 884 896 debere,
907 848 1029 887 immo
1050 848 1358 898 disputationem
1385 849 1508 898 ipsam
1537 861 1619 898 per—

224 905 389 951 mittere,
412 913 448 943 et
471 917 588 954 quam
610 902 870 954 permisimus,
892 910 940 950 et,
964 902 1056 952 quia
1075 902 1244 941 virorum
1265 901 1619 941 ecclesiasticorum

225 959 295 997 fuit
326 960 513 997 maiorem
544 959 647 996 circa
675 970 720 996 ea
750 957 788 994 in
820 958 1019 995 studendo
1048 956 1237 996 adhibere
1265 956 1519 1007 diligentiam,
1548 956 1619 993 fuit

225 1012 340 1051 nobis
361 1014 487 1051 visum
515 1019 552 1050 et
574 1013 704 1050 eidem
725 1012 828 1049 fratri
852 1011 1001 1049 Iacobo
1023 1010 1172 1049 dictum
1194 1012 1303 1060 quod
1324 1010 1406 1060 ipse
1435 1009 1618 1049 Dominis

225 1068 275 1106 de
295 1066 481 1117 Capitulo
501 1068 537 1104 S.
563 1065 666 1104 Petri
687 1064 802 1103 huius
823 1064 988 1103 civitatis
1009 1078 1055 1103 ea
1075 1064 1291 1115 significare
1311 1064 1466 1103 debeat.

311 1164 399 1207 No.
424 1175 527 1216 259.
577 1163 682 1206 The
714 1163 891 1206 decree
925 1161 980 1204 of
1005 1162 1091 1205 the
1123 1161 1251 1205 Two
1284 1161 1541 1213 Hundred‚

736 1221 795 1262 26
826 1220 946 1274 May
975 1231 1095 1274 1535.

281 1309 397 1346 From
428 1308 486 1345 tlte
515 1307 706 1356 Reglslers
731 1306 778 1354 os
797 1307 857 1343 tlze
888 1306 1070 1344 Colmczls.
1075 1305 1287 1344 —Ibidem
1315 1307 1386 1344 fuit
1411 1307 1618 1356 loquutum

226 1363 276 1400 de
306 1360 639 1411 disputationibus
668 1372 784 1410 super
813 1358 1135 1398 conclusionibus
1162 1372 1231 1409 per
1250 1361 1404 1409 fratrem
1427 1360 1619 1399 Iacobum

228 1414 417 1454 Bernardi
447 1413 665 1464 publicatis,
690 1421 727 1452 et
757 1426 873 1463 super
902 1413 956 1451 eis
986 1425 1054 1462 per
1083 1412 1249 1452 maiores
1273 1427 1389 1452 voces
1416 1421 1454 1452 et
1477 1415 1620 1452 resolu-

227 1470 376 1507 tionem
416 1468 568 1507 consilii
608 1468 838 1505 conclusum
870 1474 907 1505 et
946 1473 1174 1504 arrestatum
1209 1468 1318 1527 quod
1352 1469 1432 1506 sive
1462 1469 1620 1506 veniant

227 1524 402 1562 forenses
423 1522 655 1572 disputaturi
676 1521 756 1559 sive
777 1534 868 1566 non,
888 1528 1020 1558 tamen
1041 1520 1282 1570 disputatio
1274 1534 1358 1571 ipsa
1376 1534 1445 1571 per
1465 1534 1532 1560 eos
1553 1521 1621 1571 qui

228 1575 423 1615 adfuerint
440 1576 516 1622 fiat,
540 1583 577 1613 et
597 1588 677 1613 non
700 1574 945 1624 impediatur,
962 1587 1053 1612 cum
1067 1573 1155 1612 finis
1175 1575 1225 1613 ad
1242 1588 1360 1624 quern
1378 1575 1504 1614 tendit
1516 1575 1564 1613 sit
1578 1582 1620 1613 ut

230 1631 349 1669 corda
387 1630 633 1668 audientium
673 1628 722 1666 ab
755 1629 894 1666 eadem
930 1627 1051 1678 magis
1085 1628 1136 1666 de
1167 1628 1376 1679 propositis
1410 1630 1620 1667 clarificata

229 1685 401 1730 redeant,
434 1691 472 1722 et
502 1682 594 1721 inde
624 1681 863 1732 reipublicae
897 1681 1155 1732 tranquillitas
1185 1682 1274 1720 oriri
1304 1684 1441 1721 valeat.
1499 1685 1550 1721 Et
1578 1689 1620 1720 ut

230 1737 457 1776 huiusmodi
486 1736 699 1786 disputatio
729 1735 978 1775 commodius
1008 1743 1045 1774 et
1075 1735 1244 1786 quietius
1274 1736 1355 1775 fieri
1384 1738 1520 1784 valeat,
1551 1736 1622 1774 fuit

229 1793 445 1830 resolutum
475 1791 583 1840 quod
613 1790 785 1829 debeant
816 1789 897 1828 fieri
926 1789 1068 1836 cridae,
1091 1802 1188 1828 voce
1217 1791 1436 1839 praeconia,
1459 1792 1510 1829 de
1539 1803 1619 1828 non

230 1846 363 1884 fiendo
393 1845 563 1883 tumultu
594 1843 825 1894 quaestione
854 1857 928 1882 nec
957 1843 1105 1890 iniuria,
1138 1845 1326 1894 quodque
1359 1857 1510 1891 omnes,
1541 1843 1622 1882 sive

230 1900 404 1938 forenses
435 1898 515 1936 sive
544 1897 762 1945 domestici,
785 1897 906 1936 libere
935 1896 1134 1946 disputare
1157 1899 1322 1945 valeant,
1344 1898 1479 1937 addita
1508 1899 1621 1936 solita

229 1966 368 2002 poena.
429 1953 542 2000 Quae
572 1951 783 2000 praemissa
813 1953 862 1989 D.
895 1950 1043 1989 Sindici
1074 1951 1312 2001 Presbyteris
1341 1960 1378 1990 et
1413 1951 1622 2002 Religiosis

230 2005 418 2044 nuncient
439 2012 476 2043 et
496 2005 711 2043 notificent.

289 2101 376 2144 No.
401 2102 510 2144 260.
562 2100 669 2144 The
702 2101 887 2144 second
919 2101 1230 2154 disputation
1261 2101 1321 2144 of
1343 2102 1567 2155 Geneva‚

604 2170 666 2211 30
692 2159 930 2212 May—24
950 2158 1081 2210 June
1103 2170 1222 2212 1535.

287 2281 293 2288 .
320 2280 326 2288 .
349 2280 355 2288 .
382 2249 561 2289 Lesdites
591 2251 766 2300 disputes
806 2251 933 2288 furent
968 2250 1243 2290 commencees
1277 2251 1372 2290 ledit
1401 2253 1622 2302 dymenche

234 2303 303 2356 [30
335 2302 436 2356 Mai]
467 2318 516 2342 au
546 2305 669 2354 grand
701 2304 903 2354 auditoyre
934 2305 988 2342 du
1015 2313 1186 2343 convent
1216 2305 1266 2344 de
1296 2305 1396 2344 Rive
1418 2306 1622 2356 publique-

233 2366 352 2404 ment‚
375 2359 534 2408 presens
554 2360 609 2397 les
630 2357 796 2407 deputez
816 2359 869 2397 du
891 2357 1052 2398 Conseil
1073 2371 1171 2408 pour
1196 2359 1333 2409 garder
1355 2360 1504 2407 l'ordre,
1527 2373 1621 2399 avec

232 2419 368 2462 quatre
388 2411 623 2450 secre'taires.

289 2467 363 2505 Les
393 2464 584 2516 positions
615 2464 910 2512 maintiennent,
944 2479 992 2505 en
1021 2479 1184 2513 somme,
1207 2468 1242 2505 la
1269 2466 1522 2516 justification
1551 2468 1620 2506 des
