1715 2780
191 116 268 164 648
362 116 480 155 THE
512 113 835 155 DISCIPLINE
868 114 927 151 IN
959 112 1201 159 GENEVA,
1238 113 1419 162 1542—64
1513 112 1586 159 316

189 221 229 270 ja
249 219 331 259 este
353 218 446 270 aoys
467 233 517 258 en
535 219 697 260 Conseil
718 217 877 264 Estroit‚
896 226 934 256 et
956 217 1054 256 hont
1075 229 1125 254 en
1146 215 1288 266 icelluy
1304 223 1506 255 comment
1526 216 1586 266 icy

192 274 361 325 propose
388 275 581 325 plusieurs
609 274 808 323 exemples
837 279 875 310 et
900 284 1046 321 propos
1068 277 1152 308 tant
1172 271 1222 309 de
1246 269 1586 309 l'excommunica-

192 328 275 368 tion
296 341 373 379 que
394 330 465 367 des
487 327 782 378 imperfectioris
799 339 877 376 que
893 326 980 364 ores
1001 332 1091 364 sont
1107 325 1148 364 65
1166 325 1309 374 peuple
1326 331 1365 362 et
1380 325 1431 363 de
1447 325 1586 363 l'ordre

192 383 245 421 du
268 384 512 422 Consistoire
534 382 683 431 estably
703 379 1008 419 anciennement
1035 392 1134 429 pour
1158 380 1267 417 telles
1294 377 1586 428 imperfectioris

192 436 388 487 reprimer‚
405 444 443 475 et
459 437 556 475 hont
575 437 664 474 saict
679 436 748 474 des
766 441 1078 472 remonstrances
1094 432 1187 471 bien
1203 433 1365 482 longues
1382 439 1420 470 et
1435 433 1585 482 amples

194 498 276 529 tant
305 504 374 541 par
401 489 657 540 l'escriptures
684 488 897 527 anciennes
919 500 996 537 que
1016 500 1085 537 par
1105 488 1250 537 l'usage
1271 486 1341 525 des
1368 493 1584 536 appostres‚

194 552 231 583 et
252 545 350 583 110111
372 543 454 583 dict
478 557 555 594 que
584 544 612 582 si
642 545 719 581 l'on
741 543 846 581 veult
871 541 954 580 dire
979 554 1056 591 que
1077 542 1112 579 le
1134 539 1379 580 Consistoire
1398 548 1462 590 ayt
1483 539 1586 589 sailly

194 598 286 649 qu’il
307 606 445 648 soyent
466 597 683 636 demandes
705 596 730 635 il
752 610 800 634 en
822 596 1085 646 respondront
1105 601 1143 633 et
1164 607 1204 633 se
1224 608 1247 644 y
1263 595 1413 632 offrent.
1468 595 1586 632 Iceux

195 652 389 691 ministres
410 660 541 691 6513115
562 651 694 690 1611165
716 681 724 689 .
747 681 754 688 .
778 681 784 688 .
809 651 864 688 165
889 648 992 688 editz
1015 662 1080 688 sus
1105 647 1517 687 l'excommunication
1537 661 1586 687 en

195 706 355 746 Conseil
383 705 551 745 Ge'neral
578 706 712 756 passes
739 712 830 743 sont
859 703 940 742 este
969 704 1075 741 leus:
1109 716 1207 753 puys
1237 709 1295 741 est
1325 701 1406 741 este
1436 701 1509 740 mis
1538 714 1586 740 en

194 759 385 810 oppinion
400 768 437 798 61
455 759 571 798 recite'
589 758 777 810 l'opinion
791 759 844 797 du
860 759 955 807 Pety
969 757 1141 797 Conseil.
1184 757 1235 794 Et
1250 757 1285 795 le
1303 763 1388 794 tout
1401 755 1588 806 opinione

195 822 253 852 est
273 816 416 853 3116516
439 815 557 863 qu'on
579 827 620 852 56
640 814 738 852 116111
758 826 833 851 aux
855 811 966 850 editz.

248 868 375 918 Apres
397 875 455 906 est
476 867 583 906 entre'
605 869 640 906 le
662 867 822 906 Conseil
844 866 913 904 des
938 866 1052 904 Deux
1077 865 1194 905 Cens.
1255 866 1305 902 Et
1330 865 1389 914 icy
1420 877 1588 902 mesmes

195 924 230 960 16
251 922 295 960 Sr
314 921 481 972 premier
502 921 717 972 Sindicque
744 934 767 959 a
793 921 867 958 mis
895 933 944 958 en
971 926 1088 957 avant
1116 919 1170 957 165
1198 931 1343 968 propos
1368 919 1435 968 qui
1459 927 1528 957 ont
1550 918 1588 968 ja

194 977 276 1014 este
306 975 379 1014 mis
410 989 457 1014 en
487 975 672 1014 Soixante
702 983 740 1013 et
769 973 1098 1013 semblablement
1128 986 1151 1022 y
1180 980 1271 1011 sont
1300 974 1381 1010 este
1411 985 1504 1022 aoys
1534 973 1589 1010 les

196 1031 392 1069 ministres
421 1029 487 1079 qui
518 1031 615 1068 hont
645 1028 815 1080 propose
845 1035 1047 1066 comment
1077 1026 1232 1065 auxdits
1262 1025 1458 1072 Soixante.
1517 1026 1590 1064 Sur

195 1097 300 1134 quoy
321 1091 378 1122 est
406 1083 487 1122 este'
514 1083 648 1122 advise
675 1091 713 1121 et
740 1096 850 1133 para
870 1083 958 1132 plus
977 1081 1100 1131 grand
1120 1080 1210 1119 voix
1239 1079 1382 1118 arreste
1410 1092 1487 1130 que
1511 1080 1588 1118 l’on

194 1151 235 1177 se
257 1138 353 1176 tient
374 1151 449 1176 aux
470 1138 571 1176 editz
589 1139 628 1188 ja
650 1137 783 1188 passe's
804 1141 872 1187 par
894 1135 1053 1176 Conseil
1075 1134 1256 1174 General.

195 1250 284 1296 No.
308 1260 399 1303 317.
446 1249 553 1292 The
585 1247 883 1301 University
914 1246 971 1288 of
995 1246 1218 1297 Geneva,
1246 1256 1273 1298 5
1303 1245 1434 1297 June
1463 1255 1589 1297 1559.

253 1344 365 1379 From
387 1341 653 1389 promulgatio
674 1341 816 1388 Legum
838 1339 1065 1377 Acadetlliae
1090 1339 1467 1377 Genevensis.—A.D.
1491 1348 1589 1386 1559

197 1397 323 1434 Nonis
343 1395 456 1433 Iunii.
483 1425 489 1432 .
515 1425 522 1432 .
546 1424 552 1431 .
578 1396 719 1443 Neque
737 1393 841 1431 enim
859 1395 1070 1442 quisquam
1088 1393 1264 1441 ignorare
1286 1394 1413 1441 potest
1434 1390 1590 1441 quantis

196 1449 494 1499 tempestatibus
522 1448 667 1486 abhinc
693 1460 819 1485 annos
846 1448 996 1496 aliquot
1024 1446 1164 1484 iactata
1186 1446 1298 1483 fuerit
1324 1446 1420 1483 11366
1441 1444 1587 1491 civitas,

196 1504 445 1553 quorundam
474 1501 709 1540 nefariorum
732 1500 873 1538 civium
898 1499 1180 1546 coniuratione,
1203 1512 1283 1549 quo
1306 1498 1474 1549 primum
1497 1506 1588 1536 tem-

196 1571 289 1607 pore
324 1558 373 1595 de
408 1556 467 1594 his
503 1557 617 1594 rebus
652 1554 939 1593 constituendis
974 1555 1104 1603 coepit
1138 1553 1318 1602 cogitare.
1380 1554 1465 1591 Iam
1498 1565 1588 1591 vero

196 1625 318 1662 quum
340 1611 542 1649 communi
564 1609 742 1648 omnium
764 1622 918 1647 rumore
940 1609 1092 1655 feratur,
1112 1608 1220 1657 quod
1242 1606 1410 1645 maxime
1430 1619 1589 1657 quoque

196 1665 401 1716 probabile
436 1673 504 1711 est,
537 1664 659 1714 pace¹
690 1664 789 1701 inter
820 1662 1114 1713 potentissimos
1143 1662 1326 1711 Europae
1358 1662 1589 1699 monarchas

197 1722 307 1766 13613,
325 1720 509 1758 Satanan]
523 1720 584 1755 vix
601 1717 823 1767 quieturum
841 1717 970 1755 donec
987 1715 1172 1755 omnibus
1186 1715 1331 1754 viribus
1347 1727 1433 1753 eam
1450 1714 1588 1753 urbem

194 1774 403 1820 adoriatur,
419 1786 441 1811 3
458 1785 536 1823 qua
553 1785 632 1810 una
648 1771 856 1822 praecipue
873 1783 914 1809 se
930 1783 1102 1820 suosque
1118 1768 1195 1820 peti
1219 1781 1359 1819 magna
1375 1781 1464 1807 cum
1482 1769 1587 1818 regni

196 1827 254 1865 sui
271 1827 573 1865 labefactatione
588 1826 765 1876 quotidie
782 1826 924 1863 sentiat
940 1840 946 1862 :
970 1822 1211 1862 admirabilis
1228 1833 1331 1861 certe
1344 1822 1589 1861 constantiae

195 1894 241 1919 ac
267 1880 504 1919 fortitudinis
533 1879 617 1927 suit,
643 1881 739 1918 11366
765 1878 930 1917 consilia
959 1891 1038 1916 non
1067 1878 1188 1915 modo
1215 1889 1295 1915 non
1323 1875 1492 1914 abiicere
1518 1874 1588 1914 sed

196 1936 311 1972 ctiam
335 1933 527 1984 persequi,
553 1946 633 1983 quo
653 1942 830 1982 tempore
851 1932 996 1970 civitati
1017 1945 1084 1981 per
1109 1944 1149 1970 56
1175 1944 1255 1969 11011
1279 1930 1332 1968 113
1360 1942 1524 1980 magnae
1551 1936 1589 1967 et

196 1987 304 2026 omni
326 2000 451 2037 paene
473 1989 695 2025 mortalium
719 1986 913 2036 praesidio
933 1986 1153 2031 destitutae,
1173 1985 1222 2023 de
1243 1983 1446 2034 quibusvis
1472 1983 1589 2021 rebus

198 2043 328 2091 potius
359 2053 477 2090 quam
509 2042 558 2078 de
589 2040 632 2077 iis
663 2040 802 2078 studiis
832 2039 1088 2090 cogitandum
1117 2039 1333 2084 videbatur,
1362 2050 1464 2088 quae
1493 2037 1590 2074 1111111

195 2108 322 2145 aeque
341 2108 387 2132 ac
402 2107 539 2144 pacem
562 2102 599 2131 et
616 2094 887 2143 quietudinem
906 2093 1118 2143 requirunt.
1138 2123 1145 2130 .
1166 2122 1173 2130 .
1194 2122 1201 2130 .
1222 2093 1361 2142 Itaque
1380 2121 1387 2129 .
1411 2121 1418 2129 .
1444 2120 1450 2128 .
1467 2102 1588 2140 quum

198 2163 243 2187 ea
264 2162 383 2198 quam
405 2148 484 2187 dixi
506 2148 718 2186 multitudo
745 2147 992 2185 convenisset
1016 2148 1063 2185 D.
1089 2147 1288 2184 Iohannes
1310 2144 1496 2184 Calvinus
1518 2174 1526 2182 .
1549 2174 1556 2182 .
1580 2172 1590 2181 .

199 2203 337 2252 gallica
367 2202 544 2240 oratione
566 2231 574 2240 .
599 2232 606 2239 .
629 2231 636 2238 .
660 2202 866 2250 praefatus,
898 2200 1090 2238 indictum
1122 2202 1239 2237 fuisse
1273 2200 1379 2237 hunc
1408 2199 1513 2236 diem
1544 2210 1590 2235 ex

197 2256 429 2306 amplissimi
451 2258 618 2294 Senatus
636 2256 822 2293 mandato
843 2254 995 2292 solenni
1018 2253 1338 2292 scholasticarum
1354 2254 1483 2302 legum
1505 2263 1589 2301 pro-

199 2312 441 2361 mulgationi,
459 2323 597 2348 omnes
613 2311 663 2348 ad
679 2322 814 2359 preces
830 2309 1053 2346 fundendas
1068 2315 1126 2346 est
1142 2308 1380 2345 cohortatus.
1431 2305 1588 2344 Deinde

200 2365 373 2403 Michael
396 2366 580 2411 Rosetus‚
603 2363 984 2413 archigrammateus‚
1007 2361 1268 2411 Syndicorum
1298 2360 1416 2408 iussu,
1440 2359 1591 2398 Acade-

199 2418 301 2457 miae
333 2420 456 2469 Leges
486 2449 493 2457 .
562 2448 568 2456 .
598 2416 781 2456 recitavit.
844 2419 985 2455 Postea
1014 2414 1273 2454 confessionis
1304 2415 1522 2459 formulam,
1548 2411 1586 2450 in

561 2497 568 2516 ¹
595 2495 932 2535 caman-cambresis,
954 2506 971 2536 5
988 2498 1067 2538 Apr.
1094 2505 1181 2537 1559.

1655 1880 1664 1890 ο

1708 2351 1711 2358 -
1708 2332 1710 2339 —
1708 2275 1715 2315 ψῃ·
1706 1841 1715 2249 Tnzffiaoeae—ss-
1706 1807 1709 1825 -„
1706 1701 1708 1760 *--
