1715 2780
218 143 295 179 474
694 134 919 173 CAPPEL.
957 146 1133 184 1529-31
1531 148 1610 186 225

220 233 458 273 Vehiculum
486 235 644 285 Spiritui
672 249 753 274 non
778 245 835 276 est
860 238 1149 278 necessarium:
1179 239 1262 289 ipse
1286 240 1391 278 enim
1413 250 1470 280 est
1491 242 1610 280 virtus

221 296 260 327 et
281 288 374 327 latio
395 302 473 339 qua
493 297 637 328 cuncta
657 291 842 339 feruntur,
862 304 943 329 non
965 291 1033 342 qui
1051 292 1139 331 ferri
1161 306 1260 343 opus
1281 294 1425 334 habeat
1443 310 1450 334 :
1481 308 1612 345 neque

220 342 261 381 id
282 356 458 393 unquam
486 344 651 394 legimus
682 345 721 382 in
747 345 955 395 Scripturis
982 346 1099 385 sacris
1120 349 1229 397 quod
1249 348 1458 397 sensibilia,
1481 349 1611 399 qualia

221 404 466 436 sacramenta
490 405 591 445 sunt,
615 405 721 437 certo
746 411 880 438 secum
901 401 1043 438 ferrent
1073 401 1271 451 Spiritum.
1296 432 1302 439 .
1325 433 1332 439 .
1355 433 1363 442 .
1388 405 1446 441 Ex
1467 402 1609 453 quibus

220 452 296 489 hoc
326 451 520 501 colligitur
541 481 548 488 .
571 483 577 490 .
602 481 608 489 .
631 461 874 492 sacramenta
903 453 986 492 dari
1020 454 1059 492 in
1098 455 1368 495 testimonium
1406 457 1608 507 publicum

220 506 302 543 eius
331 505 487 555 gratiae,
510 519 611 555 quae
632 508 775 557 cuique
795 507 946 558 privato
965 509 1071 558 prius
1091 510 1213 548 adest.
1239 540 1245 547 .
1267 539 1275 547 .
1296 541 1303 548 .
1329 511 1461 550 Credo
1484 510 1608 561 igitur,

221 559 257 598 O
280 559 433 606 Caesar,
457 568 746 599 sacramentum
777 575 862 600 esse
886 575 1018 601 sacrae
1041 563 1105 610 rei,
1128 564 1205 602 hoc
1225 572 1283 603 est
1304 566 1428 603 factae
1453 565 1609 615 gratiae,

221 614 388 662 signum.
412 642 418 650 .
441 644 447 650 .
471 643 478 650 .
500 616 551 653 Et
576 615 628 652 ob
649 616 751 653 hanc
781 629 939 654 causam
967 625 1220 666 sacramenta,
1244 632 1346 668 quae
1369 632 1500 658 sacrae
1521 627 1611 657 sunt

220 667 470 706 ceremoniae
492 667 661 718 (accedit
690 669 795 708 enim
816 671 979 709 verbum
1006 672 1056 710 ad
1083 673 1323 711 elementum
1353 681 1391 712 et
1420 674 1462 712 fit
1492 686 1612 712 sacra-

223 722 431 772 mentum),
464 722 643 772 religiose
673 725 851 771 colenda,
876 732 1004 763 ...ut
1039 726 1143 764 enim
1178 726 1340 776 gratiam
1372 728 1498 766 facere
1531 740 1611 766 non

221 782 397 825 possunt,
421 776 609 815 ecclesiae
633 785 766 816 tamen
796 792 868 817 nos
898 778 1100 818 visibiliter
1128 780 1290 828 sociant,
1323 783 1389 831 qui
1419 781 1524 831 prius
1554 783 1611 819 in-

222 829 424 868 visibiliter
458 830 497 868 in
532 830 638 869 illam
672 832 829 882 recepti.
854 863 859 870 .
880 864 886 872 .
911 863 918 871 .
944 834 1047 872 Nam
1079 835 1109 872 si
1141 835 1252 874 aliter
1275 836 1326 874 de
1360 835 1612 874 sacramentis

221 884 447 931 sentiamus,
471 892 565 934 puta
586 887 694 936 quod
716 888 882 925 exterius
902 887 1080 926 adhibita
1099 887 1204 927 intus
1224 897 1400 939 purgent,
1416 889 1492 928 iam
1514 889 1613 929 redit

225 938 462 976 Iudaismus.
485 969 491 976 .
515 969 521 976 .
545 970 550 977 .

275 992 439 1031 Octavo.
500 994 632 1033 Credo
666 996 774 1044 quod
812 996 851 1033 in
891 997 1007 1034 Sacra
1046 996 1303 1043 Eucharistia,
1337 998 1413 1036 hoc
1443 1005 1501 1036 est
1534 1011 1613 1048 gra—

221 1047 362 1084 tiarum
393 1046 558 1086 actionis
588 1061 722 1095 coena,
756 1062 890 1087 verum
921 1050 1066 1089 Christi
1096 1064 1238 1101 corpus
1267 1051 1378 1099 adsit,
1403 1051 1493 1090 fidei
1523 1065 1613 1090 con-

222 1100 501 1149 templatione:
532 1103 607 1140 hoc
638 1110 706 1149 est,
733 1105 841 1153 quod
872 1103 897 1141 ii
921 1104 988 1154 qui
1017 1106 1157 1154 gratias
1185 1113 1306 1155 agunt
1336 1106 1513 1144 Domino
1542 1118 1613 1156 pro

223 1154 419 1193 beneficio
451 1156 566 1194 nobis
602 1157 638 1193 in
673 1156 771 1195 Filio
805 1171 877 1196 suo
908 1160 1063 1207 collato,
1093 1166 1313 1208 agnoscunt
1342 1160 1451 1197 illum
1482 1172 1611 1198 veram

224 1221 381 1247 carnem
419 1210 698 1260 adsumpsisse,
735 1224 823 1250 vere
859 1212 896 1250 in
932 1212 996 1250 illa
1027 1226 1185 1262 passum
1225 1226 1321 1261 esse,
1354 1226 1443 1252 vere
1481 1221 1613 1252 nostra

224 1270 387 1312 peccata
408 1265 597 1314 sanguine
617 1278 689 1303 suo
709 1265 890 1313 abluisse,
913 1275 951 1305 et
972 1266 1026 1305 sic
1047 1280 1207 1306 omnem
1229 1280 1309 1306 rem
1330 1281 1398 1318 per
1411 1267 1612 1307 Christum

222 1324 371 1366 gestam
402 1317 475 1356 illis
506 1319 597 1357 fidei
624 1320 959 1369 contemplatione
981 1322 1085 1359 velut
1111 1330 1357 1371 praesentem
1385 1321 1476 1360 fieri.
1536 1323 1614 1361 Sed

225 1372 333 1420 quod
356 1371 501 1410 Christi
531 1386 671 1422 corpus
698 1387 766 1423 per
787 1375 996 1412 essentiam
1027 1382 1065 1414 et
1094 1375 1256 1423 realiter,
1280 1377 1356 1413 hoc
1385 1383 1443 1414 est
1473 1389 1614 1425 corpus

226 1426 355 1474 ipsum
383 1427 571 1473 naturale,
592 1426 630 1464 in
652 1440 777 1465 coena
797 1436 864 1465 aut
883 1428 984 1466 adsit
1004 1437 1071 1467 aut
1092 1442 1158 1468 ore
1184 1429 1451 1479 dentibusque
1471 1429 1613 1468 nostris

225 1479 442 1525 mandatur,
475 1481 813 1529 quemadmodum
855 1482 1036 1532 Papistae
1066 1491 1103 1521 et
1135 1483 1294 1533 quidam
1328 1483 1395 1533 qui
1428 1484 1478 1522 ad
1517 1484 1614 1522 ollas

224 1532 484 1583 Aegyptiacas
498 1535 507 1554 ¹
524 1542 754 1584 respectant,
771 1536 992 1585 perhibent,
1007 1538 1046 1575 id
1060 1550 1151 1575 vero
1164 1550 1245 1575 non
1258 1544 1411 1576 tantum
1425 1550 1613 1588 negamus

224 1587 293 1625 sed
333 1600 501 1626 errorem
542 1602 626 1627 esse
660 1589 724 1638 qui
760 1590 879 1628 verbo
916 1591 990 1629 Dei
1029 1592 1254 1630 adversatur
1292 1599 1516 1630 constanter
1549 1593 1614 1630 ad-

223 1653 456 1680 severamus.
481 1673 488 1680 .
514 1673 519 1679 .
545 1673 550 1679 .

281 1696 409 1734 Nono.
469 1696 602 1736 Credo
627 1697 882 1745 ceremonias,
911 1712 1011 1748 quae
1042 1712 1170 1749 neque
1199 1713 1268 1749 per
1296 1699 1613 1749 superstitionem

225 1749 314 1787 fidei
344 1763 473 1800 neque
502 1751 623 1789 verbo
653 1751 726 1790 Dei
757 1754 972 1791 contrariae
1003 1760 1092 1791 sunt
1113 1752 1357 1803 (quanquam
1387 1753 1614 1792 huiusmodi

226 1803 398 1841 nesciam
432 1818 482 1842 an
518 1818 619 1854 quae
651 1806 913 1857 inveniantur)
945 1820 1012 1856 per
1049 1807 1249 1846 caritatem
1288 1807 1453 1853 tolerari,
1485 1808 1614 1846 donec

226 1858 362 1895 lucifer
393 1858 514 1908 magis
543 1872 590 1897 ac
621 1860 742 1909 magis
769 1861 990 1908 allucescat,
1013 1874 1141 1910 posse.
1164 1892 1170 1899 .
1195 1890 1200 1897 .
1225 1891 1231 1898 .
1255 1861 1452 1911 Imagines
1481 1868 1612 1899 autem

227 1924 328 1960 quae
349 1913 399 1950 ad
421 1913 568 1950 cultum
593 1914 822 1962 prostitutae
843 1923 944 1961 sunt,
968 1928 1048 1953 non
1075 1927 1219 1953 censeo
1241 1914 1340 1953 inter
1359 1914 1613 1962 ceremonias,

224 1965 293 2002 sed
321 1978 367 2002 ex
395 1978 529 2003 eorum
552 1980 636 2005 esse
660 1981 825 2006 numero
846 1981 946 2018 quae
967 1970 1086 2007 verbo
1117 1969 1191 2007 Dei
1210 1982 1256 2007 ex
1285 1968 1477 2007 diametro
1506 1981 1614 2018 repu-

224 2026 358 2067 gnant.
419 2019 532 2067 Quae
560 2028 691 2058 autem
724 2035 804 2060 non
835 2029 1010 2072 prostant
1039 2024 1089 2061 ad
1120 2024 1281 2070 cultum,
1303 2029 1369 2060 aut
1399 2021 1466 2060 ubi
1487 2023 1614 2060 cultus

225 2073 342 2110 futuri
382 2074 533 2110 nullum
574 2082 630 2112 est
669 2075 898 2124 periculum,
939 2085 1016 2114 tam
1055 2078 1167 2114 abest
1201 2084 1242 2114 ut
1281 2077 1467 2115 damnem
1504 2084 1544 2114 ut
1576 2083 1613 2114 et

226 2125 430 2175 pictoriam
452 2135 489 2165 et
510 2128 733 2166 statuariam
757 2129 830 2167 Dei
852 2131 955 2167 dona
977 2143 1061 2168 esse
1082 2143 1304 2179 agnoscam.

279 2180 456 2219 Decimo.
516 2182 647 2220 Credo
667 2183 895 2231 prophetiae
925 2183 1004 2221 sive
1025 2183 1302 2233 predicationis
1324 2197 1467 2222 munus
1491 2197 1615 2222 sacro-

225 2242 402 2272 sanctum
453 2248 548 2283 esse,
598 2244 639 2274 ut
687 2237 794 2285 quod
843 2245 933 2275 ante
981 2251 1099 2275 omne
1147 2237 1318 2276 officium
1366 2237 1414 2276 sit
1461 2250 1614 2276 summe

274 2341 278 2357 ¹
305 2341 375 2372 The
386 2342 698 2375 Lutllerans.-—The
709 2350 878 2384 argument
894 2355 973 2385 goes
992 2356 1032 2376 on
1051 2351 1084 2376 to
1101 2346 1184 2386 deny
1193 2346 1248 2377 the
1264 2356 1415 2387 presence
1432 2346 1469 2377 of
1479 2344 1614 2377 Christ's

227 2386 234 2401 ⁶
252 2384 386 2427 corpus}
399 2386 547 2418 naturale
561 2385 568 2400 '
600 2387 746 2428 alleging
778 2388 826 2418 his
853 2389 860 2404 ‘
876 2388 1109 2420 humanitatem
1140 2400 1206 2421 esse
1234 2389 1266 2420 in
1299 2399 1362 2420 uno
1389 2389 1475 2427 loco,
1499 2389 1614 2420 divini-

224 2432 324 2459 tatem
341 2438 417 2460 vero
434 2430 553 2471 ubique
565 2429 584 2461 '.
632 2431 661 2462 It
677 2433 703 2462 is
719 2441 808 2462 more
824 2431 937 2471 briefly
954 2438 1010 2473 put
1033 2433 1063 2463 in
1082 2443 1142 2463 one
1160 2437 1307 2464 sentence
1324 2432 1362 2464 of
1373 2433 1426 2464 the
1443 2433 1615 2474 Exposita

230 2470 442 2503 Christianae
460 2474 556 2504 Fidei
573 2474 758 2513 (addressed
777 2475 808 2505 in
830 2484 910 2514 1530
927 2482 960 2506 to
981 2476 1112 2507 Francis
1130 2477 1163 2517 Ι)
1177 2487 1182 2507 :
1210 2477 1217 2492 ‘
1231 2476 1324 2507 Abiit
1341 2486 1428 2516 ergo,
1444 2480 1474 2508 et
1486 2486 1551 2507 non
1567 2481 1613 2506 est

224 2515 275 2546 hic
287 2515 294 2527 ’
321 2515 519 2557 (Niemeyer,
537 2519 604 2557 475.
