1715 2780
215 53 292 100 456
363 52 481 89 THE
513 52 897 90 ANABAPTisTs
928 52 988 89 IN
1019 40 1250 98 lumen,
1288 63 1465 101 1525-32
1539 61 1611 99 213

218 153 363 201 turrim,
399 154 437 192 in
472 168 549 204 qua
581 156 685 205 prius
720 156 970 201 delituerunt,
1003 153 1270 202 coniiciantur,
1304 168 1405 205 pane
1436 163 1474 194 et
1507 168 1610 205 aqua

217 207 460 256 delicientur,
483 209 612 248 donec
635 216 702 246 aut
723 208 901 258 spiritum
923 209 1090 248 reddant
1116 215 1185 247 aut
1208 221 1358 247 manus.
1416 209 1609 248 Additum

217 275 387 322 quoque,
420 270 461 300 ut
493 262 560 312 qui
590 264 755 313 posthac
789 262 969 313 tingatur,
999 275 1155 312 prorsus
1189 270 1394 313 mergatur,
1425 264 1502 301 lata
1532 262 1608 301 iam

217 316 420 355 sententia.
481 317 545 355 Sic
567 317 726 355 tandem
748 324 896 355 tentata
917 316 1009 355 satis
1030 316 1218 367 patientia
1237 316 1417 368 erumpit.
1466 317 1608 356 Socer¹

218 372 384 409 Senatus
416 370 723 409 misericordiam
760 370 1026 421 nequicquam
1054 370 1288 421 imploravit.
1358 371 1459 409 Mihi
1499 372 1610 410 vehe-

218 432 369 462 menter
389 424 660 474 incorrigibilis
677 424 882 462 hominum
899 425 1064 463 audacia
1080 432 1163 463 tum
1179 425 1297 472 dolet,
1316 432 1398 463 tum
1416 424 1608 475 displicet.

218 479 377 516 Nollem
393 479 609 528 crepundia
624 479 863 518 renascentis
881 478 1167 518 Christianismi
1182 478 1409 517 huiusmodi
1423 479 1610 529 exemplis

218 533 462 582 inaugurari:
492 533 561 571 sed
593 534 702 571 Deus
733 546 814 571 non
844 546 978 571 sumus
1008 533 1071 571 cui
1102 534 1157 571 sic
1186 534 1313 582 placet
1343 532 1479 571 futuris
1501 532 1611 571 malis

218 586 449 636 prospicere,
473 594 514 624 ut
544 586 637 624 olim
668 600 789 636 quum
826 589 942 625 Petro
974 586 1230 626 mentientem
1259 587 1455 625 Ananiam
1485 586 1612 625 subita

217 641 418 689 atrocique
440 648 565 678 morte
586 640 803 688 trucidavit,
823 654 902 691 quo
919 640 1034 679 nobis
1047 642 1208 679 fallendi
1228 641 1434 680 audaciam
1452 654 1610 679 omnem

217 694 282 743 qui
306 702 437 732 tamen
458 694 602 733 nullius
624 696 674 733 rei
695 708 820 745 aeque
839 696 947 745 gnari
969 708 1115 742 sumus,
1136 703 1365 745 amputaret.
1388 726 1393 732 .
1422 726 1427 733 .
1451 725 1458 733 .

218 804 310 847 No.
329 816 420 858 214.
454 805 609 847 From
622 804 883 858 Zwingli's
899 804 971 849 De
986 804 1268 859 Baptismo,
1285 815 1339 858 27
1357 805 1477 859 May
1492 815 1611 858 1525.

273 926 278 933 .
305 927 310 933 .
336 927 342 933 .
368 897 577 935 Caeterum
608 909 657 933 ne
688 896 775 945 quis
808 895 936 945 operis
966 895 1088 934 nostri
1119 897 1308 947 prolixam
1336 904 1374 934 et
1408 896 1612 934 molestam

219 949 491 988 tractationem
507 949 645 987 merito
659 951 945 1000 reprehendere
962 950 1084 1000 possit
1106 980 1113 988 .
1137 981 1144 989 .
1169 980 1176 989 .
1199 950 1419 989 universam
1435 949 1612 989 oninium

218 1017 353 1042 eorum
387 1017 488 1054 quae
521 1005 712 1042 hactenus
751 1005 856 1042 dicta
889 1013 980 1042 sunt
1011 1018 1207 1043 summam
1242 1004 1281 1042 in
1321 1004 1457 1043 breves
1495 1004 1613 1042 hasce

219 1058 508 1108 propositiones
529 1057 702 1108 redigere
722 1058 845 1097 libuit.

767 1125 832 1161 De
850 1124 1064 1174 Baplt'smo.

274 1187 459 1226 Animam
500 1187 672 1226 hominis
709 1189 860 1226 nullum
896 1187 1011 1227 huius
1045 1189 1182 1227 mundi
1215 1189 1467 1235 elementum,
1507 1188 1614 1226 nulla

219 1241 390 1291 denique
412 1255 470 1280 res
492 1249 651 1280 externa
673 1243 863 1281 mundare
884 1250 1023 1292 potest.
1098 1242 1230 1281 Huius
1259 1242 1364 1281 enim
1394 1241 1613 1293 purificatio

219 1296 339 1334 solius
366 1295 510 1346 gratiae
541 1296 697 1335 divinae
727 1309 825 1346 opus
856 1304 923 1335 est.
983 1298 1208 1346 Baptismus
1238 1310 1329 1347 ergo
1361 1304 1612 1347 peccatorum

219 1351 352 1388 sordes
374 1350 532 1388 abluere
552 1350 700 1399 nequit.

275 1403 476 1452 Quoniam
510 1417 601 1442 vero
636 1403 698 1441 hic
736 1418 759 1441 a
799 1406 887 1443 Deo
925 1403 1086 1453 quidem
1118 1404 1316 1443 institutus
1349 1413 1417 1451 est,
1451 1413 1613 1455 peccata

221 1466 352 1496 tamen
392 1470 472 1496 non
511 1458 645 1505 abluit,
688 1465 840 1496 constat
880 1457 1044 1496 omnino
1083 1459 1188 1496 hunc
1227 1471 1308 1497 non
1345 1459 1452 1497 aliud
1491 1472 1609 1509 quam

220 1511 375 1561 signum
403 1525 487 1550 esse
518 1513 811 1559 sacramentale,
834 1525 913 1561 quo
936 1511 1012 1550 Dei
1034 1513 1203 1562 populus
1232 1512 1269 1550 in
1292 1526 1411 1551 unam
1433 1514 1552 1552 fidem
1574 1521 1612 1551 et

219 1565 446 1616 religionem
468 1565 720 1615 obstringitur
741 1565 855 1604 simul
877 1573 914 1604 et
934 1565 1147 1616 colligatur.

628 1633 692 1668 De
712 1632 915 1681 Bapfismo
935 1633 1208 1670 Parvulormn.

277 1696 629 1744 Quemadmodum
656 1695 694 1733 in
726 1698 772 1733 V.
789 1698 833 1734 T.
867 1696 1043 1734 fidelium
1071 1695 1181 1735 liberi
1204 1696 1303 1735 inter
1325 1697 1401 1735 Dei
1422 1698 1610 1747 populum

221 1750 507 1798 censebantur,
537 1751 589 1788 ita
610 1763 715 1788 nunc
736 1763 895 1800 quoque
918 1749 1231 1789 Christianorum
1247 1750 1373 1798 liberi,
1387 1763 1467 1789 non
1485 1750 1613 1789 minus

221 1817 338 1854 quam
379 1803 449 1853 ipsi
490 1811 681 1853 parentes,
725 1805 799 1842 Dei
842 1811 943 1842 sunt.
1003 1805 1102 1853 Quis
1141 1818 1232 1855 ergo
1270 1805 1494 1854 prohibebit
1534 1818 1614 1855 quo

222 1858 352 1895 minus
372 1870 472 1907 aqua
495 1857 741 1907 baptizentur
761 1871 860 1907 quos
883 1860 957 1896 iam
978 1866 1069 1896 ante
1092 1858 1166 1897 Dei
1189 1871 1274 1897 esse
1294 1860 1481 1897 constat?

276 1911 545 1958 Circumcisio‚
584 1911 613 1949 si
650 1913 797 1950 externi
822 1912 919 1962 signi
950 1912 1142 1950 rationem
1167 1920 1205 1951 et
1233 1925 1348 1951 usum
1375 1913 1610 1959 consideres,

222 1965 327 2003 idem
352 1964 517 2002 omnino
546 1965 742 2003 veteribus
777 1967 848 2003 fuit
879 1965 973 2004 olim
1005 1967 1113 2015 quod
1143 1966 1258 2004 nobis
1286 1966 1512 2017 Baptismus
1541 1974 1610 2005 est.

222 2020 279 2058 Ut
295 2031 386 2068 ergo
402 2017 568 2056 infantes
585 2018 678 2056 olim
696 2019 801 2057 iussu
819 2019 953 2057 divino
966 2019 1183 2058 circumcisi
1201 2027 1301 2066 sunt,
1318 2019 1371 2058 ita
1388 2020 1611 2072 Baptismus

222 2073 341 2111 hodie
361 2084 520 2122 quoque
540 2072 709 2122 parvulis
730 2080 768 2110 et
789 2072 1004 2111 infantibus
1025 2073 1189 2112 conferri
1211 2074 1342 2113 debet.

730 2139 793 2174 De
812 2138 850 2175 Α
855 2138 1104 2188 nabaptzlmzo.

275 2201 584 2251 Anabaptismus
622 2215 816 2251 nusquam
857 2202 896 2239 in
936 2202 1141 2252 Scripturis
1180 2211 1389 2254 praecepto
1427 2211 1465 2243 et
1505 2203 1611 2242 iussu

221 2255 355 2294 divino
385 2255 558 2303 traditur,
590 2257 812 2305 exemplum
848 2268 927 2305 quo
957 2255 1028 2294 niti
1058 2256 1180 2306 possit
1210 2258 1362 2296 nullum
1392 2264 1506 2305 extat,
1538 2270 1612 2296 nec

222 2309 308 2348 ullis
338 2309 459 2348 divini
487 2309 608 2348 Verbi
639 2309 871 2348 testimoniis
901 2309 1055 2360 probari
1083 2318 1221 2360 potest.
1282 2313 1491 2361 Quotquot
1520 2324 1611 2361 ergo

223 2385 274 2458 W]
300 2386 411 2425 James
436 2386 567 2424 Grebel,
586 2385 687 2417 {ather
711 2385 747 2416 os
767 2385 898 2416 Conrad
923 2385 1043 2417 Grebel
1067 2387 1130 2417 and
1155 2385 1388 2418 father-in-law
1405 2386 1442 2418 of
1460 2386 1611 2427 Joachim

267 2434 323 2460 alt.
