1715 2780
199 106 275 153 348
421 103 538 141 THE
571 104 873 143 FOUNDING
905 103 974 142 or
1005 104 1125 141 THE
1157 104 1362 143 ROMAN
1529 92 1603 153 141'

198 208 453 257 Apostolicae
493 208 596 247 sedis
629 209 669 246 in
703 207 889 247 omnibus
925 215 962 246 et
1002 206 1164 258 singulis
1195 207 1454 259 Reipublicae
1484 210 1593 249 Chri-

197 260 345 300 stianae
366 261 599 310 civitatibus,
623 261 791 313 oppidis,
814 262 923 301 terris
951 269 989 300 et
1016 262 1112 300 locis
1137 269 1217 300 tam
1238 263 1334 301 citra
1354 276 1473 313 quam
1495 264 1592 302 ultra

197 324 353 355 montes
383 316 549 356 ubilibet
578 316 696 355 etiam
727 316 766 354 in
792 316 904 355 Italia
935 316 1242 355 consistentibus
1271 330 1318 355 ac
1347 318 1386 355 in
1408 319 1591 356 Romana

198 369 316 409 Curia
346 384 462 421 super
491 372 650 421 negotio
681 371 773 409 fidei
794 369 1097 410 Commissarios
1126 377 1165 409 et
1187 370 1445 421 Inquisitores
1467 373 1593 411 Gene-

197 425 295 462 rales
309 432 346 463 et
361 424 674 475 generalissimos
690 426 921 463 auctoritate
935 423 1165 474 Apostolica
1178 432 1314 464 tenore
1328 427 1591 476 praesentium

197 478 472 517 constituimus
494 486 532 518 et
552 480 799 529 deputamus.

292 546 324 582 3.
357 535 417 571 Ac
447 533 501 571 eis
531 541 666 572 contra
692 546 831 572 omnes
861 540 898 571 et
928 532 1101 582 singulos
1130 546 1152 571 a
1176 532 1237 571 via
1259 532 1422 572 Domini
1448 542 1486 572 et
1514 534 1592 572 fide

199 586 405 626 Catholica
430 587 667 635 aberrantes,
697 600 766 626 seu
793 588 844 626 de
871 588 1010 626 eadem
1039 588 1118 626 fide
1147 588 1249 626 male
1279 587 1503 636 sentientes,
1525 596 1592 627 aut

197 642 291 679 alias
319 641 621 691 quomodolibet
648 642 698 680 de
726 641 876 680 haeresi
906 649 1108 691 suspectos
1139 641 1374 692 illorumque
1403 655 1592 692 sequaces

198 696 368 734 fautores
399 703 436 734 et
464 697 701 743 defensores,
725 709 771 734 ac
800 695 855 735 eis
880 695 1067 734 auxilium
1095 695 1303 734 consilium
1332 697 1392 734 vel
1418 697 1592 735 favorem

197 749 355 798 publice
385 751 445 788 vel
476 751 644 798 occulte,
674 749 821 789 directe
855 751 915 789 vel
947 749 1149 797 indirecte,
1181 757 1437 800 praestantes,
1467 750 1593 789 cuius-

197 816 368 854 cumque
381 811 503 843 status
520 805 662 855 gradus
676 804 824 843 ordinis
839 803 1078 843 conditionis
1087 803 1424 865 praeeminentiae
1438 804 1592 852 fuerint,

197 858 315 896 etiam
335 859 487 920 absque
508 858 712 897 ordinariis
734 860 923 905 locorum,
946 858 1063 896 etiam
1084 859 1125 896 in
1145 858 1272 897 causis
1292 858 1332 897 in
1354 858 1528 919 quibus
1518 858 1592 909 ipsi

198 912 277 950 de
269 926 350 951 lure
371 912 604 952 intervenire
625 913 784 959 habent,
807 912 1032 963 inquirendi
1053 920 1091 951 et
1111 925 1180 963 per
1199 912 1302 951 viam
1327 912 1593 963 inquisitionis

197 967 257 1004 vel
284 966 593 1017 investigationis
620 980 689 1006 seu
713 967 806 1005 alias
831 980 878 1006 ex
898 966 1028 1005 officio
1048 967 1290 1017 procedendi
1309 980 1356 1005 ac
1376 967 1592 1018 culpabiles

198 1033 471 1071 quoscumque
501 1035 569 1060 seu
600 1028 803 1071 suspectos
832 1020 1160 1071 praecedentibus
1190 1020 1349 1069 inditiis,
1372 1020 1592 1060 carceribus

198 1074 450 1126 mancipandi
470 1089 515 1113 ac
532 1083 668 1114 contra
685 1089 751 1114 eos
768 1088 894 1126 usque
909 1076 960 1114 ad
976 1076 1135 1113 finalem
1153 1075 1388 1114 sententiam
1404 1074 1592 1114 inclusive

197 1129 453 1178 procedendi,
474 1138 511 1168 et
532 1129 747 1180 culpabiles
774 1138 947 1180 repertos
974 1129 1112 1180 poenis
1143 1130 1248 1168 iuxta
1268 1129 1478 1169 canonicas
1509 1143 1593 1168 san-

196 1182 347 1222 ctiones
368 1183 511 1222 debitis
532 1183 735 1234 puniendi,
751 1197 796 1222 ac
814 1185 952 1223 ultimo
968 1183 1162 1234 supplicio
1179 1185 1455 1223 damnatorum
1474 1184 1590 1231 bona,

198 1246 311 1286 prout
333 1237 425 1276 iuris
446 1238 573 1286 suerit,
592 1238 834 1288 publicandi.

251 1293 324 1340 §4
358 1293 528 1330 Necnon
563 1293 614 1331 ad
645 1294 827 1331 effectum
860 1293 1175 1342 praemissorum,
1208 1300 1500 1342 procuratorem
1533 1292 1592 1330 fis-

197 1347 321 1384 calem
357 1354 394 1384 et
434 1347 606 1385 notarios
641 1346 822 1396 publicos
860 1354 898 1385 et
936 1346 1033 1385 alios
1071 1346 1257 1385 officiales
1286 1347 1345 1385 ad
1379 1347 1591 1397 praemissa

198 1399 438 1438 necessarios
463 1408 500 1438 et
525 1408 769 1450 opportunos
797 1400 913 1438 etiam
935 1400 1097 1439 clericos
1124 1400 1205 1439 sive
1231 1399 1443 1451 religiosos,
1466 1400 1591 1439 cuius-

197 1467 368 1504 cumque
387 1453 547 1493 Ordinis
568 1454 721 1501 fuerint‚
745 1455 961 1504 deputandi
983 1462 1021 1493 et
1040 1455 1318 1493 constituendi.

252 1509 270 1557 ξ
292 1520 325 1558 5.
359 1510 409 1546 Et
430 1508 461 1546 si
482 1521 642 1547 necesse
659 1508 772 1547 fuerit
789 1508 942 1558 aliquos
959 1509 1120 1546 clericos
1141 1510 1369 1556 saeculares,
1385 1516 1451 1547 aut
1467 1508 1591 1547 cuius-

197 1575 368 1612 cumque
400 1562 561 1601 Ordinis
599 1564 803 1612 regulares,
833 1564 951 1601 etiam
990 1562 1030 1600 in
1070 1563 1186 1601 sacris
1226 1570 1264 1601 et
1301 1562 1590 1613 presbyteratus

197 1616 401 1655 ordinibus
431 1618 666 1655 constitutos
696 1624 854 1667 propter
882 1616 1095 1667 praemissa
1125 1616 1338 1667 degradari,
1365 1630 1433 1666 per
1457 1630 1590 1667 quem-

196 1684 367 1720 cumque
407 1671 659 1710 Catholicum
698 1670 926 1709 Antistitem
970 1683 1088 1721 quem
1131 1670 1321 1720 praedicti
1360 1671 1590 1710 Cardinales

196 1724 378 1763 duxerint
405 1726 691 1775 deputandum,
713 1724 940 1763 convocatis
968 1733 1006 1763 et
1033 1724 1105 1763 sibi
1133 1726 1184 1764 ad
1211 1726 1288 1764 hoc
1315 1724 1589 1764 assistentibus

196 1779 354 1817 duobus
384 1779 596 1817 abbatibus
627 1787 692 1817 aut
722 1779 806 1817 aliis
834 1778 1011 1829 personis
1039 1778 1078 1816 in
1106 1778 1296 1828 dignitate
1326 1778 1589 1817 ecclesiastica

196 1832 430 1880 constitutis,
453 1834 503 1871 ad
527 1835 721 1871 actualem
748 1832 1071 1883 degradationem
1100 1834 1316 1871 eorundem
1345 1832 1585 1880 clericorum,

197 1899 413 1937 corumque
441 1888 571 1925 curiae
593 1887 780 1925 saeculari
806 1887 1058 1926 traditionem
1086 1900 1154 1926 seu
1175 1886 1458 1934 dimissionem,
1481 1887 1588 1935 alias,

197 1948 311 1990 prout
332 1942 448 1979 etiam
471 1940 562 1978 iuris
583 1940 711 1989 fuerit,
726 1941 887 1991 procedi
909 1940 1087 1980 faciendi.

251 1995 268 2043 ξ
287 1996 319 2032 6.
342 1996 401 2032 Ac
418 1995 726 2033 contradictores
742 1994 939 2044 quoslibet
953 2002 990 2033 et
1004 1995 1169 2033 rebelles
1183 1995 1400 2042 sententiis,
1415 1995 1588 2033 censuris

195 2057 233 2086 et
264 2049 402 2098 poenis
434 2048 718 2096 ecclesiasticiS,
745 2062 791 2086 ac
815 2048 1042 2098 privationis
1068 2048 1246 2086 omnium
1278 2056 1316 2087 et
1344 2048 1585 2098 singulorum

196 2103 477 2141 beneficiorum
500 2110 538 2140 et
561 2101 778 2140 officiorum
800 2103 1152 2140 ecclesiasticorum
1180 2115 1248 2153 per
1274 2115 1342 2141 eos
1369 2103 1588 2152 quomodo-

195 2156 290 2195 libet
321 2156 586 2202 obtentorum,
614 2169 687 2194 nec
721 2169 802 2194 non
837 2155 1161 2194 inhabilitationis
1195 2157 1246 2194 ad
1272 2155 1336 2194 illa
1367 2163 1406 2195 et
1438 2155 1513 2194 alia
1546 2155 1586 2193 in

194 2218 393 2260 posterum
412 2210 640 2257 obtinenda,
658 2209 822 2259 aliisque
842 2209 1074 2259 opportunis
1095 2209 1187 2248 iuris
1207 2209 1402 2257 remediis,
1419 2210 1587 2260 appella-

193 2264 310 2302 tionis
331 2264 494 2314 diffugio
513 2271 677 2311 semoto,
700 2263 992 2313 compescendi.

247 2319 266 2368 ξ
290 2331 322 2367 7.
355 2320 405 2356 Et
433 2317 619 2356 auxilium
648 2318 795 2356 brachii
826 2317 1032 2356 saecularis
1062 2317 1283 2366 invocandi,
1306 2318 1518 2368 omniaque
1547 2323 1586 2356 et

192 2372 345 2423 singula
373 2372 447 2411 alia
477 2385 578 2423 quae
606 2371 794 2422 praedicti
822 2371 1052 2411 Cardinales
1082 2373 1133 2411 ad
1162 2373 1340 2412 haereses
1371 2380 1409 2411 et
1437 2371 1477 2410 in
1506 2372 1584 2410 fide

194 2426 421 2465 huiusmodi
451 2440 598 2465 errores
625 2427 675 2465 ad
703 2440 887 2476 praesens
918 2425 958 2464 in
995 2426 1216 2476 Republica
1251 2425 1473 2466 Christiana
1503 2424 1585 2464 ubi-

193 2480 286 2519 libet
312 2480 485 2530 vigentes
513 2480 781 2531 reprimendos
809 2488 845 2519 et
873 2481 1057 2519 radicitus
1085 2480 1334 2531 extirpandos
1365 2478 1583 2519 necessaria

1702 947 1715 1118 ,F
