1715 2780
121 128 199 169 273
541 123 599 160 IN
631 121 873 168 GENEVA,
912 124 1092 172 1509-36
1441 134 1513 173 535

177 240 209 265 c.
232 226 280 264 iv.
332 226 524 274 Quomodo
548 229 725 276 operetur
754 226 863 263 Deus
897 226 937 263 in
971 225 1143 263 cordibus
1175 226 1382 264 hominum.
1441 229 1459 276 ξ
1483 241 1519 276 3.

124 282 288 319 Veteres
317 278 533 330 religiosius
561 280 758 318 interdum
789 278 1008 329 simplicem
1039 292 1199 329 quoque
1226 279 1396 318 veritatis
1429 294 1519 319 con-

124 334 336 373 fessionem
371 333 412 371 in
442 334 516 372 hac
554 341 662 384 parte
701 333 967 380 reformidant,
1007 334 1116 383 quod
1149 341 1331 372 verentur
1361 348 1412 373 ne
1451 336 1517 373 im-

125 387 260 439 pietati
298 389 508 427 fenestram
549 389 599 426 de
637 388 822 438 operibus
868 387 944 426 Dei
983 386 1236 426 irreverenter
1273 389 1519 439 obloquendi

124 441 312 494 aperiant.
372 443 503 490 Quam
535 441 790 480 sobrietatem
821 450 863 480 ut
893 443 1108 489 exosculor,
1142 441 1194 480 ita
1225 443 1388 481 minime
1423 445 1519 493 peri-

124 498 304 535 culosum
331 495 474 542 iudico,
498 495 529 533 si
554 495 781 546 simpliciter
805 504 1010 534 teneamus
1038 497 1146 545 quod
1169 495 1367 546 Scriptura
1388 497 1516 536 tradit.

126 552 188 589 Ne
222 549 466 600 Augustinus
506 549 667 599 quidem
707 551 772 588 illa
814 549 1091 600 superstitione
1134 549 1331 589 interdum
1371 553 1521 590 solutus

125 613 205 644 est:
247 605 587 654 quemadmodum
619 603 686 642 ubi
712 604 807 643 dicit
840 602 920 656 [De
946 605 1084 643 Praed.
1109 612 1146 643 et
1178 604 1324 652 Gratia,
1348 605 1386 654 ἓξ
1410 620 1445 654 4,
1477 604 1517 657 5]

125 659 416 698 indurationem
447 665 485 696 et
515 658 832 697 excaecationem
863 670 945 696 non
970 659 1021 696 ad
1049 658 1318 708 operationem
1349 661 1423 698 Dei
1451 662 1520 698 sed

124 714 175 752 ad
206 710 505 763 praescientiam
538 720 726 762 spectare.
786 714 839 750 At
878 711 969 750 istas
1007 712 1176 762 argutias
1209 726 1291 751 non
1326 713 1521 764 recipiunt

124 774 183 806 tot
214 766 435 816 Scripturae
464 766 696 813 locutiones,
728 780 830 816 quae
858 767 946 816 plus
977 766 1127 858 aliquid
1159 766 1235 805 Dei
1266 780 1385 816 quam
1415 781 1522 818 prae-

128 820 332 860 scientiam
368 819 600 859 intervenire
634 822 736 859 clare
767 821 1024 859 ostendunt..
1081 820 1295 859 .Similiter
1329 823 1437 871 quod
1473 823 1523 860 de

127 874 385 936 permissione
422 875 601 922 afferunt,
642 874 803 913 dilutius
842 882 900 913 est
938 850 1058 924 quani
1098 883 1140 913 ut
1179 875 1377 913 subsistat.
1434 877 1523 915 Sae-

126 929 286 980 pissime
317 942 525 968 excaecare
559 905 700 967 dicitur
740 931 844 967 Deus
879 936 916 967 et
946 928 1129 967 indurare
1158 929 1356 978 reprobos,
1385 942 1522 968 eorum

126 985 247 1022 corda
266 991 425 1030 vertere,
443 982 641 1030 inclinare,
665 983 876 1033 impellere,
898 990 940 1021 ut
960 982 1053 1021 alibi
1074 983 1196 1021 fusius
1218 983 1337 1021 docui
1359 981 1468 1043 [Lib.
1490 985 1521 1032 Ι,

127 1051 158 1077 c.
186 1035 308 1090 xviii].
368 1038 416 1075 Id
437 1038 552 1087 quale
573 1037 620 1076 sit
642 1050 892 1087 nequaquam
915 1037 1141 1087 explicatur,
1167 1037 1197 1076 si
1219 1037 1443 1088 confugitur
1471 1039 1522 1077 ad

130 1090 429 1142 praescientiam
473 1099 539 1129 aut
578 1091 890 1141 permissionem.
950 1093 1035 1129 Nos
1069 1104 1161 1141 ergo
1194 1092 1343 1141 duplici
1374 1092 1525 1131 ratione

127 1147 412 1197 respondemus
443 1144 482 1184 id
513 1145 605 1184 fieri.
664 1145 869 1195 Siquidem
900 1159 1022 1205 quum
1063 1145 1218 1184 sublato
1248 1145 1331 1184 eius
1361 1147 1522 1194 lumine,

129 1200 226 1238 nihil
264 1212 382 1250 quam
423 1199 548 1249 caligo
587 1208 624 1238 et
664 1199 830 1238 caecitas
870 1199 1058 1249 supersit:
1107 1213 1229 1249 quum
1269 1199 1402 1238 ablato
1441 1202 1523 1239 eius

130 1254 287 1305 Spiritu,
309 1254 428 1292 corda
461 1262 593 1292 nostra
620 1253 659 1291 in
694 1253 843 1303 lapides
872 1254 1162 1301 obdurescant3
1192 1266 1315 1303 quum
1346 1263 1524 1293 cessante

130 1309 213 1347 eius
234 1307 461 1354 directione,
477 1307 516 1345 in
538 1307 811 1357 obliquitatem
834 1315 1190 1357 contorqueantur:
1212 1307 1283 1346 rite
1304 1321 1523 1356 excaecare,

129 1364 322 1409 indurare,
355 1361 542 1400 inclinare
571 1361 722 1409 dicitur,
740 1362 883 1411 quibus
905 1363 1130 1400 facultatem
1151 1361 1323 1408 videndi,
1348 1363 1523 1412 parendi,

129 1425 233 1456 recte
263 1415 501 1466 exsequendi
532 1415 682 1454 adimit.
740 1417 923 1454 Secunda
947 1415 1054 1462 ratio,
1079 1429 1180 1465 quae
1211 1417 1336 1454 multo
1366 1417 1526 1467 propius

129 1470 283 1510 accedit
315 1471 366 1508 ad
398 1469 607 1508 verborum
638 1471 929 1520 proprietatem,
952 1471 1060 1519 quod
1094 1471 1145 1508 ad
1176 1472 1428 1519 exsequenda
1458 1484 1527 1509 sua

130 1524 276 1564 iudicia
313 1537 380 1574 per
418 1523 638 1562 ministrum
672 1524 749 1563 irae
790 1537 883 1562 suae
911 1524 1095 1563 Satanam
1126 1532 1164 1562 et
1195 1524 1360 1562 consilia
1390 1538 1525 1563 eorum

130 1578 299 1618 destinat
338 1590 418 1629 quo
457 1579 583 1616 visum
632 1585 700 1626 est,
742 1585 780 1617 et
819 1580 1041 1617 voluntates
1081 1578 1234 1626 excitat,
1276 1587 1313 1617 et
1361 1587 1526 1618 conatus

130 1633 270 1672 firmat.
291 1664 299 1672 .
322 1664 329 1671 .
357 1663 363 1671 .

184 1700 217 1725 c.
231 1686 308 1725 viii.
330 1686 442 1735 Legis
462 1688 620 1724 moralis
639 1687 850 1736 explicatio.
874 1717 881 1725 .
909 1715 918 1724 .
941 1718 948 1725 .
966 1687 1004 1736 §§
1020 1688 1069 1724 28
1088 1699 1172 1736 sqq.
1195 1687 1410 1724 Recordare
1430 1688 1525 1724 diem

133 1742 303 1780 Sabbati.
342 1742 436 1790 §35
461 1741 583 1778 Paulo
600 1740 663 1778 hic
679 1753 798 1790 cogor
812 1753 896 1778 esse
909 1740 1072 1790 longior,
1088 1741 1196 1790 quod
1219 1739 1338 1778 hodie
1354 1739 1406 1778 ob
1420 1740 1527 1779 diem

134 1794 390 1833 Dominicum
419 1796 710 1832 tumultuantur
730 1793 909 1832 nonnulli
942 1793 1106 1844 inquieti
1137 1794 1304 1843 spiritus.
1365 1794 1527 1833 Plebem

134 1848 402 1888 Christianum
416 1848 649 1899 quiritantur
666 1848 704 1886 in
720 1848 924 1887 Iudaismo
941 1848 1072 1894 foveri,
1096 1848 1188 1898 quia
1201 1849 1340 1886 retinet
1357 1849 1528 1898 aliquam

131 1902 283 1942 dierum
313 1902 643 1942 observationem.
700 1903 787 1952 Ego
819 1911 951 1940 autem
983 1903 1216 1952 respondeo,
1249 1902 1344 1940 citra
1379 1902 1530 1941 Iudais-

134 1970 242 1995 mum
282 1956 366 1995 dies
405 1957 499 1996 istos
537 1970 559 1994 a
598 1955 712 1995 nobis
752 1956 970 1994 observari:
1020 1956 1113 2006 quia
1159 1958 1279 2006 longo
1326 1955 1529 1995 intervallo

134 2010 348 2050 differimus
379 2011 417 2049 in
443 2013 516 2049 hac
545 2019 654 2060 parte
680 2024 703 2048 a
729 2010 898 2049 Iudaeis.
959 2012 1052 2048 Non
1073 2010 1179 2049 enim
1200 2019 1242 2048 ut
1264 2011 1529 2049 ceremoniam

133 2064 349 2103 arctissima
400 2065 585 2115 religione
637 2064 893 2112 celebramus,
944 2078 1021 2114 qua
1068 2073 1253 2114 putemus
1302 2064 1528 2114 mysterium

134 2118 331 2168 spirituale
362 2118 536 2169 figurari:
568 2119 637 2157 sed
667 2118 902 2168 suscipimus
933 2127 974 2157 ut
1004 2118 1221 2157 remedium
1253 2117 1460 2157 retinendo
1491 2118 1530 2156 in

133 2173 298 2211 ecclesia
318 2173 446 2212 ordini
467 2172 742 2212 necessarium.
768 2204 774 2210 .
798 2204 804 2210 .
827 2203 835 2210 .

187 2227 283 2276 §34
317 2228 556 2277 Quanquam
587 2240 669 2264 non
699 2226 783 2264 sine
813 2227 968 2265 delectu
999 2226 1255 2264 Dominicum
1278 2239 1396 2276 quem
1422 2238 1532 2263 voca-

134 2293 220 2318 mus
241 2280 347 2319 diem
368 2289 516 2320 veteres
544 2280 583 2318 in
608 2282 739 2319 locum
770 2280 922 2318 sabbati
952 2281 1223 2330 subrogarunt.
1284 2282 1386 2318 Nam
1408 2292 1531 2329 quum

136 2346 249 2372 verae
287 2334 388 2373 illius
427 2334 567 2385 quietis
606 2348 724 2384 quam
765 2342 875 2372 vetus
923 2334 1132 2372 sabbatum
1181 2333 1444 2372 adumbrabat
1492 2333 1530 2371 in

137 2387 418 2427 resurrectione
454 2387 615 2427 Domini
667 2388 753 2426 finis
788 2388 836 2427 sit
872 2401 918 2426 ac
957 2389 1306 2438 complementum,
1344 2387 1430 2437 ipso
1468 2386 1533 2425 die

137 2441 202 2490 qui
235 2441 381 2479 umbris
413 2443 530 2481 finem
560 2442 689 2480 attulit
714 2443 979 2480 admonentur
1009 2441 1218 2481 Christiani
1252 2454 1300 2479 ne
1335 2441 1531 2479 umbratili

136 2495 383 2534 ceremoniae
422 2495 660 2534 inhaereant.
719 2498 860 2545 Neque
899 2496 952 2533 sic
991 2503 1124 2533 tamen
1163 2494 1427 2544 septenarium
1466 2508 1533 2532 nu-
