1715 2780
151 99 225 137 230
408 87 528 124 THE
567 84 1002 125 ORGANIZATION
1042 85 1114 124 OF
1152 84 1271 122 THE
1490 83 1545 133 98

148 189 498 239 electione—Eligat
518 190 679 239 quaevis
699 187 863 227 ecclesia
885 195 951 226 aut
971 187 1144 238 deponat
1165 188 1395 237 episcopum
1417 200 1543 234 suum,

150 245 258 294 quod
278 245 329 282 ad
349 256 436 282 eam
456 250 606 293 spectet
628 242 799 281 iudicare
819 242 869 280 de
889 254 986 279 voce
1006 248 1217 291 pastorum.
1242 271 1249 278 .
1273 271 1279 278 .
1305 271 1312 278 .
1331 241 1428 291 Cap.
1446 240 1543 287 xxiv,

155 300 215 336 De
239 299 489 348 episcoporum
509 298 687 335 diaconis.
747 297 843 346 Cap.
866 308 949 342 xxv,
972 296 1037 333 De
1061 295 1228 333 diaconis
1254 296 1488 333 ecclesiarum
1514 299 1550 332 et

144 358 360 402 pauperum
384 352 614 401 provisione.
674 351 771 400 Cap.
803 351 900 397 xxvi,
936 350 1001 387 De
1029 361 1104 387 non
1133 349 1329 387 ambiendo
1354 349 1546 398 primatu.

151 407 247 456 Cap.
265 407 376 452 xxvii,
394 407 458 443 De
477 405 603 443 otiosis
622 406 735 453 deque
750 405 858 453 vagis
872 409 908 441 et
913 403 1036 452 falsis
1042 403 1253 452 fratribus.
1309 403 1405 452 Cap.
1420 401 1544 449 xxviii,

150 462 214 498 De
224 461 440 510 peregrinis
459 465 495 497 et
512 460 686 496 exulibus
693 455 924 510 fratribus]

205 515 302 564 Cap.
325 514 421 551 xxix.
458 515 521 550 De
542 513 757 551 universali
781 512 906 549 studio
925 511 1381 561 Asarpurgensi.—Quia
1404 510 1549 560 placuit

153 569 242 606 Deo
272 580 429 606 movere
459 580 526 605 cor
554 565 745 616 Principis
774 564 906 612 nostri,
938 572 979 603 ut
1010 577 1116 603 nunc
1145 565 1318 615 fulgente
1345 562 1548 614 Evangelii

150 621 271 672 gloria
291 620 508 659 universale
530 620 702 658 studium
727 620 833 670 apud
856 621 1111 669 Marpurgum
1133 617 1278 669 erigere
1298 619 1401 665 velit,
1429 617 1550 668 idque

153 675 320 714 maxime
350 675 613 713 necessarium
645 675 694 712 sit
727 682 769 712 ut
799 674 838 711 in
867 672 1042 712 ecclesiis
1071 673 1213 711 nostris
1242 671 1550 722 multiplicentur

151 731 217 779 qui
240 730 279 767 in
301 728 420 767 verbo
442 736 479 767 et
499 729 678 767 doctrina
698 728 849 766 eisdem
876 727 1107 777 praesidere,
1133 739 1179 764 ac
1200 739 1301 776 quae
1327 733 1433 764 recta
1459 732 1550 764 sunt

150 784 356 822 consulere
385 784 561 832 possint:
593 781 862 821 interdicimus
892 782 930 819 in
960 781 1101 819 virtute
1130 780 1206 819 Dei
1237 787 1278 818 ut
1308 779 1404 817 nihil
1432 778 1472 817 in
1502 792 1550 818 eo

152 839 301 888 legatur
320 838 429 887 quod
451 837 617 887 negotiis
637 837 744 886 regni
773 835 848 874 Dei
873 834 1013 873 obesse
1039 834 1172 884 possit.
1233 835 1281 872 In
1301 846 1350 872 eo
1376 832 1454 872 sint
1479 832 1551 883 pri-

154 905 262 930 mum
283 891 350 942 qui
375 892 510 929 Sacras
532 891 696 928 Litteras
723 890 992 939 profiteantur,
1018 896 1056 927 et
1082 889 1122 926 id
1143 887 1304 937 quidem
1333 886 1548 938 purissime,

153 945 298 995 alioqui
320 946 578 995 deponantur.
640 943 798 982 Deinde
819 943 895 981 sint
916 942 983 993 qui
1006 944 1130 992 Leges
1155 942 1287 980 civiles
1314 942 1550 992 praelegant,

155 999 209 1038 sic
248 1007 380 1038 tamen
416 1006 457 1037 ut
492 999 667 1036 cautelae
699 997 842 1047 impiae
877 996 951 1035 Dei
987 995 1106 1035 verbo
1138 996 1479 1043 circumcidantur,
1514 1002 1552 1033 et

154 1066 254 1103 quae
276 1054 351 1091 Dei
372 1053 492 1091 verbo
514 1065 593 1090 non
615 1050 857 1090 conveniunt
877 1063 945 1100 per
964 1050 1061 1089 illud
1081 1050 1332 1100 corrigantur.
1397 1047 1552 1088 Idcirco

155 1114 344 1145 vocentur
371 1105 633 1145 Iureconsulti
663 1106 770 1144 docti
801 1105 916 1143 simul
946 1112 983 1143 et
1013 1103 1076 1154 pii,
1113 1103 1180 1153 qui
1209 1102 1333 1142 sciant
1363 1102 1439 1142 Dei
1474 1116 1553 1141 ver-

155 1161 250 1199 bum
268 1160 446 1199 omnium
461 1160 727 1199 doctrinarum
748 1159 937 1198 adhibere
958 1170 1161 1197 censorem
1180 1173 1186 1195 ε
1217 1170 1238 1196 e
1254 1156 1398 1207 quibus
1414 1156 1445 1195 si
1466 1155 1552 1206 quis

156 1216 346 1254 nonnulla
377 1222 512 1253 contra
544 1213 619 1252 Dei
648 1213 811 1253 verbum
841 1211 1065 1259 adseruerst,
1101 1219 1140 1250 et
1169 1224 1241 1250 suo
1275 1210 1491 1249 ministerio
1515 1217 1554 1249 et

156 1268 438 1307 communione
465 1267 643 1318 privetur.
703 1268 837 1306 Tertio
858 1267 1047 1305 habeatur
1065 1266 1117 1304 ad
1143 1266 1284 1304 minus.
1299 1278 1400 1303 unus
1429 1263 1555 1303 Medi-

157 1323 268 1361 cinae
302 1323 507 1372 professor,
541 1322 682 1360 doctus
721 1322 837 1359 simul
871 1328 909 1359 et
943 1319 1040 1370 pius.
1101 1320 1252 1367 Quarto
1283 1319 1554 1369 praelegantur

157 1384 257 1415 artes
278 1376 456 1414 liberales
477 1383 515 1413 et
539 1374 738 1425 politiores
765 1374 926 1421 litterae,
953 1372 1131 1412 adhibito
1159 1372 1199 1410 in
1226 1371 1422 1418 omnibus,
1449 1384 1554 1422 prae-

158 1431 289 1469 sertim
312 1429 352 1467 in
374 1428 677 1475 Mathematici&
696 1440 858 1467 censore
879 1426 1083 1472 tutissimo,
1104 1439 1246 1475 nempe
1267 1438 1448 1464 sermone
1466 1426 1551 1464 Dei.

160 1485 312 1533 Quinto
333 1483 409 1522 sint
430 1484 667 1533 professores
690 1482 940 1532 Linguarum.

216 1540 336 1576 Porro
364 1538 423 1575 ius
452 1537 548 1575 illud
569 1543 705 1575 contra
732 1537 788 1574 fas
808 1543 991 1573 vocatum
1013 1534 1274 1581 Canonicum,
1297 1533 1461 1572 omnino
1481 1531 1556 1583 legi

161 1590 426 1642 prohibemus.
496 1591 575 1638 Qui
615 1590 653 1627 in
693 1591 769 1628 hoc
808 1588 1020 1628 venerabili
1064 1588 1196 1627 studio
1233 1587 1382 1638 aliquid
1420 1593 1556 1625 contra

160 1653 340 1684 sanctum
362 1645 524 1684 verbum
546 1645 756 1682 decernere
777 1656 894 1682 ausus
915 1643 1041 1689 fuerit,
1062 1642 1274 1680 anathema
1294 1641 1351 1680 sit.

216 1697 333 1752 [Cap.
367 1713 450 1737 xxx.
487 1699 561 1736 βε
597 1699 740 1737 scholis
764 1705 985 1747 puerorum.
1051 1696 1147 1746 Cap.
1179 1695 1277 1733 xxxi.
1316 1697 1381 1733 De
1415 1694 1558 1733 Scholis

161 1754 400 1792 Puellarum.
460 1752 556 1802 Cap.
580 1751 690 1789 xxxii.
722 1753 786 1789 De
811 1751 987 1789 studiosis
1005 1750 1251 1800 pauperibus.
1310 1748 1409 1798 Cap.
1429 1747 1554 1786 xxxiii.

163 1809 226 1845 De
245 1807 496 1856 Beneficiatis.
558 1807 652 1856 Cap.
676 1805 799 1844 xxxiv.
830 1807 894 1843 De
913 1805 1089 1842 claustris
1108 1810 1144 1841 et
1161 1800 1381 1855 monachis]

241 1928 329 1971 No.
363 1939 442 1981 99.
503 1927 704 1971 Church
736 1927 899 1970 Order
929 1926 984 1968 of
1009 1924 1327 1975 Brunswick‚
1357 1924 1498 1976 1528:v
1533 1897 1537 1899 ι

221 2021 361 2058 Before
379 2020 430 2056 all
451 2018 592 2068 things,
616 2018 644 2056 it
664 2017 695 2056 is
715 2030 919 2066 necessary
940 2024 980 2055 to
1000 2016 1162 2066 provide
1185 2016 1243 2053 for
1268 2015 1377 2053 three
1404 2015 1557 2064 things:

166 2075 261 2120 first,
281 2081 321 2112 to
342 2081 400 2111 set
420 2086 473 2122 up
493 2073 597 2122 good
619 2072 774 2110 schools
794 2072 853 2109 for
879 2072 945 2108 the
965 2069 1141 2108 children
1159 2083 1169 2117 ς
1197 2076 1299 2116 next,
1329 2076 1370 2107 to
1394 2067 1558 2118 appoint

165 2128 371 2177 preachers
392 2127 478 2163 who
499 2126 595 2163 shall
616 2124 762 2163 deliver
778 2125 900 2163 God's
916 2124 1022 2162 word
1043 2136 1139 2173 pure
1159 2130 1199 2161 to
1219 2123 1285 2161 the
1304 2123 1457 2172 people‚
1477 2121 1557 2159 and

166 2189 207 2220 to
242 2193 377 2219 secure
407 2181 473 2217 the
507 2179 688 2227 teaching
720 2179 763 2215 of
791 2177 904 2215 Latin
938 2177 1017 2214 and
1048 2178 1114 2215 the
1148 2175 1366 2226 exposition
1399 2176 1444 2213 of
1467 2175 1558 2224 holy

167 2234 364 2284 Scripture
388 2235 446 2272 sor
471 2233 538 2271 the
562 2232 720 2270 learned
739 2246 749 2279 ;
778 2231 931 2280 thirdly,
959 2237 999 2268 to
1025 2229 1175 2268 surnish
1196 2231 1396 2269 Common
1416 2229 1558 2268 Chests

167 2288 257 2326 with
290 2289 356 2326 the
391 2287 549 2327 Church
583 2286 707 2336 goods
738 2285 817 2323 and
849 2285 960 2323 other
989 2285 1171 2333 offerings
1201 2284 1300 2322 from
1332 2282 1458 2320 which
1492 2282 1558 2320 the

168 2341 314 2382 service
339 2342 384 2380 of
408 2342 474 2379 the
504 2341 651 2378 church
681 2352 768 2389 may
789 2339 838 2377 be
867 2338 959 2388 kept
989 2351 1041 2387 up
1070 2338 1149 2376 and
1179 2337 1245 2375 the
1273 2337 1395 2375 needs
1424 2336 1469 2374 of
1492 2335 1560 2374 the

168 2410 265 2446 poor
286 2395 466 2434 relieved.
491 2425 496 2431 .
522 2424 528 2431 .
553 2424 558 2431 .
585 2395 688 2432 How
715 2405 918 2442 necessary
938 2392 1047 2430 these
1078 2392 1157 2429 first
1186 2391 1294 2429 three
1323 2388 1452 2440 things
1480 2400 1556 2434 are,

169 2458 209 2488 to
236 2458 293 2488 set
320 2463 372 2499 up
400 2449 566 2494 schools,
600 2455 640 2486 to
663 2447 799 2486 ordain
830 2447 1044 2496 preachers,
1074 2445 1152 2484 and
1182 2452 1222 2483 to
1252 2442 1439 2483 maintain
1461 2443 1557 2481 both
