1715 2780
182 88 256 135 376
384 84 625 123 ZWINGLI
656 85 774 122 THE
808 84 1125 131 HUMANIST,
1157 84 1232 122 TO
1267 94 1367 134 1519

184 188 266 224 Leo
290 189 330 223 X
356 188 627 224 admonished
653 188 848 230 Samson,
878 196 891 222 1
920 188 1010 231 May
1032 194 1122 232 1519
1141 185 1292 232 (opera,
1319 186 1380 221 vii.
1399 195 1455 232 79,
1474 198 1509 222 n.
1529 187 1578 233 2),

180 237 254 272 and
274 236 360 271 with
384 237 446 271 the
472 235 577 271 usual
606 234 879 280 complaisance
906 234 946 268 of
971 235 1091 279 Popes
1114 240 1153 268 to
1174 234 1237 268 the
1266 234 1390 277 Swiss,
1408 235 1470 269 left
1496 235 1522 269 it
1539 242 1578 270 to

181 284 244 318 the
270 284 362 319 Diet
391 286 437 318 to
463 283 564 318 send
591 283 674 316 him
701 283 767 325 off,
787 281 816 316 if
838 282 925 326 they
944 281 1083 316 wished
1104 280 1151 327 (J.
1173 282 1222 316 H.
1243 280 1456 326 Hottinger‚
1475 283 1578 317 Hz'st.

181 331 280 365 Eat-l.
301 331 406 364 lVow'
429 332 519 364 Test.
539 329 598 363 vii.
624 330 686 372 178
706 328 814 374 sqq),
833 339 845 363 Ι
871 330 962 373 May
984 336 1083 373 1519.

199 426 288 471 No.
321 427 411 480 158.
476 424 799 470 Student-life
829 425 880 467 in
911 425 1126 476 Vienna,
1158 436 1196 468 c.
1229 435 1351 478 15133
1381 425 1560 478 James

543 483 763 536 Zwingli
792 484 846 525 to
878 482 959 525 his
989 482 1213 526 brother.

236 576 401 616 Utinam
452 577 562 613 Deus
610 576 872 620 omnitenens,
915 574 1242 625 superbonusque
1280 573 1334 612 ita
1372 575 1496 620 ferret,
1537 580 1578 612 ut

182 630 317 680 quanti
349 643 421 680 ego
452 637 559 668 tuam
590 628 691 667 facio
718 628 991 667 liberalitatem
1022 628 1394 678 fraternitatemque,
1420 627 1518 666 tanti
1539 627 1578 665 in

182 698 314 723 meum
337 685 511 722 studium
532 685 658 721 facere
679 682 828 732 possis!
870 683 992 731 Quod
1013 682 1173 732 quidem
1195 695 1277 720 non
1297 683 1487 732 despero:
1508 682 1579 720 abs

182 748 220 776 te
241 738 346 777 enim
368 752 491 787 quum
513 737 701 787 exemplis
722 736 1144 787 adhortationibusque
1162 736 1322 787 (quibus
1343 738 1475 774 locum
1496 749 1577 774 non

182 792 401 842 relinquere
415 791 688 842 degenerantis
702 792 821 842 esset)
835 790 964 840 augeri
982 804 1154 840 possum,
1167 798 1250 828 turn
1264 804 1287 828 a
1302 792 1358 828 M.
1373 789 1578 828 Ioachimo

182 847 393 894 Vadiano,¹
423 846 533 884 cuius
577 858 682 883 nunc
730 846 935 883 alumnum
974 858 1059 894 ago,
1101 844 1279 883 omnium
1328 843 1577 883 scientiarum

181 900 354 939 flosculis
384 899 595 949 rivulisque
625 898 807 944 enutrior,
837 912 859 936 a
889 898 1033 949 quibus
1063 898 1338 949 philosophiae
1367 897 1578 937 inscientes

181 954 385 993 discedere
415 955 565 1003 nephas
595 960 707 992 esset.
768 952 918 991 Iccirco
953 952 1046 991 vitio
1081 965 1210 1002 neque
1242 953 1318 991 hoc
1350 965 1479 1002 neque
1513 952 1579 990 illo

181 1010 357 1058 polluar,
385 1007 480 1058 quin
501 1021 582 1046 non
603 1007 681 1057 iugi
702 1007 836 1045 labore
857 1008 1108 1054 contendam,
1133 1019 1213 1044 non
1235 1006 1374 1045 dubita
1393 1009 1399 1044 l
1448 1005 1579 1045 Unica

182 1071 313 1100 tamen
335 1075 427 1100 cura
448 1061 543 1099 mihi
565 1060 707 1100 relicta.
769 1061 822 1099 Iis
842 1061 969 1099 aureis
992 1072 1040 1110 50
1063 1060 1158 1098 mihi
1186 1059 1390 1099 destinatis
1418 1059 1578 1098 biennio

181 1116 301 1154 vitam
332 1117 535 1154 traducere
565 1129 647 1154 non
677 1128 846 1165 possem.
908 1116 1021 1153 Haec
1049 1128 1130 1152 non
1157 1121 1316 1165 meopte
1342 1115 1470 1152 Marte
1497 1127 1578 1153 non

181 1171 290 1219 quod
329 1171 442 1220 gulae
479 1170 581 1208 adeo
621 1169 778 1207 deditus
817 1168 902 1215 sim,
936 1182 1086 1218 queror.
1147 1168 1249 1206 Vivo
1288 1169 1418 1207 hercle
1450 1167 1579 1206 minus

182 1224 359 1262 delicate.
421 1223 573 1262 Eduliis
603 1237 650 1261 ex
681 1225 804 1261 Bursa
823 1223 949 1261 allatis
979 1236 1125 1270 vescor,
1157 1236 1312 1273 aquam,
1341 1235 1442 1273 quae
1471 1223 1578 1261 nulla

183 1278 462 1316 benedictione
509 1277 717 1327 pristinum
766 1290 945 1327 saporem
994 1276 1172 1315 amittere
1210 1276 1403 1327 dignatur,
1443 1284 1579 1326 potare

182 1344 311 1381 cogor.
371 1333 520 1369 Verum
554 1344 576 1368 a
613 1330 818 1369 Ioachimo
857 1330 1031 1369 monitus
1063 1338 1215 1381 praeter
1248 1331 1321 1375 hos
1352 1341 1408 1367 xv
1439 1342 1578 1369 aureos

182 1398 282 1435 quos
316 1384 460 1434 accepi,
496 1396 544 1434 50
580 1384 675 1422 mihi
708 1384 972 1434 suppeditent,
1004 1384 1066 1422 cui
1097 1392 1135 1423 et
1164 1392 1205 1422 tu
1235 1383 1423 1423 assentire
1452 1391 1575 1434 potes,

180 1439 211 1477 si
246 1452 327 1478 rem
363 1452 492 1477 meam
526 1438 690 1477 noveris.
752 1439 855 1476 Nam
891 1451 1012 1488 quum
1048 1438 1203 1476 Vienna
1237 1451 1300 1476 me
1331 1437 1494 1488 excepit,
1526 1438 1579 1476 ob

181 1492 365 1531 viaticum
387 1501 539 1531 tantum
570 1504 613 1529 xl
644 1491 750 1530 aurei
773 1491 867 1529 mihi
898 1492 1107 1538 restabant,
1132 1491 1275 1542 quibus
1305 1499 1388 1530 tum
1419 1493 1577 1530 codices

183 1559 239 1584 vll
279 1546 405 1585 aureis
445 1555 526 1584 tum
568 1546 697 1584 cubile
737 1545 832 1583 mihi
872 1546 1106 1596 comparavi.
1167 1546 1348 1585 Profecto
1387 1545 1578 1596 pecuniae

181 1609 261 1638 tam
300 1613 510 1651 praecoces
550 1599 691 1638 nostris
730 1601 932 1638 evolarunt
973 1600 1167 1648 manibus,
1208 1607 1250 1638 ut
1288 1599 1350 1637 vix
1392 1612 1577 1638 nummus

181 1656 338 1693 relictus
377 1654 450 1702 sit3
498 1653 670 1703 denique
718 1655 1009 1692 esculentorum
1048 1653 1289 1704 procuratori
1328 1665 1356 1691 X
1395 1654 1576 1700 florenos,

183 1709 239 1746 M.
283 1708 489 1747 Ioachimo
532 1719 557 1745 V
599 1707 760 1758 singulis
808 1707 920 1746 annis
968 1709 1198 1758 persolvam,
1244 1708 1352 1757 quod
1401 1707 1441 1744 ni
1488 1718 1578 1745 xxx

181 1775 320 1800 aureos
352 1762 530 1812 quolibet
564 1774 670 1800 anno
705 1775 858 1812 sperare
890 1775 1059 1812 possem,
1091 1761 1173 1800 fieri
1205 1761 1352 1811 nequit.
1414 1760 1575 1808 Iccirco‚

183 1817 380 1854 Germane
402 1815 465 1861 mi,
490 1815 628 1854 tuatim
650 1828 804 1865 semper
825 1815 977 1865 optumi
998 1817 1172 1863 consule,
1196 1815 1372 1865 meisque
1398 1816 1578 1853 adhorta-

181 1869 355 1907 tionibus
382 1882 494 1908 aures
524 1870 645 1907 redde
676 1871 847 1919 placatas
862 1884 872 1917 3
902 1882 974 1919 ego
1003 1870 1162 1907 meatim
1189 1870 1301 1907 nutui
1329 1877 1397 1907 tuo
1424 1882 1578 1919 semper

182 1923 409 1961 subiacebo.
470 1924 530 1961 De
570 1936 660 1961 meo
699 1923 840 1970 studio,
883 1923 949 1972 qui
998 1922 1060 1961 vix
1103 1923 1211 1961 labra
1257 1922 1426 1969 admovi,
1467 1924 1578 1972 plura

181 1976 350 2014 scribere
398 1989 566 2025 nequeo
640 1976 818 2014 Pliniana
866 1978 1046 2023 lectione,
1096 1976 1306 2015 deficiente
1353 1975 1574 2026 exemplari,

182 2043 317 2089 parum
340 2031 517 2079 proficio.
586 2029 834 2067 Lactantium
856 2031 900 2066 de
924 2031 1080 2079 Optficz'o
1100 2043 1146 2067 ac
1166 2029 1303 2068 ceteris
1324 2042 1347 2067 a
1368 2030 1578 2074 Camerte‚
1566 2029 1579 2043 ‘'

182 2084 252 2121 ista
274 2091 507 2133 tempestate
521 2083 568 2119 Χ
560 2082 806 2121 lerinensium
829 2083 1070 2129 doctissimo,
1090 2096 1180 2121 curn
1202 2096 1357 2121 summa
1376 2082 1578 2132 diligentia

181 2137 311 2176 audio.
359 2136 562 2176 Ciceronis
584 2136 768 2186 epistolas
790 2150 836 2174 ex
857 2144 991 2174 nostro
1015 2136 1230 2184 Ioachimo,
1253 2144 1403 2175 textum
1425 2138 1578 2176 Senten-

181 2193 326 2230 siarum
360 2204 382 2229 a
414 2191 587 2240 quodam
630 2192 669 2228 P.
703 2190 898 2228 literarum
940 2191 1203 2229 Baccalaureo
1237 2190 1368 2229 audio.
1427 2191 1576 2230 Studeo

226 2286 234 2303 ¹
258 2284 409 2324 Joachim
434 2295 497 2316 von
515 2284 619 2323 Watt,
643 2284 851 2324 1484-†1551
870 2291 877 2312 ε
902 2283 982 2314 born
1000 2289 1031 2315 at
1049 2283 1094 2315 St.
1113 2283 1191 2315 Gall
1208 2294 1216 2322 ς
1241 2284 1404 2325 professor
1423 2284 1462 2314 of
1480 2283 1576 2315 Latin

180 2335 212 2359 at
230 2328 366 2368 Vienna,
384 2329 550 2369 1510-18;
577 2328 746 2369 physieian
763 2332 797 2358 to
814 2327 868 2359 the
885 2328 950 2368 city
967 2327 1003 2358 of
1019 2327 1065 2358 St.
1081 2327 1168 2367 Gall,
1187 2328 1288 2369 1518;
1313 2328 1466 2358 resormer
1476 2326 1574 2366 there,

180 2373 427 2489 2334Jd-h5211ines
452 2416 632 2453 Camertes,
657 2413 820 2455 professor
844 2413 881 2444 of
903 2414 1055 2455 Divinity
1079 2419 1111 2445 at
1135 2414 1262 2445 Vienna
1284 2414 1347 2445 and
1373 2424 1391 2445 a
1415 2413 1518 2446 friend
1543 2413 1580 2444 of

226 2464 283 2490 att.
