1715 2780
223 97 299 133 334
384 84 502 122 THE
535 83 1014 123 LUTHERANIZING
1045 84 1116 123 OF
1147 84 1449 131 DENMARK,
1501 95 1616 132 132a

221 186 304 225 eius
337 200 487 235 manuS,
524 194 560 225 et
594 186 688 225 dicit
722 194 878 236 aperte:
927 187 1098 225 Oremus.
1130 187 1254 224 Pater
1279 193 1412 235 noster,
1435 189 1505 226 &c.
1566 189 1617 226 Et

221 241 355 280 addit:
390 242 635 291 Omnipotens
663 246 811 278 aeterne
830 241 963 287 Pater,
984 241 1054 291 qui
1078 241 1134 278 ita
1164 253 1230 278 nos
1257 242 1418 279 docuisti
1433 248 1509 292 per
1531 243 1616 280 uni-

216 296 388 343 genitam
415 297 560 334 Elium
591 301 709 343 tuum,
742 295 893 333 amicum
922 295 1162 344 Magistrum
1190 300 1372 343 nostrum,
1399 297 1539 334 Messis
1564 301 1620 334 est

223 351 355 396 multa,
388 350 558 399 operarii
591 362 678 387 vero
707 350 834 399 pauci,
875 354 1003 398 rogate
1042 362 1127 398 ergo
1163 350 1358 387 dominum
1397 350 1532 397 messis,
1575 356 1620 388 ut

222 404 352 441 mittat
378 405 570 454 operarios
598 404 638 441 in
677 416 825 440 messem
854 416 965 440 suam
982 419 993 441 .·
1031 416 1127 452 quae
1159 404 1272 441 verba
1311 416 1378 441 nos
1414 405 1619 442 admonent

221 458 333 495 bonos
351 458 554 507 operarios,
577 458 621 495 id
636 463 697 503 est,
712 458 997 506 praedicatores
1016 462 1053 495 et
1069 458 1303 495 ecclesiarum
1324 459 1485 496 doctores
1505 472 1529 496 a
1550 462 1616 495 tua

216 512 350 559 gratia
387 513 487 550 seria
525 517 562 549 et
584 511 700 560 fideli
734 517 843 560 prece
880 512 1086 560 petendos:
1136 524 1202 549 uos
1243 516 1349 549 taam
1394 512 1616 550 immensam

220 566 419 603 bonitatem
439 573 650 615 precamur
668 570 713 602 at
737 566 933 602 clementer
960 565 1135 615 respicias
1164 565 1262 602 lianc
1277 565 1479 614 famulum
1508 572 1616 604 tuam

220 632 326 667 quem
359 621 413 656 ad
434 620 634 669 episcopale
665 619 827 656 ecclesiae
857 620 1015 668 officium
1036 619 1218 668 eligimus,
1246 625 1291 656 ut
1310 619 1363 657 sit
1388 620 1547 669 diligens
1574 621 1615 658 in

194 674 329 710 -verbo
364 679 439 721 tao,
477 675 532 710 ad
560 674 866 723 praedicandum
902 674 1052 711 unicam
1088 678 1259 711 nostram
1290 675 1451 711 salntem
1489 675 1615 712 Iesum

223 727 433 774 Christum,
454 728 509 764 ad
533 728 714 765 docendas
733 727 983 774 conscientias,
1009 728 1064 764 ad
1082 728 1361 774 consolandam,
1390 728 1445 764 ad
1471 740 1615 766 monen-

219 781 322 829 dum,
345 786 381 818 et
398 782 634 830 argnendmn
655 794 737 818 cum
758 782 864 818 omni
880 782 1075 831 patientta
1101 785 1137 818 et
1153 781 1335 828 doctrina,
1359 782 1414 818 ita
1435 786 1481 819 ut
1496 794 1616 819 sacro-

219 840 390 872 sanctam
420 836 680 884 Evaasgelium
701 839 884 884 perpetuo
913 836 1020 884 apud
1046 848 1112 872 nos
1137 835 1259 882 duret,
1280 835 1465 873 sincerum
1486 840 1523 872 et
1538 836 1617 873 sine

207 888 399 936 fermento
430 890 621 927 lmmanae
663 890 854 927 doctrinae
891 894 928 926 et
953 888 1127 938 fructum
1153 888 1268 937 ferat
1303 889 1408 927 nobis
1444 890 1617 927 omnibus

220 947 395 980 aeternae
431 944 569 980 salutis
582 957 600 987 ,·
640 950 716 992 per
746 944 902 980 eundem
940 944 974 980 I.
1022 943 1076 990 C„
1117 943 1262 980 Filium
1302 947 1421 991 tuum,
1462 944 1520 981 D.
1559 944 1612 981 JV.

222 997 502 1046 Respondetur
521 997 572 1034 ab
593 996 778 1034 omnibus
798 1012 804 1034 1
835 998 973 1034 Amen.

275 1051 326 1087 Et
342 1050 471 1088 statim
495 1050 646 1088 canitur
667 1049 819 1088 Danice
838 1065 843 1088 :
874 1051 994 1088 Num
1012 1063 1190 1099 rogamus
1210 1051 1402 1100 Spiritum
1418 1051 1613 1099 Sanctum,

212 1109 373 1153 propter
379 1105 500 1152 fidem
521 1110 660 1142 rectam
676 1106 852 1153 maxime,
871 1106 942 1142 ἃς.

275 1157 437 1196 Interim
463 1158 687 1208 procumbit
714 1158 928 1197 Ordinator
952 1171 1083 1197 coram
1113 1158 1236 1207 altari,
1257 1171 1346 1197 curn
1378 1157 1559 1197 ordinato
1577 1165 1614 1197 et

218 1210 302 1249 aliis
323 1212 556 1262 presbyteris
572 1227 581 1259 3
610 1219 648 1250 et
669 1219 791 1259 orant,
814 1213 909 1250 dum
937 1219 1114 1250 cantatur
1134 1212 1281 1263 primus
1308 1211 1450 1251 cantici
1469 1225 1612 1251 versus.

221 1264 378 1304 Deinde
408 1273 581 1315 surgunt,
612 1273 650 1304 et
680 1267 786 1305 vadit
807 1265 974 1316 quisque
1003 1266 1042 1304 in
1072 1268 1204 1304 locum
1235 1280 1361 1313 suum,
1394 1273 1436 1304 ut
1465 1273 1612 1316 postea,

219 1331 309 1356 cum
339 1318 423 1357 aliis
454 1319 648 1366 fidelibus,
671 1319 866 1369 accipiant
893 1333 1040 1358 sacram
1063 1319 1207 1359 Christi
1229 1319 1551 1366 communionem
1574 1319 1612 1358 in

219 1372 291 1410 hac
314 1372 477 1411 Domini
499 1373 647 1412 Coena.

273 1426 420 1465 Omnia
457 1426 656 1477 praedicta
685 1426 865 1465 dicantur
892 1435 929 1465 et
958 1429 1135 1477 legantur
1165 1428 1330 1474 Danice‚
1361 1434 1404 1465 ut
1434 1427 1613 1466 Ecclesia

218 1479 416 1531 intelligat.
478 1482 621 1519 Psalmi
663 1488 869 1519 cantentur
909 1481 1059 1520 Latine.
1118 1481 1302 1531 Sequitur
1340 1480 1444 1519 enim
1485 1481 1611 1520 brevis

217 1534 409 1584 expositio
425 1548 471 1573 ex
486 1534 661 1582 Psalmis,
677 1534 822 1585 vulgari
839 1548 1030 1583 sermone,
1047 1548 1182 1573 eorum
1196 1548 1297 1584 quae
1312 1535 1390 1573 huc
1403 1534 1610 1585 pertinent.

272 1588 372 1626 Cum
399 1588 536 1638 legitur
566 1589 702 1626 ultima
723 1589 901 1629 Collecta
927 1588 966 1626 in
994 1590 1067 1627 hac
1098 1590 1235 1628 Coena
1260 1587 1482 1636 Dominica‚
1504 1601 1612 1627 acce-

217 1642 355 1680 dentes
376 1642 638 1692 procumbant
652 1656 804 1681 rursum
820 1644 870 1681 ad
886 1644 1016 1690 altare,
1032 1650 1071 1681 et
1084 1642 1297 1693 suscipiant
1310 1641 1488 1680 ultimam
1504 1643 1609 1680 illam

215 1702 253 1733 et
277 1703 507 1735 consuetam
529 1696 848 1735 benedictionem
865 1711 874 1744 3
904 1704 1119 1747 utcumque
1140 1710 1219 1735 non
1240 1695 1333 1747 ipsis
1354 1702 1517 1743 tantum,
1541 1697 1610 1735 sed

218 1749 288 1787 toti
310 1750 497 1789 ecclesiae
517 1751 778 1789 annuncietur
798 1758 836 1789 et
856 1752 979 1789 detur.

506 1804 612 1843 Finis
642 1804 912 1844 Ordinationis
942 1803 1319 1855 Superintendentis.

331 1882 419 1925 No.
443 1893 532 1936 133.
581 1883 690 1927 The
722 1883 995 1927 Manifesto
1027 1883 1084 1925 of
1109 1882 1365 1926 Christian
1399 1882 1485 1934 111,

733 1953 795 1993 30
828 1940 934 1984 Oct.
967 1942 1091 1993 1536.

270 2014 343 2063 ῥὶς.
378 2016 552 2052 Because
583 2015 648 2052 the
679 2014 866 2064 kingdom
898 2016 941 2052 of
967 2016 1133 2064 Norway
1164 2013 1195 2052 is
1225 2027 1311 2052 now
1341 2026 1384 2052 so
1416 2013 1538 2052 bereft
1567 2013 1612 2052 of

215 2081 343 2117 power
368 2069 447 2106 and
470 2069 617 2115 wealth,
640 2070 718 2106 and
744 2070 808 2106 the
839 2069 979 2118 people
1000 2069 1044 2105 of
1066 2069 1132 2106 the
1158 2067 1348 2117 kingdom
1369 2068 1414 2105 of
1440 2068 1606 2117 Norway

213 2135 277 2160 are
298 2129 367 2159 not
386 2122 474 2160 able
490 2123 605 2160 alone
622 2130 662 2159 to
679 2128 840 2172 support
856 2136 879 2159 a
894 2122 979 2160 lord
992 2123 1071 2160 and
1085 2121 1178 2171 king
1190 2122 1248 2159 for
1264 2122 1510 2167 themselves,
1525 2122 1605 2160 and

213 2175 290 2214 this
304 2189 411 2214 same
423 2175 611 2225 kingdom
626 2174 655 2213 is
669 2184 731 2225 yet
746 2176 883 2213 bound
896 2182 936 2213 to
950 2174 1097 2213 remain
1111 2176 1169 2214 for
1185 2188 1274 2214 ever
1289 2176 1379 2213 with
1396 2175 1462 2213 the
1476 2187 1602 2213 crown

214 2230 259 2267 of
276 2229 489 2276 Denmark,
504 2231 582 2268 and
597 2237 699 2267 most
714 2230 758 2266 of
774 2231 839 2267 the
853 2229 1008 2267 council
1025 2230 1069 2267 of
1080 2230 1147 2267 the
1163 2228 1353 2279 kingdom
1369 2230 1414 2266 of
1422 2230 1460 2267 N
1464 2241 1600 2278 orway,

213 2283 420 2334 especially
436 2282 688 2333 Archbishop
705 2284 804 2330 Olaf,
824 2284 909 2321 who
931 2282 961 2320 is
983 2296 1070 2322 now
1090 2284 1156 2321 the
1175 2289 1342 2333 greatest
1363 2295 1454 2320 man
1474 2281 1514 2320 in
1535 2283 1601 2320 the

213 2337 414 2387 kingdom,
437 2337 570 2375 within
591 2350 614 2374 a
633 2338 740 2375 short
768 2336 860 2375 time
882 2337 951 2374 has
980 2336 1101 2383 twice,
1120 2336 1212 2375 with
1239 2338 1304 2375 the
1331 2342 1435 2375 most
1458 2342 1543 2388 part
1561 2336 1607 2374 of

213 2391 279 2429 the
300 2390 453 2430 council
482 2392 527 2429 of
550 2392 725 2440 Norway,
748 2391 863 2428 fallen
895 2391 993 2428 from
1021 2391 1085 2429 the
1106 2391 1295 2440 kingdom
1317 2391 1361 2428 of
1385 2389 1597 2436 Denmark,

213 2452 390 2494 contrary
412 2452 451 2483 to
477 2444 574 2482 their
602 2445 774 2494 plighted
804 2444 920 2482 saith:
953 2446 1023 2482 We
1053 2446 1150 2482 have
1181 2445 1373 2482 therefore
1402 2442 1600 2493 promised
