1715 2780
221 141 296 188 584
554 138 764 176 CALVIN
799 136 858 174 IN
891 137 1070 182 EXILE,
1109 139 1284 186 1538—41
1525 138 1611 185 296

219 254 296 291 que
317 242 438 280 secuti
454 254 554 291 quae
571 239 747 279 Ecclesia
765 240 970 280 Catholica
986 248 1172 279 cunctum
1190 253 1257 290 per
1270 241 1405 279 orbem
1421 247 1606 279 terrarum

218 308 344 334 annos
365 295 441 333 iam
464 296 568 333 mille
592 302 629 333 et
655 295 892 344 quingentos
915 293 1094 344 amplius,
1117 301 1183 332 aut
1211 293 1258 344 (si
1285 295 1427 332 claram
1448 300 1610 332 certam-

218 362 296 399 que
317 362 445 387 rerum
468 356 663 399 gestarum
689 347 920 386 memoriam
947 355 985 386 et
1015 347 1195 386 notitiam
1223 347 1462 398 quaerimus)
1484 361 1609 386 annos

218 402 294 441 iam
316 404 484 453 amplius
501 402 606 440 mille
622 409 659 441 et
676 408 883 449 trecentos,
901 415 1044 452 magno
1060 415 1257 441 consensu
1273 401 1504 452 comprobat
1524 416 1530 439 :
1560 415 1610 439 an

218 458 315 496 haec
347 470 448 507 quae
478 458 568 495 vafri
605 457 785 494 homines
814 463 948 506 atque,
977 463 1019 494 ut
1052 455 1126 494 sibi
1165 455 1238 506 ipsi
1269 455 1460 503 videntur,
1493 455 1610 502 acuti,

217 512 403 550 adversus
424 518 481 549 tot
511 511 756 549 saeculorum
787 523 901 547 usum
932 516 969 548 et
998 517 1132 548 eontra
1158 518 1387 560 perpetuam
1410 508 1610 548 Ecclesiae

216 564 500 611 auctoritatem,
534 563 594 602 his
624 563 738 602 annis
768 563 944 613 quinque
975 571 1013 602 et
1042 563 1177 614 viginti
1206 565 1513 602 innovaverunt:
1543 562 1611 613 qui

217 627 321 657 certe
345 618 418 667 ipsi
447 617 653 657 Catholica
684 630 765 656 non
797 625 887 656 sunt
919 618 1108 656 Ecclesia.
1168 619 1238 656 Est
1267 619 1372 656 enim
1405 616 1611 656 Catholica

219 671 407 719 Ecclesia,
450 679 491 710 ut
530 672 696 710 breviter
729 670 974 718 definiamus,
1012 685 1112 721 quae
1143 671 1181 710 in
1214 671 1323 710 omni
1356 677 1539 710 anteacto
1572 678 1610 709 et

217 727 410 765 hodierno
430 732 618 776 tempore,
641 727 749 764 omni
770 725 810 763 in
834 725 992 775 regione
1013 733 1211 773 terrarum,
1234 725 1273 764 in
1295 725 1453 765 Christo
1473 737 1551 763 una
1572 732 1610 763 et

217 781 481 827 consentiens,
505 793 585 818 uno
611 778 754 820 Christi
781 778 925 829 Spiritu
954 779 1101 830 ubique
1131 786 1168 818 et
1195 792 1349 830 semper
1369 779 1517 818 directa
1537 786 1606 825 est,

216 835 256 872 in
277 848 355 884 qua
375 835 527 872 nullum
549 841 678 884 potest
698 833 904 872 dissidium
925 833 1131 873 exsistere:
1161 833 1290 872 omnis
1316 832 1422 872 enim
1443 846 1489 872 ea
1509 833 1609 871 inter

216 901 257 926 se
274 901 454 927 connexa
469 896 507 927 et
521 887 750 938 conspirans
767 895 835 926 est.
887 888 1008 936 Quod
1025 887 1056 925 si
1073 887 1168 937 quid
1184 887 1336 926 accidat
1352 886 1608 926 dissensionis

217 950 254 980 et
293 942 455 988 dissidii,
489 955 674 992 magnum
713 942 875 991 quidem
905 954 1047 991 corpus
1081 941 1282 980 Ecclesiae
1315 948 1528 991 permanet,
1566 941 1608 978 fit

215 1003 347 1034 autem
368 1004 572 1045 apostema
593 1009 673 1045 quo
693 1003 876 1045 corrupta
896 995 1027 1045 aliqua
1050 1008 1150 1042 caro,
1173 996 1224 1033 ab
1244 996 1445 1033 animante
1465 1007 1607 1044 corpus

216 1058 403 1088 cunctum
434 1049 578 1100 Spiritu
606 1049 757 1087 divulsa
782 1048 1005 1096 secernitur,
1028 1063 1102 1087 nec
1127 1050 1177 1088 de
1201 1048 1418 1087 substantia
1446 1047 1606 1087 ulterius

215 1103 389 1154 corporis
416 1103 668 1142 ecclesiastici
695 1110 764 1141 est.
825 1104 918 1141 Non
942 1116 1015 1153 ego
1039 1102 1101 1142 hic
1126 1102 1333 1142 deveniam
1359 1103 1410 1141 ad
1436 1101 1606 1152 singulas

214 1170 342 1196 rerum
372 1157 659 1208 disputationes
682 1187 688 1194 .
711 1188 718 1194 .
744 1187 751 1194 .
775 1158 824 1195 de
854 1156 1088 1195 eucharistia
1110 1188 1116 1195 .
1139 1188 1145 1195 .
1172 1187 1177 1194 .
1201 1157 1250 1196 de
1280 1155 1527 1195 confessione
1556 1157 1606 1195 ad

215 1213 460 1251 sacerdotem
492 1219 744 1261 peccatorum
777 1241 783 1249 .
810 1241 815 1248 .
841 1242 847 1249 .
877 1211 927 1250 de
957 1211 1150 1262 precibus,
1182 1218 1249 1249 aut
1283 1218 1505 1249 sanctorum
1535 1222 1606 1260 pro

215 1265 330 1304 nobis
354 1267 461 1315 apud
491 1268 635 1312 Deum,
657 1273 723 1304 aut
752 1266 893 1303 nostris
919 1278 988 1315 pro
1014 1264 1175 1304 mortuis
1197 1296 1204 1303 .
1228 1296 1234 1302 .
1260 1296 1266 1303 .
1327 1265 1404 1303 Sed
1430 1271 1471 1302 ut
1495 1264 1605 1302 relin-

215 1333 333 1368 quam
361 1319 645 1358 controversias
666 1349 672 1356 .
699 1350 704 1357 .
730 1349 736 1357 .
760 1320 1002 1358 excutiamus
1030 1319 1070 1358 id
1097 1320 1205 1369 quod
1230 1318 1334 1369 prius
1356 1325 1413 1357 est
1433 1319 1606 1368 proposi-

214 1380 308 1419 tum,
333 1381 374 1411 ut
401 1373 578 1412 videatur
604 1381 641 1412 et
665 1381 872 1423 quaeratur
896 1373 991 1423 quid
1019 1373 1133 1411 nobis
1161 1373 1507 1423 magisconducat
1534 1402 1540 1408 .
1567 1402 1574 1409 .
1597 1400 1604 1409 .

214 1426 410 1465 sentirene
430 1440 519 1465 cum
546 1427 724 1465 universa
752 1427 931 1465 Ecclesia
956 1426 1119 1477 eiusque
1147 1427 1313 1465 decretis
1338 1433 1376 1464 et
1395 1425 1546 1476 legibus
1567 1433 1605 1464 et

214 1480 467 1520 sacramentis
505 1494 595 1519 cum
637 1482 713 1519 fide
752 1480 1035 1531 obtemperare,
1071 1493 1120 1519 an
1159 1479 1335 1518 assentiri
1375 1479 1604 1518 hominibus

214 1534 375 1573 dissidia
405 1542 442 1573 et
473 1548 531 1573 res
562 1548 682 1573 novas
712 1534 1041 1585 quaerentibus?¹
1067 1565 1073 1571 .
1098 1565 1104 1572 .
1130 1565 1135 1571 .

227 1629 315 1672 No.
340 1640 442 1683 297.
491 1630 719 1675 Calvin’s
739 1631 882 1685 reply
907 1632 959 1674 to
983 1629 1243 1682 Sadoleto,
1262 1641 1280 1672 1
1301 1629 1442 1685 Sept.
1463 1640 1589 1684 1539.

268 1751 273 1759 .
299 1752 305 1759 .
330 1752 337 1759 .
362 1723 448 1772 Ego
467 1730 611 1769 autem,
635 1723 830 1769 Sadolete,
854 1736 899 1760 ex
921 1723 980 1760 his
1002 1735 1101 1773 quos
1121 1729 1202 1762 tam
1223 1721 1415 1760 hostiliter
1440 1720 1602 1760 incessis

211 1788 257 1813 ac
278 1777 434 1824 laceras,
458 1790 581 1814 unum
602 1789 665 1815 me
685 1789 771 1815 esse
791 1777 987 1826 profiteor.
1046 1777 1223 1815 Tametsi
1253 1775 1359 1815 enim
1389 1774 1602 1814 constituta

212 1828 289 1866 iam
304 1829 491 1880 religione
507 1843 553 1869 ac
574 1838 748 1869 correcta
768 1830 957 1868 ecclesiae
973 1831 1097 1869 forma
1113 1831 1205 1869 illuc
1221 1836 1381 1869 vocatus
1398 1830 1451 1867 fui
1472 1843 1479 1867 :
1509 1827 1602 1879 quia

211 1890 343 1921 tamen
364 1896 466 1933 quae
485 1897 508 1921 a
529 1884 681 1922 Farello
702 1897 747 1922 ac
763 1885 899 1923 Vireto
918 1892 1026 1934 gesta
1046 1891 1166 1932 erant,
1184 1897 1265 1922 non
1281 1884 1403 1922 modo
1419 1881 1601 1932 suffragio

212 1948 301 1974 meo
334 1937 589 1986 comprobavi
618 1938 687 1976 sed
718 1936 846 1985 etiam,
879 1946 1071 1987 quantum
1102 1937 1141 1976 in
1172 1950 1235 1976 me
1268 1936 1350 1984 fuit,
1372 1948 1601 1975 conservare

212 1989 344 2027 studui
365 2003 410 2028 ac
431 1992 673 2038 confirmare,
692 1999 909 2041 separatam
926 1992 976 2030 ab
992 1991 1066 2030 illis
1086 2005 1244 2030 causam
1266 1991 1410 2029 habere
1430 2002 1597 2039 nequeo.

212 2043 367 2091 Quodsi
395 2051 526 2082 tamen
554 2044 731 2093 privatim
757 2045 826 2082 abs
854 2053 891 2084 te
918 2046 1044 2084 laesus
1068 2058 1206 2091 essem,
1229 2045 1342 2082 facile
1361 2045 1539 2094 profecto
1559 2042 1599 2081 id

210 2098 479 2136 condonarem
507 2106 596 2136 tuae
622 2097 824 2136 doctrinae
851 2112 896 2137 ac
922 2098 1135 2137 litterarum
1163 2097 1314 2137 honori.
1372 2097 1451 2136 Sed
1475 2109 1597 2146 quum

211 2150 466 2189 ministerium
491 2164 634 2199 meum,
657 2153 765 2201 quod
788 2151 862 2190 Dei
884 2152 1091 2191 vocatione
1111 2152 1319 2190 fundatum
1339 2163 1384 2189 ac
1404 2151 1597 2189 sancitum

210 2203 328 2243 fuisse
359 2218 438 2243 non
469 2204 619 2251 dubito,
652 2218 719 2255 per
749 2207 848 2243 latus
879 2218 1010 2244 meum
1046 2205 1208 2243 sauciari
1237 2204 1403 2252 videam,
1435 2202 1596 2254 perfidia

209 2257 290 2305 erit,
314 2272 395 2297 non
421 2258 621 2309 patientia,
643 2258 673 2298 si
700 2267 850 2297 taceam
873 2259 935 2297 hic
955 2267 1072 2309 atque
1099 2258 1354 2297 dissimulem.
1414 2257 1598 2296 Doctoris

209 2311 391 2361 primum,
417 2313 564 2352 deinde
589 2312 753 2363 pastoris
781 2326 942 2352 munere
969 2312 1007 2351 in
1035 2314 1200 2351 ecclesia
1226 2312 1292 2350 illa
1318 2313 1475 2350 functus
1496 2323 1594 2350 sum,

257 2414 261 2432 ¹
291 2415 344 2446 He
362 2417 435 2447 then
452 2417 607 2457 proceeds
625 2421 659 2448 to
675 2417 784 2458 depiet
800 2427 818 2447 a
836 2417 989 2449 Catholic
1007 2417 1071 2448 and
1087 2429 1105 2449 a
1123 2417 1257 2449 Heretic
1273 2417 1386 2459 giving
1402 2428 1442 2449 an
1460 2420 1596 2448 account

210 2459 247 2489 of
268 2458 317 2490 his
344 2459 423 2490 faith
451 2464 483 2490 at
510 2459 564 2491 the
590 2461 667 2491 Last
695 2461 780 2500 Day.
830 2460 948 2491 Calvin
977 2460 1068 2493 takes
1094 2471 1138 2502 up
1162 2461 1215 2492 the
1239 2462 1363 2502 picture
1386 2461 1419 2492 in
1444 2460 1497 2492 the
1521 2464 1596 2491 next

209 2506 342 2540 extract,
360 2503 474 2543 giving
491 2503 545 2534 the
563 2503 692 2535 ‹lesence
710 2503 775 2535 first
793 2503 830 2535 of
843 2514 861 2535 a
879 2504 1025 2535 minister
1042 2505 1118 2536 then
1137 2504 1173 2536 of
1187 2515 1205 2535 a
1222 2504 1363 2544 lap-man.
