1715 2780
142 108 209 145 116
409 108 529 145 THE
562 108 700 145 DIET
731 107 803 146 OF
833 108 1155 156 AUGSBURG,
1193 122 1292 160 1530
1467 116 1538 163 265

569 222 665 260 XII.
725 223 792 260 DE
823 233 1119 263 POENITENTIA.

195 286 257 324 De
285 284 529 336 poenitentia
557 287 715 334 docent,
747 288 857 338 quod
894 288 1012 339 lapsis
1042 297 1132 339 post
1169 290 1412 341 baptismum
1450 305 1542 332 con-

138 340 287 389 tingere
315 339 439 390 possit
467 340 643 380 remissio
663 349 915 392 peccatorum
937 356 1177 394 quocunque
1206 352 1397 396 tempore,
1417 360 1540 397 quum

138 400 418 432 convertuntur
433 408 443 442 3
470 401 509 433 et
538 396 647 444 quod
677 395 843 434 ecclesia
872 397 1016 436 talibus
1046 400 1304 438 redeuntibus
1333 402 1384 439 ad
1404 401 1540 451 poeni-

140 447 304 486 tentiam
324 447 616 486 absolutionem
637 448 824 500 impartiri
845 451 998 489 debeat.

196 515 229 539 2.
262 502 428 541 Constat
456 509 588 540 autem
609 505 845 553 poenitentia
874 505 1030 556 proprie
1059 505 1120 545 his
1149 507 1305 546 duabus
1339 509 1540 558 partibus:

139 556 272 594 Altera
301 563 360 594 est
396 557 571 594 contritio
600 570 669 595 seu
708 565 871 597 terrores
911 558 1056 598 incussi
1100 561 1367 601 conscientiae
1407 564 1540 613 agnito

138 615 328 659 peccato3
369 610 490 648 altera
527 617 585 649 est
612 611 723 660 fides,
757 625 858 661 quae
892 613 1113 664 concipitur
1151 628 1198 654 ex
1228 616 1432 667 evangelio
1471 631 1539 657 seu

137 663 397 710 absolutione,
417 670 455 702 et
476 664 599 703 credit
620 673 778 716 propter
799 665 1002 706 Christum
1023 668 1166 707 remitti
1187 678 1359 719 peccata,
1391 680 1430 710 et
1450 685 1541 710 con-

144 718 290 756 solatur
318 719 613 766 conscientiam,
645 727 684 758 et
713 733 759 759 ex
788 721 999 760 terroribus
1029 723 1178 762 liberat.
1239 724 1397 764 Deinde
1428 727 1539 777 sequi

139 771 287 810 debent
308 771 413 810 bona
433 785 564 823 opera,
586 786 687 823 quae
708 781 799 812 sunt
807 775 966 823 fructus
974 777 1241 826 poenitenliae.

191 838 226 874 3.
258 826 461 864 Damnant
500 827 793 878 Anabaptistas,
834 830 900 879 qui
949 838 1093 881 negant
1140 833 1262 871 semel
1310 832 1540 873 iustificatos

136 891 253 928 posse
267 879 446 919 amittere
457 880 643 930 Spiritum
661 883 849 921 Sanctum
868 898 877 931 3
906 882 1013 932 item,
1029 885 1096 935 qui
1117 887 1366 925 contendunt
1382 888 1540 937 quibus-

138 933 230 972 dam
260 940 410 973 tantam
439 935 723 985 perfectionem
753 936 793 975 in
823 938 897 976 hac
926 938 1004 977 vita
1033 940 1272 990 contingere,
1304 948 1346 979 ut
1376 955 1539 991 peccare

136 999 217 1025 non
246 987 408 1038 possint.
468 1002 503 1036 4.
536 991 787 1029 Damnantur
807 999 845 1030 et
868 992 1091 1041 Novatiani,
1114 994 1182 1044 qui
1203 995 1392 1034 nolebant
1413 996 1539 1035 absol-

136 1053 225 1080 vere
272 1043 403 1092 lapsos
450 1050 539 1092 post
586 1044 826 1093 baptismum
874 1048 1085 1086 redeuntes
1132 1049 1183 1087 ad
1240 1049 1536 1099 poenitentiam.

137 1094 386 1134 Reiiciuntur
415 1104 454 1135 et
483 1096 556 1144 isti,
588 1098 656 1148 qui
685 1112 767 1137 non
797 1100 943 1138 docent
972 1101 1244 1141 remissionem
1284 1112 1536 1153 peccatorum

135 1162 205 1199 per
232 1150 353 1188 fidem
383 1150 621 1200 contingere,
645 1154 714 1191 sed
744 1152 881 1192 iubent
903 1168 975 1193 nos
996 1156 1135 1195 mereri
1158 1158 1321 1207 gratiam
1344 1171 1412 1208 per
1432 1159 1538 1197 satis-

136 1202 326 1243 factiones
347 1212 510 1243 nostras

449 1277 571 1315 XIII.
630 1279 697 1315 DE
727 1289 808 1316 Usu
838 1290 1227 1321 SACRAMENTORUM.

189 1341 251 1380 De
281 1353 353 1379 usu
384 1349 720 1381 sacramentorum
751 1344 908 1392 docent,
941 1347 1051 1395 quod
1081 1355 1326 1387 sacramenta
1360 1348 1537 1388 instituta

136 1393 223 1442 sint,
254 1408 335 1434 non
366 1396 487 1434 modo
517 1403 558 1435 ut
588 1396 665 1435 sint
694 1405 812 1437 notae
840 1400 1094 1449 professionis
1124 1400 1223 1440 inter
1252 1402 1444 1451 homines,
1468 1406 1537 1443 sed

138 1450 259 1499 magis
288 1456 330 1487 ut
360 1450 436 1488 sint
464 1451 575 1500 szgrna
604 1456 640 1488 et
651 1453 864 1490 testimonia
902 1455 1113 1493 voluntatis
1150 1457 1234 1494 Dei
1258 1470 1347 1506 erga
1377 1471 1455 1505 nos,
1486 1460 1536 1497 ad

136 1504 383 1543 excitandam
423 1511 461 1543 et
500 1506 814 1545 confirmandam
850 1508 970 1546 fidem
1001 1508 1041 1546 in
1071 1509 1130 1548 his
1163 1511 1230 1559 qui
1261 1519 1424 1550 utuntur
1453 1525 1537 1562 pro-

135 1556 273 1606 posita.
333 1571 366 1596 2.
400 1559 540 1609 Itaque
570 1561 752 1598 utendum
787 1567 843 1599 est
872 1564 1120 1602 saframentis
1148 1563 1200 1602 ita
1230 1572 1272 1603 ut
1302 1566 1400 1604 fides
1429 1579 1536 1605 acce-

135 1611 212 1658 dat,
244 1624 346 1662 quae
381 1614 514 1651 credat
548 1613 877 1663 promissionibus
909 1630 1010 1666 quae
1049 1631 1117 1667 per
1152 1627 1396 1658 sacramenta
1434 1621 1536 1658 exhi-

132 1664 274 1704 bentur
302 1673 340 1704 et
368 1668 647 1706 ostenduntur.

189 1733 223 1768 3.
266 1721 468 1758 Damnant
504 1720 618 1770 igitur
647 1721 734 1760 illos
763 1724 829 1773 qui
869 1725 1026 1771 docent,
1059 1727 1167 1775 quod
1207 1735 1449 1766 sacramenta
1488 1742 1535 1766 ex

135 1785 253 1822 opere
281 1781 443 1823 operato
472 1774 693 1822 iustificent,
717 1789 790 1815 nec
820 1778 966 1816 docent
996 1779 1114 1817 fidem
1146 1780 1286 1830 requiri
1317 1780 1356 1818 in
1387 1795 1457 1820 usu
1480 1796 1534 1820 sa—

135 1835 436 1877 cramentorum,
459 1842 560 1879 quae
580 1831 713 1868 credat
734 1831 876 1870 remitti
898 1840 1069 1882 peccata.

438 1901 549 1938 XIV.
610 1902 676 1938 Di:
706 1913 869 1939 ORDINE
900 1914 1227 1942 ECCLESlAsToeO,

191 1965 252 2002 De
273 1963 410 2003 ordine
432 1965 699 2004 ecclesiastico
716 1967 873 2015 docent,
897 1969 1005 2017 quod
1023 1982 1142 2007 nemo
1156 1970 1299 2009 debeat
1316 1970 1355 2008 in
1370 1972 1535 2010 ecclesia

136 2017 293 2066 publice
314 2019 457 2058 docere
477 2027 543 2058 aut
564 2028 808 2059 sacramenta
828 2022 1111 2070 administrare,
1136 2024 1209 2062 nisi
1230 2024 1300 2064 rite
1321 2033 1495 2064 vocatus.

443 2092 529 2128 XV.
591 2092 655 2128 DE
688 2103 853 2130 R1T1BUS
885 2104 1222 2133 Ecolisssmsrrcrs.

190 2154 252 2192 De
289 2153 425 2193 ritibus
465 2155 740 2194 ecclesiasticis
779 2158 936 2204 docent,
979 2160 1087 2208 quod
1127 2159 1221 2198 ritus
1261 2161 1313 2198 illi
1354 2162 1532 2200 servandi

137 2207 212 2245 sint
250 2207 316 2258 qui
356 2208 439 2248 sine
479 2217 642 2259 peccato
681 2211 822 2249 servari
862 2220 1038 2262 possunt,
1075 2220 1113 2251 et
1153 2222 1316 2263 prosunt
1349 2216 1400 2254 ad
1435 2223 1534 2253 tran-

137 2259 367 2308 quillitatem
398 2270 436 2301 et
466 2263 615 2302 bonum
647 2264 825 2303 ordinem
855 2267 892 2304 in
919 2266 1095 2314 ecclesia,
1125 2267 1225 2307 sicut
1251 2276 1380 2307 certae
1405 2269 1530 2315 feriae,

138 2314 235 2353 festa
255 2322 292 2354 et
314 2316 465 2355 similia.

193 2382 226 2407 2.
259 2371 321 2408 De
352 2371 494 2409 talibus
523 2372 638 2410 rebus
679 2380 810 2411 tamen
845 2375 1111 2413 admonentur
1145 2375 1326 2414 homines
1359 2389 1409 2415 ne
1443 2389 1531 2415 con-

137 2420 319 2480 scientiae
349 2432 569 2473 onerentur,
596 2434 797 2476 tamquam
825 2429 911 2466 talis
932 2430 1060 2467 cultus
1087 2430 1136 2467 ad
1162 2431 1326 2468 salutem
1357 2443 1530 2469 necessa-

139 2487 214 2512 r1us
245 2484 302 2514 Slt.
