1715 2780
51 150 55 154 ⁵
91 107 143 146 47
541 95 990 134 MELANCHTHON
1440 108 1485 143 91

92 202 229 240 saltem
264 214 286 238 e
324 198 468 249 quibus
507 197 603 237 locis
643 211 770 236 rerum
806 210 959 235 summa
999 197 1181 246 pendeat,
1220 204 1260 233 ut
1300 210 1487 245 quorsum

91 255 295 305 dirigenda
314 260 405 291 sunt
426 252 554 291 studia
576 251 822 301 intelligatur.

146 307 244 348 Sunt
274 315 404 346 autern
436 320 564 345 rerum
594 305 902 355 theologicarum
933 306 1031 343 haec
1053 305 1132 343 fere
1153 304 1282 355 capita
1299 306 1487 344 :—-Deus.

94 365 220 403 Unus.
274 361 430 399 Trinus.
490 361 660 401 Creatio.
720 361 869 405 Homo,
896 358 1068 397 hominis
1092 358 1201 398 vires.
1264 361 1488 398 Peccatum.

93 419 257 456 Fructus
296 415 459 466 peccati,
500 414 616 452 Vitia.
688 416 855 452 Poenae.
916 415 1008 451 Lex.
1069 413 1368 452 Promissiones.
1428 414 1491 451 In-

91 470 278 510 stauratio
316 483 384 520 per
425 468 637 509 Christum.
709 467 855 506 Gratia.
929 466 1087 506 Gratiae
1127 468 1285 506 fructus.
1360 466 1488 505 Fides.

92 527 199 575 Spes.
260 523 422 564 Caritas.
486 522 806 561 Praedestinatio.
871 521 989 571 Signa
1029 522 1336 560 sacramentalia.
1409 523 1492 559 Ho-

93 578 244 617 minum
265 585 398 616 status.
461 576 725 626 Magistratus.
785 575 984 625 Episcopi.
1036 575 1342 615 Condemnatio.
1398 576 1492 613 Bea⁴

92 633 230 672 titudo.

148 689 196 725 In
217 685 276 725 his
298 693 340 724 ut
361 685 522 736 quidam
544 698 701 735 prorsus
722 683 1142 734 incomprehensibiles
1164 691 1268 731 sunt,
1288 683 1341 721 ita
1361 696 1490 721 rursus

93 748 183 780 sunt
212 740 386 791 quidam,
418 753 519 789 quos
549 739 732 777 universo
761 740 879 787 vulgo
914 737 1229 777 Christianorum
1265 736 1492 787 compertis-

94 795 214 834 simos
235 807 320 833 esse
341 793 521 834 Christus
542 792 676 831 voluit.
737 791 926 842 Mysteria
947 791 1161 830 divinitatis
1187 791 1330 830 rectius
1357 792 1491 830 adora-

95 849 262 888 verimus
297 862 415 898 quam
446 846 775 897 vestigaverimus.
838 847 969 884 Immo
1008 845 1092 883 sine
1134 859 1277 895 magno
1316 845 1492 895 periculo

95 903 234 942 tentari
263 916 344 940 non
374 909 552 953 possunt,
574 901 615 940 id
637 902 746 950 quod
776 913 857 939 non
887 913 973 938 raro
1003 899 1128 938 sancti
1150 899 1218 937 viri
1250 899 1368 938 etiam
1400 906 1491 937 sunt

94 956 252 1008 experti.
312 958 363 994 Et
393 968 509 994 carne
540 954 682 993 Filium
716 956 825 993 Deus
856 955 1042 1003 Optimus
1071 953 1271 991 Maximus
1298 952 1426 992 induit
1451 961 1492 990 ut

95 1024 166 1050 nos
195 1024 219 1049 a
247 1009 583 1059 contemplatione
605 1008 819 1047 maiestatis
840 1021 934 1046 suae
955 1009 1005 1046 ad
1027 1007 1153 1046 carnis
1174 1009 1357 1057 adeoque
1384 1006 1494 1057 fragi-

97 1064 215 1103 litatis
243 1072 399 1103 nostrae
423 1062 801 1112 contemplationem
827 1061 1018 1101 invitaret.
1043 1092 1050 1100 .
1075 1093 1081 1100 .
1108 1093 1114 1100 .
1140 1061 1311 1100 Proinde
1332 1074 1413 1099 non
1435 1068 1493 1099 est

94 1132 162 1157 cur
191 1119 359 1157 multum
390 1130 532 1168 operae
561 1129 756 1166 ponamus
785 1115 825 1153 in
855 1116 951 1154 locis
981 1115 1054 1153 illis
1085 1117 1276 1165 supremis
1307 1116 1357 1153 de
1394 1117 1494 1161 Deo,

94 1174 144 1212 de
166 1172 346 1218 Unitate,
368 1173 418 1210 de
440 1170 633 1209 Trinitate
656 1170 743 1217 Dei,
766 1171 816 1208 de
838 1169 1022 1219 mysterio
1044 1169 1278 1216 Creationis‚
1301 1170 1350 1208 de
1373 1170 1494 1207 modo

96 1225 394 1266 Incarnationis.
455 1226 616 1274 Quaeso
645 1232 683 1263 te
713 1224 809 1274 quid
840 1224 1017 1262 adsecuti
1039 1231 1129 1261 sunt
1151 1224 1227 1261 iam
1250 1231 1307 1261 tot
1329 1222 1495 1261 saeculis

96 1280 317 1320 scholastici
357 1278 615 1329 theologistae
654 1292 744 1317 cum
785 1278 824 1316 in
864 1279 924 1316 his
963 1279 1059 1316 locis
1099 1277 1191 1316 solis
1223 1279 1496 1315 versarentur?

97 1337 242 1374 Nonne
271 1334 312 1372 in
341 1332 695 1384 disceptationibus
725 1332 833 1371 suis.
859 1363 865 1369 .
891 1363 898 1370 .
921 1332 1010 1370 vani
1041 1332 1132 1370 facti
1163 1339 1264 1379 sunt,
1287 1333 1383 1370 dum
1415 1338 1498 1369 tota

97 1388 175 1427 vita
205 1395 401 1438 nugantur
434 1389 485 1426 de
518 1387 815 1433 universalibus,
852 1385 1165 1433 formalitatibus,
1199 1384 1424 1424 connotatis
1459 1393 1497 1423 et

97 1442 231 1482 nescio
260 1442 404 1492 quibus
433 1441 517 1480 aliis
550 1441 733 1479 inanibus
765 1441 979 1487 vocabulis,
1014 1447 1052 1478 et
1091 1439 1327 1479 dissimulari
1360 1453 1495 1478 eorum

99 1496 260 1535 stultitia
289 1503 433 1547 posset,
456 1495 530 1533 nisi
562 1496 820 1545 Evangelium
856 1494 1010 1533 interim
1047 1502 1085 1533 et
1125 1493 1317 1532 beneficia
1352 1493 1496 1533 Christi

99 1551 374 1589 obscurassent
403 1549 518 1588 nobis
548 1549 637 1587 illae
662 1549 808 1587 stultae
838 1548 1138 1598 disputationes.
1200 1549 1284 1586 Iam
1317 1547 1347 1585 si
1378 1547 1497 1586 libeat

100 1604 303 1655 ingenioso
333 1603 428 1642 mihi
459 1617 545 1642 esse
572 1603 611 1640 in
642 1617 681 1641 re
711 1616 791 1641 non
822 1603 1052 1649 necessaria,
1076 1602 1189 1640 facile
1220 1615 1363 1651 queam
1395 1615 1498 1640 ever-

100 1666 179 1697 tere
200 1671 461 1709 quaecunque
482 1671 553 1708 pro
574 1657 665 1696 fidei
687 1657 883 1707 dogmatis
904 1664 1135 1706 argumenta
1156 1657 1436 1706 produxerunt,
1461 1663 1497 1693 et

100 1712 139 1750 in
169 1712 229 1751 his
259 1726 378 1763 quarn
410 1713 533 1750 multa
567 1711 708 1750 rectius
744 1725 814 1760 pro
844 1711 1071 1749 haeresibus
1102 1709 1340 1759 quibusdam
1373 1710 1498 1747 facere

100 1766 292 1813 videntur,
316 1779 435 1816 quam
456 1779 527 1816 pro
549 1764 752 1803 catholicis
774 1766 979 1814 dogmatis.
1042 1765 1233 1813 Reliquos
1255 1777 1346 1802 vero
1377 1765 1500 1808 locos,

101 1820 251 1870 peccati
271 1820 361 1868 vim,
385 1821 523 1870 legem,
546 1819 708 1869 gratiam
739 1820 806 1868 qui
837 1818 1032 1868 ignorarit,
1055 1831 1136 1856 non
1158 1817 1274 1856 video
1295 1818 1500 1867 quomodo

103 1874 370 1914 Christianum
391 1887 529 1912 vocem
546 1888 555 1921 3
595 1886 685 1910 nam
713 1886 758 1910 ex
781 1872 839 1910 his
861 1872 1015 1922 proprie
1037 1872 1216 1911 Christus
1238 1871 1498 1921 cognoscitur,

104 1927 298 1978 siquidem
338 1929 414 1967 hoc
453 1935 511 1966 est
551 1927 753 1966 Christum
793 1939 1044 1976 cognoscere,
1087 1925 1278 1964 beneficia
1317 1925 1400 1963 eius
1439 1938 1501 1963 co-

103 1995 300 2032 gnoscere,
333 1995 429 2029 non,
458 1982 567 2031 quod
597 1981 658 2019 isti
690 1982 847 2027 docent,
880 1980 962 2019 eius
994 1982 1174 2026 Naturas,
1199 1981 1341 2018 modos
1374 1981 1502 2018 Incar-

104 2035 272 2074 nationis
301 2035 490 2074 contueri.
552 2035 603 2073 Ni
633 2034 732 2073 scias
761 2034 801 2072 in
831 2048 949 2084 quem
983 2047 1097 2072 usum
1130 2047 1287 2072 carnem
1319 2033 1504 2079 induerit,

105 2097 142 2128 et
180 2089 284 2128 cruci
321 2091 474 2129 adfixus
512 2088 560 2127 sit
599 2089 794 2135 Christus,
832 2088 928 2138 quid
968 2088 1140 2139 proderit
1179 2088 1261 2126 eius
1302 2087 1502 2125 historiam

107 2143 290 2182 novisse?
346 2145 410 2182 An
438 2157 529 2182 vero
558 2143 714 2182 medico
742 2142 834 2181 satis
862 2150 919 2180 est
941 2142 1096 2180 novisse
1118 2142 1325 2180 herbarum
1349 2143 1501 2191 figuras,

106 2199 266 2245 colores,
307 2197 550 2244 liniamenta,
587 2196 665 2234 vim
714 2197 812 2235 scire
859 2196 1031 2234 nativam
1080 2196 1177 2233 nihil
1225 2197 1368 2234 refert?
1445 2196 1505 2233 Ita

110 2251 320 2298 Christum,
362 2251 429 2301 qui
469 2251 584 2289 nobis
624 2251 785 2289 remedii
827 2258 875 2297 et,
912 2257 954 2288 ut
994 2249 1217 2300 Scripturae
1247 2250 1367 2287 verbo
1407 2257 1501 2295 utar,

109 2305 283 2343 salutaris
303 2305 388 2344 vice
417 2306 588 2343 donatus
618 2312 687 2351 est,
716 2312 871 2354 oportet
900 2304 976 2342 alio
1006 2305 1181 2353 quodam
1213 2304 1334 2341 modo
1364 2315 1505 2351 cogno-

110 2370 263 2397 scamus
292 2372 411 2409 quam
442 2359 628 2398 exhibent
650 2358 883 2397 scholastici.
944 2359 1059 2396 Haec
1090 2359 1251 2396 demum
1283 2356 1506 2396 Christiana

111 2412 281 2461 cognitio
310 2421 378 2460 est,
403 2413 499 2452 scire
530 2414 626 2463 quid
646 2414 707 2451 lex
737 2420 873 2463 poscat
890 2427 898 2460 3
936 2413 1043 2450 unde
1065 2411 1267 2450 faciendae
1288 2409 1382 2459 legis
1403 2409 1480 2446 vim
1501 2424 1507 2449 :

111 2467 216 2505 unde
245 2466 394 2516 peccati
429 2466 588 2516 gratiam
626 2475 759 2516 petas3
798 2467 1003 2515 quomodo
1033 2465 1297 2503 labascentem
1330 2463 1505 2501 animum
