1715 2780
212 111 287 159 528
535 106 759 152 CALVIN,
791 104 865 142 TO
898 103 992 141 HIS
1025 102 1279 140 ARRIVAL
1524 107 1603 146 270

210 215 351 252 d’estre
372 213 426 250 du
449 211 614 249 nombre
635 211 704 248 des
722 208 972 257 He‘retiques.
1018 207 1055 245 Si
1071 219 1167 244 vous
1185 205 1316 256 prions
1330 218 1406 255 que
1423 205 1443 242 a
1460 211 1544 242 tout
1559 216 1603 242 ce

211 280 289 317 que
305 267 443 305 dessus
457 278 553 304 vous
571 275 754 314 marquez
772 270 809 301 et
823 262 1018 300 entendez
1030 260 1313 310 diligemment‚
1329 266 1367 297 et
1380 271 1477 297 vous
1491 259 1604 297 Nous

210 323 309 360 ferez
330 319 487 367 service,
511 332 559 358 en
581 331 625 356 ce
646 316 796 362 faisant,
820 315 1104 366 tres—agreable.

239 407 327 450 No.
362 417 449 460 271.
515 404 739 449 Calvin's
776 402 979 457 prefaee
1017 404 1070 445 to
1107 401 1189 444 his
1221 400 1573 456 ‘Psychopan-

593 462 820 517 nychia',
848 462 1080 504 Autumn
1108 471 1229 514 1534.

268 578 273 585 .
289 577 296 584 .
313 573 320 582 .
336 545 541 595 Siquidem
558 542 723 593 legimus
737 541 948 580 Arabicos¹
966 540 1085 579 fuisse
1101 540 1296 590 quosdam
1314 537 1429 577 huius
1445 539 1603 588 dogma-

208 600 258 640 tis
278 607 457 639 autores:
488 597 555 648 qui
578 599 765 636 iactarent
784 595 958 634 animam
986 608 1075 633 cum
1103 606 1265 644 corpore
1294 606 1373 631 una
1401 592 1536 640 emori,
1564 591 1604 630 in

209 656 274 694 die
309 653 442 693 iudicii
473 659 684 701 utrumque
722 663 944 700 resurgere:
984 657 1023 688 et
1055 649 1258 698 aliquanto
1291 654 1379 697 post
1413 653 1601 696 tempore,

212 708 430 748 Ioannem²
452 706 682 757 episcopum
714 707 955 751 Romanum,
978 715 1097 752 quem
1127 703 1271 741 Schola
1298 700 1526 739 Parisiensis
1552 700 1602 738 ad

210 761 451 814 palinodiam
475 760 660 810 adegerit.
718 761 866 797 Verum
897 756 1062 796 saeculis
1090 756 1241 806 aliquot
1266 754 1450 805 sopitum,
1478 767 1603 804 nuper

210 831 278 867 per
297 816 446 866 aliquot
467 829 514 854 ex
527 813 876 863 Anabaptistarum
893 813 1002 850 faece
1019 810 1239 856 excitatum,
1257 809 1445 848 scintillas
1461 807 1600 847 emisit.

212 873 302 909 Hae
323 883 414 908 vero
438 871 554 918 longe
581 869 738 917 lateque
762 873 1004 916 pervagatae,
1028 866 1147 903 iustas
1178 865 1282 902 faces
1310 863 1602 901 accenderunt:

211 938 312 975 quae
332 924 483 962 utinam
504 921 635 972 pluvia
663 921 728 959 illa
747 920 977 966 voluntaria,
1000 932 1119 969 quarn
1144 918 1342 956 Dominus
1372 915 1603 955 haereditati

208 992 301 1017 suae
322 976 544 1027 segregavit,
564 975 691 1026 primo
712 987 872 1024 quoque
893 975 957 1012 die
977 973 1281 1023 exstinguantur.
1323 973 1450 1021 Agam
1470 977 1601 1008 autern

209 1034 303 1070 citra
338 1031 454 1070 ullius
489 1030 636 1077 odium,
679 1030 774 1067 citra
808 1027 996 1078 privatam
1035 1026 1267 1076 cuiusquam
1307 1025 1602 1072 contumeliam,

208 1086 381 1136 denique
415 1085 510 1123 citra
542 1082 792 1122 conviciandi
821 1083 1112 1132 procacitatem,
1138 1088 1180 1118 ut
1211 1079 1293 1118 iure
1330 1080 1460 1117 nullus
1493 1079 1602 1128 queri

208 1141 352 1180 debeat
391 1152 431 1178 se
470 1140 619 1176 laesum
654 1145 721 1175 aut
758 1135 892 1175 leviter
934 1135 1051 1174 etiam
1085 1135 1279 1173 offensum
1315 1146 1410 1172 esse.
1471 1133 1603 1181 Quan-

209 1208 327 1244 quam
350 1200 526 1243 spectare
547 1191 667 1230 hodie
687 1190 840 1240 aliquos
870 1189 971 1236 licet,
996 1190 1133 1227 insana
1159 1188 1358 1238 carpendi,
1380 1185 1600 1233 mordendi,

209 1248 417 1298 sugillandi
447 1246 611 1285 libidine
640 1252 875 1291 aestuanteS‚
902 1256 1001 1293 quos
1032 1242 1062 1280 si
1093 1255 1249 1280 summo
1276 1240 1400 1291 digito
1422 1239 1600 1289 attingas,

209 1302 390 1341 flebiliter
409 1302 616 1351 deplorant
644 1298 769 1337 scindi
794 1299 985 1336 unitatem
1013 1295 1212 1342 ecclesiae,
1235 1294 1368 1334 violari
1389 1293 1599 1332 caritatem.

210 1356 286 1394 His
317 1368 549 1405 responsum
580 1353 639 1401 sit,
671 1354 852 1403 primum,
883 1352 1031 1389 nullam
1067 1363 1138 1388 nos
1166 1361 1378 1400 agnoscere
1412 1348 1602 1386 unitatem

209 1409 283 1448 nisi
304 1409 344 1447 in
365 1407 523 1448 Christo
542 1422 549 1446 ι
582 1408 729 1445 nullam
757 1405 969 1451 caritatem,
990 1403 1064 1442 nisi
1085 1404 1195 1442 cuius
1216 1404 1298 1452 ipse
1319 1402 1368 1440 sit
1388 1401 1599 1440 vinculum.

211 1465 308 1502 Esse
343 1475 434 1512 ergo
468 1462 545 1499 hoc
578 1468 696 1510 caput
731 1459 1025 1498 conservandae
1058 1456 1238 1504 caritatis,
1278 1463 1320 1494 ut
1351 1456 1448 1494 fides
1486 1454 1602 1493 nobis

209 1525 345 1556 sancta
364 1524 482 1565 atque
503 1516 650 1564 integra
672 1513 856 1552 maneat.8
897 1512 1054 1551 Deinde
1076 1512 1181 1549 nulla
1201 1509 1368 1549 caritatis
1385 1508 1603 1548 offensione

210 1573 311 1609 hanc
332 1570 640 1620 disputationem
667 1566 825 1617 transigi
855 1579 996 1617 posse:
1028 1566 1149 1604 modo
1173 1565 1268 1603 tales
1295 1576 1406 1602 aures
1427 1564 1599 1609 afferant,

209 1626 366 1675 qualem
389 1636 461 1674 ego
482 1624 655 1672 linguam
675 1623 810 1660 afferre
831 1621 957 1659 statui.
982 1650 988 1657 .
1015 1651 1021 1658 .
1046 1650 1052 1657 .

325 1710 414 1753 No.
441 1720 538 1763 272.
582 1709 690 1752 The
721 1708 961 1750 Placards
987 1706 1194 1760 against
1220 1705 1306 1748 the
1332 1705 1488 1754 MaSS‚

704 1767 830 1819 17—18
857 1765 964 1809 Oct.
989 1775 1110 1817 1534.

264 1850 473 1899 J'invoque
494 1851 530 1887 le
550 1849 625 1887 ciel
647 1856 684 1887 et
706 1849 742 1886 la
763 1855 861 1885 terre
881 1860 929 1885 en
951 1846 1219 1894 tesmoignage
1245 1844 1295 1882 de
1315 1843 1445 1889 verite,
1468 1849 1604 1880 contre

210 1912 316 1942 ceste
345 1915 564 1953 pompeuse
595 1910 632 1941 et
662 1902 921 1952 orgueilleuse
944 1901 1077 1938 Messe
1099 1899 1253 1948 Papale‚
1275 1910 1344 1947 par
1372 1896 1540 1946 laquelle
1568 1896 1604 1933 le

211 1958 359 1995 monde
390 1956 437 2006 (si
466 1958 568 1994 Dieu
595 1956 688 1994 bien
712 1963 790 1993 tost
817 1956 878 2004 n'y
900 1952 1089 2003 remedie)
1113 1959 1171 1990 est
1200 1958 1238 1990 et
1262 1963 1347 1989 sera
1373 1950 1603 1988 totalement

210 2010 357 2055 desole,
376 2009 497 2057 ruine,
517 2010 640 2059 perdu
661 2017 698 2047 et
714 2008 875 2057 abysme'}
892 2024 898 2047 :
926 2008 1060 2057 quand
1077 2019 1126 2045 en
1142 2006 1253 2044 icelle
1269 2011 1400 2042 nostre
1416 2003 1604 2052 Seigneur

210 2073 267 2102 est
285 2065 315 2102 si
332 2070 676 2114 outrageusement
694 2062 937 2111 blaspheme,
952 2068 989 2098 et
1003 2062 1038 2098 le
1058 2060 1202 2109 peuple
1222 2056 1351 2096 seduit
1371 2065 1410 2095 et
1429 2056 1601 2106 aveugle,

210 2131 255 2157 ce
277 2131 353 2167 que
374 2119 461 2168 plus
482 2130 535 2155 on
556 2130 604 2155 ne
625 2116 709 2155 doit
730 2114 881 2154 souffrir
901 2114 941 2152 ni
961 2115 1139 2153 endurer.
1199 2111 1303 2149 Mais
1318 2111 1398 2149 afin
1417 2123 1494 2160 que
1514 2110 1602 2159 plus

209 2172 401 2210 aisement
421 2172 457 2209 le
481 2184 545 2209 cas
566 2171 641 2209 soit
667 2170 759 2208 d'un
780 2169 932 2207 chacun
954 2167 1141 2213 entendu‚
1165 2165 1189 2203 il
1209 2165 1394 2204 convient
1414 2164 1602 2214 procedet

210 2239 278 2276 par
297 2226 460 2264 articles.

256 2303 262 2321 ¹
289 2304 365 2334 Eus.
383 2303 430 2333 H.
448 2303 491 2334 E.
510 2303 551 2333 vi.
594 2309 622 2333 *u

255 2347 266 2365 ²
290 2347 381 2387 Pope
397 2346 483 2387 John
501 2312 618 2385 ΧΧῨῘ,
638 2344 822 2384 1316—†34.
871 2343 922 2375 Cf.
938 2343 990 2383 Jo.
1004 2343 1140 2381 Gerson,
1160 2342 1273 2372 Sermo
1288 2341 1299 2371 i
1316 2339 1446 2381 infessa
1460 2339 1601 2370 Paschae

213 2392 347 2431 (Opera,
362 2390 405 2422 iv.
424 2399 483 2430 491
505 2389 548 2427 D,
565 2389 614 2421 ed.
632 2388 775 2426 Parisiis,
796 2386 905 2426 1606).

254 2433 266 2452 ³
291 2433 363 2463 The
388 2433 487 2464 dread
514 2432 552 2463 of
578 2432 809 2473 Anabaptism,
838 2429 902 2461 and
928 2429 983 2460 the
1011 2428 1169 2470 difficulty
1196 2427 1233 2458 os
1259 2427 1407 2467 seeuring
1431 2426 1539 2468 purity
1567 2425 1603 2456 of

211 2476 358 2508 doctrine
375 2476 513 2507 without
530 2476 661 2513 schism,
678 2486 730 2507 are
748 2473 992 2506 characteristic.
