1715 2780
115 115 164 154 73
286 104 404 142 THE
437 103 669 142 MISSION
702 103 773 141 OF
804 102 1155 148 CAMPEGGIQ
1195 114 1347 151 1523-4
1443 113 1513 147 149

115 216 265 249 servata
285 210 410 247 forma
431 208 590 258 capituli
613 208 725 258 primi
748 209 811 245 De
826 208 1020 245 haereticis
1042 207 1080 245 in
1102 208 1229 255 Sexto,
1253 220 1361 245 reum
1386 206 1515 245 curiae

115 263 303 304 saeculari
333 262 554 314 relinquere
573 264 634 301 vel
663 263 714 301 ad
745 262 923 312 perpetui
953 262 1118 301 carceris
1148 275 1377 301 aerumnam
1409 262 1515 299 dam-

116 331 218 358 nare.
296 316 547 368 Negligentia
598 323 731 356 autem
786 315 1085 356 Ordinariorum
1137 317 1188 355 ad
1243 317 1515 366 Apostolicam

117 374 262 412 Sedem
291 373 476 418 deducta,
499 370 649 410 iudices
680 370 935 409 ecclesiastici
965 371 1016 409 ab
1046 384 1092 409 ea
1122 371 1420 420 deputabuntur
1449 370 1515 420 qui

115 426 332 466 constituto
361 427 413 465 de
442 425 742 465 Ordinariorum
773 424 1011 475 negligentia
1040 427 1091 463 ad
1121 438 1256 474 preces
1288 426 1516 475 Principum

115 480 363 531 aliorumque
384 481 642 519 saecularium
671 492 757 519 reos
786 479 955 518 maxime
976 480 1184 518 haereseos
1208 479 1354 518 meritis
1377 479 1516 530 poenis

115 535 298 574 afficient.

122 616 123 619 =
173 601 231 639 27.
265 589 387 638 Quod
416 588 495 627 iam
525 587 800 638 episcoporum
834 589 996 637 quidam
1018 596 1060 627 ut
1080 588 1306 639 accepimus
1328 590 1378 628 de
1401 589 1517 627 bene-

118 643 296 683 ficiorum
323 641 581 693 pensionibus
608 651 727 692 atque
754 642 942 681 absentiis
970 642 1126 692 exigant
1146 642 1332 690 decimas,
1356 657 1446 682 cum
1469 642 1516 681 sit

117 698 156 738 id
177 699 416 737 contrarium
436 696 509 735 iuri
530 698 727 747 longeque
747 705 917 747 praestet
939 698 1041 735 male
1063 698 1247 736 inductos
1269 711 1363 736 usus
1385 698 1516 736 delere

116 766 235 803 quarn
274 751 504 791 inusitatum
539 750 636 801 quid
669 750 888 799 admittere,
925 751 1072 790 idcirco
1106 753 1281 790 decimas
1320 752 1516 791 eiusmodi

118 806 278 846 ulterius
308 806 409 857 exigi
439 807 617 856 solvique
647 805 930 852 interdicimus,
964 819 1159 856 usumque
1190 807 1308 845 talem
1339 806 1518 856 qualiter-

117 875 273 912 cunque
294 869 494 911 receptum
516 868 716 899 cassantes
737 869 1015 910 cassatumque
1036 874 1121 899 esse
1142 869 1362 899 censentes.

173 918 232 954 28.
266 918 449 965 Itemque
480 915 750 965 improbamus
782 922 819 952 et
847 923 887 953 ut
913 915 1108 953 absonum
1137 928 1294 964 prorsus
1321 915 1518 953 reiicimus

116 970 166 1008 ab
201 970 396 1020 episcopis
432 970 583 1008 medios
618 968 715 1019 exigi
756 970 903 1007 fructus
943 970 993 1007 cle
1032 969 1235 1008 beneficiis
1267 983 1369 1019 quae
1402 969 1528 1007 unius

117 1024 391 1063 sustentationi
406 1023 467 1061 vix
489 1023 685 1061 sufficiunt
703 1039 708 1060 :
741 1032 781 1061 ut
803 1032 892 1062 sunt
915 1037 1015 1073 quae
1037 1037 1117 1062 non
1135 1025 1331 1062 excedunt
1345 1026 1516 1062 valorem

116 1078 273 1128 triginta
310 1079 479 1116 duorum
521 1077 794 1116 Rbenensium
829 1079 878 1115 de
918 1078 1062 1127 quibus
1101 1078 1139 1115 in
1182 1080 1366 1117 Roma-na
1399 1079 1517 1118 Curia

118 1132 237 1172 medii
258 1134 405 1171 fructus
426 1145 507 1170 non
528 1131 744 1182 exiguntur.
768 1163 774 1169 .
798 1163 803 1169 .
830 1163 835 1169 .

174 1201 233 1237 29.
266 1187 478 1227 Caeterum
518 1200 597 1235 quo
638 1185 760 1224 maior
797 1187 860 1224 fiat
895 1186 1125 1224 coniunctio
1166 1188 1355 1236 firmaque
1396 1188 1518 1236 magis

117 1242 217 1281 inter
236 1241 495 1292 provinciales
517 1240 734 1279 stabiliatur
763 1240 978 1279 concordia
1009 1240 1129 1279 totius
1159 1240 1398 1288 Provinciae,
1422 1243 1518 1279 anti-

118 1309 240 1346 quum
277 1309 426 1334 morem
463 1296 710 1345 Synodorum
753 1295 998 1342 innovantes,
1034 1294 1241 1333 statuimus
1282 1304 1322 1333 ut
1362 1295 1517 1346 singulo

119 1350 285 1389 triennio
306 1358 395 1400 post
416 1351 568 1388 Pascha
590 1348 834 1388 Provinciale
857 1349 1082 1389 Concilium
1104 1350 1333 1388 celebretur.

173 1419 234 1454 30.
265 1405 331 1443 Ad
366 1406 464 1442 haec
497 1417 588 1442 cum
622 1404 815 1442 beneficia
847 1411 1005 1454 propter
1044 1404 1182 1451 officia,
1216 1404 1323 1443 iuxta
1362 1411 1514 1454 patrum

119 1458 352 1507 sanctiones,
384 1459 466 1497 dari
496 1460 783 1506 consueverint,
818 1458 979 1508 fierique
1009 1458 1070 1496 vix
1100 1458 1224 1508 possit
1254 1466 1306 1505 ut,
1340 1458 1380 1496 in
1409 1466 1516 1496 tanta

119 1513 474 1563 praebendatorum
497 1521 650 1552 caterva
671 1525 751 1551 non
773 1513 986 1563 reperiatur
1006 1512 1073 1563 qui
1095 1512 1211 1552 officii
1233 1512 1380 1558 oblitus
1402 1514 1516 1551 horas

118 1569 286 1618 negligat
316 1568 552 1606 canonicas:
590 1568 683 1605 hinc
714 1574 929 1606 statuentes
950 1569 1132 1606 volumus
1160 1575 1197 1606 et
1222 1569 1451 1606 ordinamus
1476 1575 1515 1605 ut

118 1623 294 1661 locorum
316 1621 525 1670 Ordinarii,
544 1634 613 1672 per
632 1623 932 1660 archidiaconos
954 1629 992 1660 et
1012 1623 1198 1669 decanos,
1217 1623 1267 1660 de
1288 1621 1516 1659 huiusmodi

117 1675 386 1715 sacerdotibus
399 1675 688 1726 negligentibus
702 1689 787 1714 sese
800 1675 1208 1726 diligenteredoceant
1222 1691 1228 1721 3
1249 1684 1285 1714 et
1295 1676 1515 1714 secundum

118 1729 426 1780 uniuscuiusque
455 1730 732 1780 negligentiam
763 1738 882 1780 atque
912 1730 1105 1768 desidiam
1137 1731 1284 1768 fructus
1311 1737 1516 1780 perceptos

118 1785 178 1823 vel
217 1785 256 1823 in
295 1784 501 1824 utilitatem
541 1784 731 1824 ecclesiae
769 1786 831 1823 vel
870 1786 909 1822 in
942 1798 1056 1822 usum
1096 1798 1313 1835 pauperum
1353 1792 1515 1823 vertant.

120 1839 241 1888 Quod
280 1838 322 1887 si,
361 1846 451 1889 post
490 1840 682 1888 legitimas
720 1838 959 1878 monitiones
1001 1846 1038 1877 et
1076 1840 1192 1877 simul
1231 1840 1397 1889 primam
1437 1852 1517 1877 cor-

119 1894 344 1941 rectionem,
377 1894 416 1931 in
445 1894 614 1932 eandem
645 1892 923 1944 negligentiam
954 1923 962 1932 .
994 1923 1000 1931 .
1034 1924 1039 1931 .
1071 1893 1157 1943 quis
1193 1893 1399 1941 relabatur,
1432 1901 1514 1931 tum

121 1946 315 1987 beneficio
336 1949 453 1986 etiarn
475 1947 742 1986 ecclesiastico
763 1947 944 1998 privetur.
969 1978 974 1985 .
998 1978 1003 1986 .
1028 1978 1035 1986 .

175 2015 234 2051 31.
267 2001 520 2041 Sanctionem
548 2009 713 2051 patrum,
736 2015 814 2052 qua
841 2003 1106 2041 ecclesiastica
1126 2004 1325 2052 sepultura
1346 2002 1516 2052 privatur

120 2055 296 2106 quisquis
342 2069 423 2094 non
461 2057 663 2095 confessus
703 2070 776 2095 nec
817 2056 1087 2096 Eucharistiae
1125 2058 1298 2106 paschali
1338 2064 1515 2106 tempore

121 2111 442 2149 communionem
474 2110 694 2161 sumpserit,
716 2110 992 2149 inviolabiliter
1021 2112 1309 2149 observandam
1335 2124 1420 2148 essc
1444 2117 1515 2147 sta-

122 2163 291 2212 tuimus;
329 2178 384 2212 ac,
419 2164 484 2203 ubi
519 2178 638 2214 quem
673 2166 879 2215 contigerit
914 2165 1117 2216 inopinata
1150 2174 1274 2204 morte
1313 2164 1423 2203 obire
1463 2164 1515 2201 in-

121 2219 356 2266 confessum,
374 2220 573 2268 sepultura
592 2220 764 2268 praefata
783 2220 891 2257 illum
913 2233 1043 2258 carere
1064 2233 1143 2257 non
1162 2221 1342 2257 volumus
1355 2234 1364 2266 3
1394 2219 1515 2256 modo

122 2271 240 2321 ipsius
270 2281 404 2311 curato
434 2280 599 2320 constet,
622 2274 683 2311 vel
713 2274 901 2312 doceatur
929 2273 994 2321 illi,
1027 2275 1154 2324 ipsum
1186 2274 1406 2312 secundum
1438 2274 1511 2309 iam

122 2324 266 2364 dictam
297 2328 542 2366 sanctionem
574 2328 798 2366 confessum
830 2341 915 2366 esse
945 2336 982 2366 et
1014 2330 1130 2366 simul
1160 2328 1510 2372 communicatum,

120 2378 305 2430 aliudque
326 2394 406 2419 non
426 2381 555 2420 obstet
577 2381 812 2420 canonicum
834 2382 1176 2432 impedimentum.

176 2446 236 2483 32.
267 2435 331 2473 Ad
361 2436 575 2475 tollendam
604 2437 863 2474 execrabilem
892 2434 1319 2487 blasphemiaindivini
1343 2433 1514 2471 nominis

121 2493 239 2536 atque
268 2488 459 2535 divorum,
482 2502 582 2538 quos
609 2497 783 2528 temnere
804 2491 860 2527 fas
883 2503 962 2528 non
983 2498 1052 2536 est,
1076 2491 1282 2527 statuimus
1303 2496 1341 2526 et
1363 2487 1514 2526 ordina-
