1715 2780
105 98 183 138 109
311 88 607 129 CATHOLIC
638 89 758 127 AND
791 89 1176 134 PROTESTANT‚
1213 101 1312 139 1529
1426 102 1500 140 253

104 201 195 240 ergo
229 204 310 230 non
340 193 380 229 in
410 193 532 241 pane'
563 191 617 230 ibi
649 193 844 230 Lutherus
880 192 1040 230 nolebat
1075 193 1212 232 audire
1241 195 1292 232 de
1323 194 1411 231 loco
1441 196 1500 232 vel

104 244 324 293 localitate,·
352 245 511 284 dicebat
544 246 586 283 ‘I
619 245 692 283 will
722 253 792 283 not
822 246 921 284 have
952 247 1142 297 anything
1172 255 1212 285 to
1242 249 1296 286 do
1327 249 1416 285 with
1448 247 1499 286 it:

104 300 122 338 I
144 295 220 338 will
239 306 310 337 not
326 302 332 336 ἔ
348 300 356 315 ’

157 353 358 403 Zuinglius
376 369 382 391 :
415 356 423 372 ‘
439 354 549 391 Must
571 367 625 391 we
646 354 740 392 then
763 355 862 392 have
880 355 960 403 just
982 355 1083 392 what
1105 369 1181 404 you
1204 356 1277 393 will
1292 357 1331 393 ?‘

158 409 296 447 Coena
316 407 499 453 instabat,
522 415 561 445 et
582 407 740 446 diremit
761 415 972 446 certamen.

158 460 381 510 Zuinglius:
414 461 592 511 ‘Corpus
613 461 759 500 Christi
782 461 949 509 finitum,
973 475 1064 512 ergo
1086 463 1123 500 in
1148 464 1261 502 loco.’

159 515 354 553 Lutherus
372 529 378 552 :
410 516 527 553 ‘Non
553 522 611 553 est
632 514 673 552 in
692 517 793 562 loco,
815 517 977 565 quando
998 516 1038 554 in
1059 515 1314 556 Sacramento
1334 534 1340 557 :
1372 526 1499 568 potest

105 582 190 608 esse
210 570 251 606 in
270 569 358 607 loco
379 576 417 606 et
438 582 519 607 non
541 568 580 607 in
601 570 701 608 loco.
753 571 863 608 Deus
884 578 1014 620 potest
1035 583 1177 621 corpus
1199 585 1331 610 meum
1354 586 1501 622 ponere

104 630 147 661 ut
166 635 248 661 non
273 623 323 660 sit
348 622 388 660 in
413 624 512 661 loco.
571 624 675 660 Nam
706 631 744 661 et
773 623 981 672 Sophistae
1010 624 1159 671 dicunt,
1189 627 1327 664 Unum
1358 639 1500 676 corpus

104 689 220 726 posse
243 689 328 715 esse
356 677 395 714 in
423 675 585 715 diversis
616 676 722 724 locis,
746 678 855 727 quod
886 691 965 715 non
998 679 1204 727 improbo.’
1264 682 1499 730 Exemplum

107 734 115 750 ‘
130 731 309 768 Mundus
330 737 388 768 est
406 743 561 780 corpus,
584 743 665 768 non
687 738 819 769 tamen
841 732 881 768 in
902 733 1015 769 loco.'

158 783 384 833 Zuinglius:
417 783 582 834 ‘Arguis
606 797 629 822 a
653 798 767 834 posse
794 786 845 823 ad
873 785 1014 824 inesse.
1075 787 1202 825 Proba
1222 789 1331 837 quod
1359 801 1501 837 corpus

106 837 249 877 Christi
270 837 393 888 possit
414 850 499 876 esse
520 837 636 876 simul
657 838 697 876 in
721 838 883 877 diversis
904 839 1024 878 locis.'

159 892 354 930 Lutherus
372 907 378 929 :
409 894 417 910 ‘
432 893 526 930 Hoc
546 899 604 930 est
625 905 767 942 corpus
789 892 946 931 meum.’

160 944 361 995 Zuinglius
385 958 431 983 ex
456 947 665 995 Fulgentio
689 946 781 996 legit
806 948 915 996 quod
937 947 1117 987 Christus
1145 948 1194 986 sit
1219 950 1258 986 in
1285 962 1366 988 uno
1391 951 1501 988 loco:

106 999 281 1037 Luthero
307 999 443 1037 obiicit
471 1001 580 1049 quod
610 999 817 1050 scripserit,
842 1004 850 1020 ‘
867 1002 998 1040 There
1025 1002 1055 1040 is
1083 1004 1150 1041 the
1175 1004 1302 1041 whole
1328 1004 1435 1052 body
1463 1005 1506 1041 os

106 1052 262 1091 Christ)
320 1054 382 1099 Et,
407 1052 462 1091 ‘si
484 1052 668 1091 divinitas
694 1067 774 1092 non
804 1062 862 1092 est
889 1068 1004 1104 passa
1025 1056 1064 1093 in
1086 1056 1257 1103 Christo,
1281 1070 1362 1095 non
1391 1070 1501 1095 meus

105 1113 207 1144 esset
227 1107 432 1145 Christus.’

159 1161 381 1198 Lutherus:
415 1161 666 1210 ‘Fulgentius
697 1175 775 1199 non
805 1163 856 1199 de
886 1164 1024 1201 Coena
1055 1164 1227 1213 loquitur
1262 1165 1332 1202 sed
1366 1172 1503 1202 contra

106 1213 378 1252 Manichaeos.
437 1214 687 1264 Fulgentium
735 1215 899 1253 adducit
937 1218 987 1255 de
1032 1218 1168 1255 Coena
1219 1218 1394 1263 Domini,
1435 1218 1499 1256 ubi

105 1267 328 1305 Oblationis
348 1267 499 1306 mentio
520 1269 586 1306 fit.’

159 1320 360 1370 Zuinglius
380 1335 386 1358 :
418 1324 426 1340 ‘
440 1322 622 1368 offertur‚⁷
639 1322 679 1360 id
701 1330 770 1369 est,
790 1323 1004 1361 ‘memoria
1023 1324 1244 1362 celebratur
1264 1325 1502 1363 oblationis:

161 1373 223 1412 Ibi
254 1376 449 1413 Lutherus
479 1375 713 1413 sacrificium
744 1378 897 1414 vocavit
925 1377 964 1414 in
991 1378 1171 1423 dubium,
1194 1392 1244 1416 ne
1271 1380 1428 1418 cederet
1453 1379 1502 1417 de

107 1429 321 1467 sententia:
343 1430 451 1478 quod
473 1442 563 1467 cum
585 1429 786 1479 Zuinglius
806 1430 839 1468 ei
862 1430 1083 1478 obiecisset,
1101 1431 1251 1470 dictum
1275 1432 1482 1471 revocavit.

161 1483 356 1520 Lutherus
382 1495 535 1520 rursum
562 1496 704 1532 corpus
732 1483 877 1522 Christi
906 1484 945 1522 in
974 1486 1106 1523 multis
1133 1486 1230 1524 locis
1255 1499 1340 1524 esse
1362 1487 1501 1536 probat

107 1548 174 1585 per
196 1539 204 1554 ‘
222 1537 314 1574 Hoc
335 1544 393 1574 est
414 1549 555 1586 corpus
580 1550 712 1575 meum
729 1540 747 1574 '.

161 1588 360 1639 Zuinglius
380 1603 468 1628 eum
492 1590 607 1640 cepit.

162 1643 356 1681 Lutherus
385 1643 581 1682 revocavit
610 1644 785 1683 dictum:
822 1646 936 1684 ‘God
970 1654 1081 1695 grant
1112 1648 1161 1684 he
1192 1647 1241 1685 be
1272 1649 1311 1684 in
1342 1648 1429 1685 loco
1459 1661 1501 1685 or

107 1702 186 1743 not,
218 1698 307 1735 Deo
341 1697 611 1735 committam:
648 1699 724 1736 hoc
755 1698 850 1736 mihi
886 1699 977 1737 satis
1008 1707 1076 1746 est,
1112 1702 1243 1737 “Hoc
1274 1708 1331 1738 est
1360 1714 1501 1750 corpus

108 1751 274 1787 meum.”
293 1751 300 1766 '

159 1803 383 1853 Zuinglius:
415 1804 618 1843 ‘Subinde
657 1805 787 1855 petitis
826 1805 1085 1856 principium:
1136 1807 1190 1845 sic
1229 1807 1501 1846 contentiosus

107 1863 237 1905 posset
257 1857 399 1904 dicere,
423 1858 644 1897 Iohannem
678 1858 828 1897 Mariae
855 1859 973 1898 fuisse
1000 1859 1136 1898 filium.
1194 1861 1297 1899 Nam
1322 1862 1501 1901 Christus

107 1909 201 1947 dixit
229 1912 372 1949 “Ecce
398 1910 500 1949 filius
525 1913 658 1958 tuus'’‚
690 1926 844 1962 semper
876 1913 1115 1953 inculcando
1139 1917 1160 1933 “
1177 1914 1358 1954 Christus
1393 1914 1500 1960 dixit,

109 1964 212 2001 Ecce
232 1963 333 2002 filius
353 1971 455 2012 tuus,
477 1978 571 2003 ecce
591 1965 693 2003 filius
715 1968 860 2004 tuus.'’'

161 2017 378 2056 Lutherus:
407 2020 527 2057 ‘Non
562 2021 732 2069 petimus
767 2019 1029 2070 principium:
1061 2035 1153 2059 nam
1188 2023 1374 2060 articulus
1411 2022 1499 2060 fidei

108 2082 187 2107 non
209 2070 394 2120 probatur
413 2085 483 2121 per
502 2072 735 2111 articulum)

160 2124 384 2174 Zuinglius:
417 2126 659 2176 ‘Scripturae
688 2128 964 2173 conferendae,
997 2136 1035 2165 et
1065 2142 1133 2178 per
1160 2142 1201 2167 se
1229 2129 1498 2167 excutiendae.

110 2175 237 2215 Dicite
255 2190 305 2216 an
325 2191 466 2228 corpus
487 2179 535 2217 sit
556 2179 596 2218 in
615 2181 728 2218 loco.'

161 2230 342 2269 Brentius
361 2247 367 2269 z
399 2235 408 2251 ‘
426 2234 497 2270 Est
517 2233 602 2271 sine
622 2235 736 2272 loco)

161 2283 382 2334 Zuinglius:
414 2288 422 2304 ‘
437 2287 681 2336 Augustinus
702 2287 809 2333 dicit,
833 2287 870 2324 in
894 2301 975 2325 uno
996 2290 1084 2326 loco
1106 2301 1192 2327 esse
1213 2291 1393 2338 oportet)

162 2337 378 2376 Lutherus:
411 2342 419 2357 ⁴
437 2340 680 2390 Augustinus
703 2354 782 2379 non
804 2342 854 2379 de
876 2342 1014 2380 Coena
1035 2342 1233 2392 loquitur.’

162 2390 354 2429 Lutherus
393 2394 554 2431 tandem
593 2394 777 2433 concedit
816 2395 926 2443 quod
966 2408 1046 2432 non
1086 2395 1135 2433 sit
1170 2395 1209 2432 in
1244 2398 1500 2433 Sacramento

108 2447 293 2491 tanquam
324 2445 361 2481 in
392 2446 493 2484 loco.
