1715 2780
173 68 246 104 118
561 64 785 102 ADRIAN
816 64 874 102 VI
909 63 1026 101 AND
1055 64 1176 101 THE
1518 63 1566 101 61

171 170 315 222 quibus
336 169 582 221 perdiutinae
604 198 611 207 .
635 198 642 207 .
667 199 672 206 .
694 167 993 207 consuetudinis
1007 166 1249 218 privilegium
1271 173 1329 207 est
1349 174 1392 206 ut
1412 173 1564 206 tantum

201 254 208 262 .
231 256 238 263 .
264 224 430 263 Nobiles
459 223 655 275 acceptari
678 253 684 260 .
707 253 714 261 .
739 253 745 260 .
771 223 966 262 debeant:
1006 229 1181 260 attamen
1207 252 1213 259 .
1235 250 1243 259 .
1266 250 1274 258 .
1299 223 1374 261 hae
1402 234 1565 260 consue-

171 279 329 318 tudines
360 310 367 317 .
399 308 406 316 .
438 308 444 315 .
477 291 729 328 nequaquam
762 284 956 323 curantur,
992 278 1062 315 sed
1095 289 1117 315 e
1153 275 1311 327 regione
1344 275 1469 326 agitur
1497 288 1567 326 per

171 333 415 380 Curtisanos,
425 334 475 372 ad
489 332 633 371 liberae
642 331 844 371 electionis
858 330 1151 381 episcoporum.
1166 361 1173 368 .
1189 360 1197 368 .
1213 329 1562 381 praepeditionem,

172 396 214 426 ut
254 387 503 426 coadiutores
542 386 690 436 alioqui
728 393 864 424 contra
903 383 1189 435 Capitularium
1228 386 1472 423 voluntatem
1493 414 1501 422 .
1525 414 1533 422 .
1557 413 1566 423 .

171 441 398 481 efficiantur
455 443 542 479 Nec
571 454 656 479 raro
684 439 912 486 Curtisanis,
935 438 1026 477 licet
1054 437 1224 477 indoctis
1252 446 1290 477 et
1313 437 1566 489 ignobilibus,

173 503 358 547 parantur
381 497 431 534 ad
461 496 717 534 canonicatus
748 494 1024 532 huiuscemodi
1048 505 1241 540 accessus,
1269 506 1350 531 non
1379 491 1567 531 obstanti-

173 552 275 589 bus.
330 549 566 600 .privilegiis
594 548 866 599 praescriptis,
895 547 948 585 ita
977 548 1086 607 qupd
1116 546 1329 585 Nobilibus
1359 545 1567 585 Germanis

173 579 365 643 beneficia
396 604 715 642 subtrahantur..
767 603 911 651 ‚Quae
945 615 1004 640 res
1035 601 1147 652 ipsa.
1202 600 1444 640 .Nobilibus
1474 601 1567 640 Ger-

173 659 356 697 maniae.
409 658 477 696 .in
498 671 684 708 magnum
706 633 839 696 cedit.
894 655 1193 706 .gravaminum
1172 630 1430 694 ..cumulum

230 715 290 750 26.
321 744 327 751 .
383 714 472 750 Ea
492 720 650 762 propter
670 718 806 761 rogant
827 712 862 749 S.
883 687 930 747 R.
923 687 980 748 eL
1002 711 1161 748 Status.
1213 722 1567 760 ‚unumquemque

173 781 263 806 cum
285 767 364 805 suis
385 766 593 817 privilegiis
615 766 924 805 defendendum.
947 793 955 802 .
978 795 985 803 .
1010 794 1017 802 .

230 834 290 870 27.
320 823 384 860 De
421 822 604 859 Annalis.
674 821 878 868 Quantum
917 819 968 857 ad
1008 825 1171 856 annatas
1194 847 1201 854 .
1223 849 1230 856 .
1251 848 1257 855 .
1279 817 1429 865 attinet,
1471 830 1568 867 quas

204 875 429 914 ..Praelati
470 876 655 913 Romano
694 872 877 912 Pontifici
916 872 1127 922 quotannis
1167 873 1356 923 pendunt,
1393 884 1570 921 quasque

174 938 265 969 ante
286 930 435 979 aliquot
456 942 581 967 annos
604 927 791 967 Germani
812 926 1013 976 Principes
1036 926 1126 965 Sedi
1151 928 1335 965 Romano
1355 926 1429 964 sub
1454 925 1567 964 certis

176 998 300 1034 usque
330 997 523 1022 annorum
556 984 679 1030 metis,
713 996 760 1021 eo
797 990 929 1020 tamen
969 982 1091 1019 modo
1123 982 1445 1030 persolverentur,
1480 993 1572 1018 con-

175 1046 379 1077 senserunt
401 1051 480 1087 quo
501 1036 669 1087 pecunia
690 1038 787 1075 haec
807 1037 858 1074 ad
879 1034 975 1073 nibil
995 1034 1103 1073 aliud
1124 1048 1243 1084 quam
1264 1041 1401 1072 contra
1420 1035 1569 1072 Turcas

175 1094 389 1142 parandam
424 1091 709 1136 defensionem,
751 1092 905 1128 Romae
944 1096 1133 1149 tanquam
1173 1088 1365 1139 deposita,
1405 1087 1571 1126 fideliter

175 1148 455 1185 adservaretur.
514 1147 674 1192 Verum,
706 1158 797 1183 cum
827 1143 949 1182 anni.
1003 1143 1110 1181 .iam
1140 1144 1235 1181 olim
1265 1141 1491 1189 effluxerint,
1524 1155 1569 1180 ac

176 1208 339 1239 annatas
380 1202 574 1251 depensas
613 1213 694 1238 non
733 1206 869 1237 contra
907 1173 1057 1236 Turcas
1097 1199 1166 1236 sed
1208 1196 1286 1235 alio
1331 1195 1570 1246 experientia

178 1255 366 1294 Germani
397 1254 598 1304 Principes
629 1252 837 1292 didicerint
867 1265 1019 1291 versas:
1059 1265 1105 1290 ea
1129 1259 1287 1301 propter
1312 1280 1319 1287 .
1350 1280 1357 1287 .
1389 1279 1396 1287 .
1427 1249 1571 1300 suppli-

176 1317 284 1347 catur
314 1309 354 1347 id
384 1310 492 1358 quod
523 1308 561 1345 in
592 1307 848 1357 responsione
877 1307 1046 1356 generali
1075 1305 1229 1344 Oratori
1251 1304 1459 1343 Pontificio
1480 1306 1572 1342 data

208 1393 214 1401 .
238 1393 245 1401 .
267 1363 418 1413 liquido
440 1361 562 1412 magis
583 1361 782 1411 reperitur.
806 1391 811 1397 .
835 1389 841 1397 .
865 1390 870 1396 .

234 1419 292 1456 28.
324 1419 388 1454 De
416 1417 685 1454 contributione
713 1415 1070 1453 Ecclesiasticorum.
1094 1443 1101 1450 .
1123 1443 1130 1451 .
1153 1443 1159 1450 .
1218 1414 1331 1460 Item,
1360 1419 1571 1462 postquam

177 1471 365 1510 laicorum
398 1469 557 1520 Imperii
588 1471 767 1508 Statuum
798 1469 964 1507 maiores
996 1467 1204 1513 Ecclesias,
1238 1466 1481 1505 Monasteria
1503 1495 1510 1503 .
1534 1495 1571 1503 ..

178 1540 246 1576 per
277 1524 559 1564 Germaniam.
583 1553 590 1562 .
614 1523 696 1561 ‚ita
725 1552 760 1560 ..
783 1524 1043 1563 .dotarunt.
1136 1522 1244 1571 quod
1274 1520 1351 1559 iam
1381 1520 1469 1558 laici
1498 1520 1572 1570 ipsi

179 1582 240 1618 vix
262 1579 413 1618 tertiam
435 1586 502 1617 aut
523 1585 699 1627 quartam
722 1584 849 1627 partes
866 1578 906 1614 in
923 1577 1038 1614 bonis
1055 1550 1337 1625 temporalibus
1353 1574 1570 1625 possident,

178 1642 296 1684 atque
327 1633 378 1672 ob
409 1646 496 1671 eam
526 1645 684 1670 causam
715 1630 937 1670 necessitati
967 1638 1047 1668 tam
1071 1628 1425 1668 ecclesiasticorum
1452 1641 1571 1679 quam

179 1688 367 1726 laicorum
399 1687 694 1725 sublevandae.
719 1699 868 1735 ..prae
899 1697 1026 1724 rerum
1056 1683 1189 1733 inopia
1209 1682 1307 1722 vires
1335 1684 1464 1721 minus
1485 1695 1574 1732 sup-

181 1750 342 1802 petunt:
374 1741 494 1780 ideo.
545 1740 692 1790 ‚exigit
709 1741 950 1778 necessitas.
1004 1739 1141 1788 q.uod
1157 1737 1350 1776 Sanctitas
1365 1736 1573 1775 Pontificia

181 1797 234 1835 ita
265 1826 272 1834 .
296 1825 302 1832 .
326 1826 334 1831 .
365 1809 445 1834 rem
477 1771 668 1845 temperet
698 1802 740 1832 ut
768 1768 1023 1833 ecclesiastici
1044 1791 1173 1839 etiarn,
1198 1798 1385 1841 tanquam
1407 1790 1475 1841 qui
1494 1803 1574 1828 am-

182 1850 324 1901 pliores
352 1848 556 1899 possident
586 1848 754 1896 divitias,
784 1848 932 1886 nedum
960 1854 1096 1885 contra
1111 1822 1261 1884 Turcas
1288 1846 1340 1883 ad
1365 1845 1571 1883 ferendum

182 1917 298 1964 opem
321 1910 555 1941 teneantur.
609 1903 707 1941 .sed
728 1903 779 1940 ad
800 1902 993 1940 tuendum
1014 1902 1072 1939 ius
1094 1899 1328 1950 publicum.
1380 1905 1574 1949 .q-uotan

182 1959 241 1996 nis
263 1956 454 2007 pecuniae
476 1932 676 2006 quippiam
699 1955 1077 1994 contribuendum..
1130 1982 1138 1992 .

236 2026 297 2061 31.
338 2013 392 2049 Ut
417 2017 603 2059 pe750nae
635 2011 892 2048 ecclesi‘astccae
928 2010 970 2047 ob
999 2012 1224 2058 perpetrata
1264 2008 1361 2044 mal
1349 2007 1446 2055 ficta
1483 2019 1575 2044 com-

184 2067 358 2104 memsam
379 2066 526 2102 nullam
547 2066 663 2102 luant
670 2071 846 2113 poenam
908 2064 1022 2107 Item,
1041 2061 1268 2111 quicunque
1288 2060 1574 2099 ecclesiasticos

181 2119 317 2170 iecipit
338 2118 505 2165 ordines,
526 2118 690 2157 maiores
707 2131 774 2156 seu
792 2116 972 2163 minores,
989 2129 1056 2166 per
1071 2117 1148 2154 hoc
1164 2114 1342 2153 omnium
1358 2127 1573 2164 poenarum

184 2174 478 2224 magistratuum
514 2172 782 2218 saccularium,
819 2178 1021 2220 utcunque
1058 2182 1198 2219 inagna
1229 2175 1424 2218 perpetret
1458 2168 1574 2205 male-

184 2228 283 2275 ficia,
307 2226 492 2265 immunis
513 2240 598 2264 esse
618 2225 835 2264 contendit.
897 2226 1039 2274 Neque
1068 2224 1144 2261 hoc
1165 2222 1217 2260 ita
1237 2221 1406 2260 ordinati
1426 2228 1573 2260 temere

184 2288 460 2333 praesuzmunt
500 2281 608 2329 quod
637 2281 687 2317 ab
718 2278 990 2318 ecclesiasticis
1025 2289 1202 2316 summae
1231 2274 1469 2314 conditionis
1504 2282 1576 2313 sta-

183 2337 288 2375 tibus
318 2349 357 2373 1n
387 2334 578 2384 peccandi
607 2335 681 2371 hac
705 2333 862 2371 licentia
889 2338 1226 2370 manuteneantur.
1282 2330 1575 2378 Saepenumero

185 2390 289 2429 enirn
307 2395 552 2438 compertum
567 2394 625 2425 est
638 2394 679 2425 ut
694 2400 838 2436 quum.
878 2384 1200 2424 ,sacerdotibus..
1212 2382 1422 2433 .legitimae
1436 2395 1574 2421 uxores

187 2446 263 2482 sint
299 2442 539 2486 interdictae,
572 2442 679 2490 quod
713 2440 856 2478 dehinc
892 2439 1121 2489 pudicitiam
1158 2445 1432 2484 matronarum,
1466 2435 1574 2486 virgi-
