1715 2780
146 112 218 145 140
316 99 435 136 THE
468 97 697 137 MISSION
730 97 800 136 OF
830 95 1370 144 CAMPEGGIO‚1523-4
1491 102 1534 141 71

138 195 374 246 praestitere,
407 194 561 233 omissis
594 202 726 233 tamen
759 192 971 232 amovendi
1003 190 1230 230 commercii
1262 190 1405 238 minis,
1435 203 1535 240 quae

139 262 232 289 sane
245 250 322 289 adv
325 263 431 288 ersus
448 250 658 287 humorum
672 246 953 298 malignitatem
968 244 1166 296 potentior
1180 244 1376 283 amarities
1389 243 1536 283 fuisset.

196 318 214 342 2
222 317 255 354 5
285 305 538 343 Secundum:
570 304 660 352 Qua
687 301 836 340 ratione
857 301 1078 339 cavendum
1105 307 1206 338 esset
1233 312 1283 337 ne
1303 298 1343 336 in
1364 296 1536 349 Spirensi

140 366 339 397 conventu
378 357 575 408 religionis
613 355 764 394 articuli
803 369 849 394 ex
888 354 1035 393 decreti
1073 355 1199 393 forma
1236 352 1535 392 discuterentur.

140 413 411 452 Commodum
431 413 481 450 ad
503 411 544 449 id
564 410 690 449 visum
711 418 754 448 ut
775 411 944 459 Legatus
966 408 1074 447 omni
1095 421 1188 446 cura
1206 420 1252 446 ac
1273 405 1536 446 sollicitudine

141 466 351 506 suaderet
343 466 388 504 iis
409 466 476 516 qui
499 464 791 504 Catholicarum
815 470 945 502 essent
964 461 1144 513 partium,
1167 460 1395 512 praesertim
1415 462 1536 499 eccle-

140 520 315 566 siasticis,
349 528 391 558 ut
421 518 617 558 obfirmati
648 518 881 563 resisterent,
913 518 1156 567 eosdemque
1186 517 1454 555 cohortaretur
1481 522 1533 561 ut,

141 574 353 624 quominus
371 573 444 624 ipsi
460 581 684 623 praesentes
698 572 853 610 obstare
867 578 1039 622 possent,
1055 583 1124 621 per
1137 569 1357 609 absentiam
1374 568 1536 619 quidem

141 628 389 679 impedirent,
411 629 470 666 vel
499 635 602 665 certe
631 626 903 665 auctoritatem
935 626 1208 664 detraherent:
1240 632 1438 674 praeterea
1465 624 1537 661 sol

140 682 260 721 lemni
295 683 469 720 clausula
498 689 679 720 caverent
713 694 763 718 ne
797 679 893 739 quid
928 679 1010 717 iura
1045 678 1246 718 Pontificis
1280 679 1537 716 laederentur.

141 738 238 775 Prae
267 736 419 775 cunctis
449 749 541 774 vero
570 743 732 782 curaret,
763 734 819 773 uti
850 735 994 774 Caesar
1023 746 1104 772 rem
1135 740 1257 772 totam
1289 731 1536 782 prohiberet:

140 792 200 829 vel
227 792 377 837 saltem,
401 791 432 829 si
460 789 571 828 aliter
600 790 681 828 fieri
702 802 783 827 non
810 796 954 838 posset,
979 788 1231 835 Conventurn
1252 786 1474 832 retardaret,
1498 798 1538 823 se

141 844 326 884 dictitans
347 844 635 883 interfuturum.

199 901 258 937 26.
290 898 499 937 Tertium:
549 898 751 947 Quidnam
799 897 1123 947 respondendum
1166 894 1268 934 circa
1306 893 1537 945 petitionem

143 952 322 999 Concilii,
355 960 393 991 et
422 951 524 991 circa
557 953 717 991 Centum
751 950 1008 990 Gravamma.
1068 950 1316 989 Consensere
1345 955 1398 995 ut,
1430 948 1539 998 quod

142 1008 193 1046 ad
232 1006 402 1057 primurn
443 1013 646 1056 spectaret,
684 1013 822 1056 suapte
861 1005 972 1055 quasi
1007 1011 1148 1055 sponte
1187 1004 1358 1053 Legatus
1391 1001 1539 1042 diceret

143 1062 267 1099 multo
301 1060 424 1111 magis
456 1059 630 1120 exoptari
663 1058 888 1099 Concilium
922 1072 945 1096 a
980 1057 1173 1096 Pontifice
1205 1070 1285 1107 quo
1323 1055 1539 1095 iurisdictio

143 1114 417 1162 ecclesiastica,
449 1121 507 1152 tot
542 1114 582 1152 in
616 1115 711 1152 locis
742 1120 880 1163 totque
910 1111 1139 1151 nominibus
1167 1111 1403 1150 labefactata
1431 1108 1539 1148 resti-

143 1176 337 1208 tueretur:
370 1168 625 1207 nihilominus
642 1175 834 1218 oportere,
852 1168 908 1205 uti
929 1180 1003 1217 pax
1024 1165 1332 1206 Christianarum
1349 1163 1537 1215 gentium,

144 1223 452 1283 Principumque
491 1222 701 1261 consensio
742 1221 780 1259 in
819 1220 971 1259 cunctis
1010 1219 1318 1267 conditionibus,
1359 1217 1540 1258 Concilio

144 1276 246 1315 viam
269 1284 513 1316 sternerent.
553 1277 623 1314 sed
645 1289 689 1315 ea
711 1277 760 1314 de
790 1289 829 1313 re
860 1288 949 1313 cum
981 1273 1174 1313 Pontifice
1205 1273 1415 1323 agendum.
1476 1273 1540 1310 Ad

143 1333 308 1369 alterum
329 1344 421 1369 vero
441 1331 707 1381 responderet,
732 1328 941 1379 praecipua
961 1328 1104 1378 quibus
1128 1327 1388 1378 gravabantur
1408 1339 1538 1372 onera,

145 1386 299 1423 sublata
336 1384 413 1422 iam
452 1384 571 1422 fuisse
610 1385 820 1443 perleges
861 1381 1028 1421 Concilii
1064 1380 1349 1428 Lateranensis,
1383 1381 1539 1431 qualem

144 1438 434 1478 observantiam
466 1437 645 1476 Pontifex
676 1437 805 1476 statim
833 1450 878 1475 ac
906 1436 976 1474 fuit
997 1444 1147 1475 creatus
1169 1436 1244 1474 iam
1266 1434 1481 1482 indixerat,
1511 1435 1540 1472 si

145 1494 341 1544 quaedam
376 1492 451 1530 alia
486 1491 702 1530 minuenda
730 1492 860 1530 adhuc
891 1498 1156 1536 censerentur,
1186 1489 1225 1528 id
1260 1488 1388 1539 ipsum
1423 1487 1540 1527 etiam

144 1555 236 1585 ante
266 1546 492 1586 Concilium
522 1553 748 1584 curaturum
780 1544 1025 1585 Pontificem
1049 1557 1138 1582 cum
1166 1545 1217 1581 ad
1239 1543 1539 1581 deliberandum

144 1602 194 1640 de
215 1600 322 1639 hisce
343 1600 459 1638 rebus
481 1599 685 1650 peculiaris
707 1598 970 1649 Congregatio
991 1586 1105 1637 fuerit
1125 1605 1279 1636 statuta.

203 1667 260 1702 27.
295 1656 487 1703 Quartum
511 1654 605 1692 fuit:
636 1656 699 1691 An
720 1653 888 1703 amplius
904 1666 994 1690 cum
1012 1654 1126 1690 Duce
1147 1650 1339 1690 Saxoniae
1362 1649 1541 1689 Pontifici

145 1710 342 1759 rrendum
379 1717 490 1746 esset.
562 1707 787 1758 Comperio,
823 1708 873 1745 ab
908 1707 1120 1753 Aleandro,
1163 1705 1202 1743 in
1240 1704 1390 1755 prolixo
1425 1705 1542 1744 Com-

148 1762 338 1801 mentario
360 1764 409 1800 de
431 1761 658 1800 huiusmodi
680 1762 806 1808 rebus,
832 1760 1063 1799 Pontificis
1054 1773 1161 1798 iussu
1177 1760 1228 1798 ab
1250 1772 1297 1797 eo
1318 1757 1542 1809 conscripto

145 1826 235 1855 inte
268 1816 496 1866 Cainpeggii
532 1817 760 1862 discessum,
801 1816 877 1853 hoc
915 1815 1051 1853 datum
1091 1813 1323 1852 consilium:
1368 1812 1542 1860 Quando

145 1870 272 1908 irritae
297 1871 483 1908 cederent
510 1870 802 1909 admonitiones
832 1882 980 1914 omnes,
1014 1868 1168 1906 mitiora
1196 1865 1543 1917 praetermittenda

146 1924 459 1973 infligendasque
489 1925 701 1962 severiores
733 1922 934 1961 Ecclesiae
955 1935 1114 1972 poenas,
1138 1934 1309 1971 eumque
1330 1920 1544 1970 Septemvi-

145 1986 229 2016 ratu
251 1979 508 2026 privandum:
540 1979 609 2016 sed
639 1979 736 2016 haec
766 1984 922 2027 peracta
954 1990 1034 2015 non
1064 1982 1165 2023 sunt,
1196 1982 1233 2014 et
1263 1976 1365 2014 Saxo
1394 1986 1541 2024 paucos

145 2039 233 2082 post
255 2044 409 2069 menses
431 2031 617 2070 occubuit
633 2032 652 2069 ¹.

209 2143 298 2185 No.
334 2155 401 2197 72.
467 2142 576 2185 The
622 2143 911 2195 Emperor’s
956 2141 1285 2184 instructions
1325 2141 1379 2183 to
1420 2139 1501 2181 his

526 2200 877 2243 Ambassador
906 2201 962 2243 at
993 2199 1170 2241 Rome.

261 2293 379 2330 Has
401 2290 579 2329 receixed
601 2292 666 2329 the
689 2290 843 2328 briefof
859 2291 924 2328 the
942 2291 1061 2338 Pope,
1078 2288 1117 2325 in
1131 2287 1257 2325 which
1274 2286 1333 2324 his
1351 2286 1540 2326 Holiness

147 2322 286 2397 speaks
308 2346 352 2383 of
366 2346 526 2392 Luther,
546 2346 625 2382 and
642 2345 686 2383 of
702 2345 767 2382 the
784 2344 961 2381 decision
977 2343 1021 2381 of
1033 2343 1098 2380 the
1122 2340 1213 2380 Diet
1234 2342 1278 2378 of
1295 2341 1542 2391 Nuremberg

145 2409 186 2460 to
211 2400 390 2440 convoke
423 2413 446 2438 a
472 2412 556 2437 new
577 2398 657 2437 diet
690 2400 734 2436 of
759 2398 824 2436 the
852 2398 976 2435 whole
1003 2396 1175 2434 German
1196 2395 1332 2433 nation
1358 2394 1398 2432 in
1419 2394 1540 2445 Spire,

148 2454 185 2493 in
209 2454 333 2493 which
350 2455 415 2492 the
435 2454 561 2492 affairs
582 2451 820 2502 concerning
843 2451 1003 2490 Luther.
1025 2451 1090 2488 the
1111 2464 1142 2487 11
1145 2463 1186 2487 ar
1207 2449 1294 2487 with
1313 2449 1378 2486 the
1399 2449 1538 2494 Turks‚

713 2532 719 2550 ¹
748 2543 764 2573 5
784 2533 975 2574 May-1525.
