1715 2780
169 109 245 146 390
486 94 605 132 THE
638 92 990 131 BEGINNINGS
1022 90 1093 129 OF
1122 91 1241 128 THE
1492 98 1564 137 170

168 206 218 244 de
257 203 514 243 immutandis
563 202 700 241 ritibus
748 200 926 247 occurrit,
967 201 1018 239 ad
1062 205 1241 239 senatum
1289 198 1565 238 Diacosiorum

168 260 340 306 refertur,
363 272 443 297 non
473 257 625 307 absque
654 257 860 306 exemplo:
891 268 983 293 nam
1004 261 1042 293 et
1071 253 1285 293 Antiochia
1306 254 1407 293 duos
1431 254 1564 301 modo,

170 315 336 352 Paulum
357 321 395 352 et
418 312 652 357 Barnabam,
670 310 992 359 Hierosolymam
1013 308 1132 347 mittit
1146 323 1157 357 3
1180 321 1253 347 nec
1273 307 1359 359 ipsa
1378 308 1564 354 decernit,

168 369 275 417 quod
317 375 449 405 tamen
487 367 569 405 iure
598 364 802 416 potuisset.
862 365 993 404 Causa
1022 362 1093 401 fuit
1122 363 1232 413 quod
1265 361 1565 401 immoderatam

168 421 467 460 contentionem
499 427 705 465 vereretur,
731 431 832 469 quae
864 424 1014 468 quanto
1043 417 1167 455 maior
1196 423 1255 455 est
1282 415 1433 464 concio,
1457 423 1567 454 tanto

170 476 292 526 magis
313 474 519 514 crudescit.
581 474 703 523 Quod
732 480 863 511 autem
889 471 1064 510 Diacosii
1084 471 1123 509 in
1145 471 1205 509 his
1226 471 1342 509 rebus
1365 470 1566 509 Ecclesiae

170 544 250 568 non
272 544 344 568 suo
368 528 531 567 nomine
560 535 689 578 agant,
710 528 802 565 hinc
831 528 995 576 adparet
1015 526 1124 576 quod
1154 524 1344 575 quicquid
1367 525 1474 575 apud
1495 537 1567 563 nos

169 584 360 631 statuitur,
396 591 490 633 puta
529 584 579 621 de
612 581 860 632 imaginibus,
894 582 944 619 de
979 579 1215 618 celebranda
1250 578 1497 617 Eucharistia
1530 586 1568 616 et

170 638 374 684 similibus,
398 637 437 675 id
459 638 514 675 eis
544 635 732 674 Ecclesiis
750 648 851 685 quae
878 634 918 672 in
943 634 1100 685 oppidis
1121 641 1159 672 et
1178 647 1271 684 agro
1292 640 1382 671 sunt
1402 632 1567 671 liberum

171 692 381 742 relinquit:
413 692 480 730 ubi
511 690 706 738 nimirum,
731 690 839 740 quod
871 689 1059 727 ecclesiae
1088 701 1170 726 non
1197 695 1287 726 sunt
1314 694 1455 734 tantae,
1479 700 1571 725 con-

169 746 357 785 tentionis
387 745 617 784 incendium
648 758 729 783 non
760 756 998 793 magnopere
1029 743 1287 781 metuendum
1315 755 1400 780 esse
1420 741 1567 780 vident.

169 801 300 841 Cessit
332 800 542 839 consilium
581 799 648 846 sic,
685 806 726 837 ut
756 811 803 837 ex
836 799 926 836 Deo
958 810 1043 836 esse
1075 796 1188 836 facile
1219 809 1448 846 cognoscas.
1506 795 1570 834 Sic

170 855 285 906 igitur
324 854 427 893 soliti
467 866 602 893 sumus
641 854 844 900 hactenus,
884 858 975 890 ante
1014 850 1148 890 omnia
1185 849 1481 890 multitudinem
1520 850 1571 888 de

170 908 416 959 quaestione,
457 921 559 959 quae
598 914 757 946 senatus
802 905 951 945 iudicio
989 905 1269 955 cognoscenda
1314 911 1406 951 erat,
1447 904 1570 954 probe

171 966 324 1002 docere.
383 963 447 1002 Sic
477 962 582 1000 enim
607 963 755 1000 facturn
779 968 848 1007 est,
871 968 913 999 ut
934 959 1125 1010 quicquid
1153 958 1328 997 Diacosii
1353 972 1443 997 curn
1463 957 1571 997 verbi

171 1017 357 1056 ministris
379 1018 616 1063 ordinarent,
640 1015 875 1054 iamdudum
902 1014 941 1052 in
966 1013 1107 1052 animis
1137 1012 1314 1052 fidelium
1345 1013 1570 1052 ordinatum

171 1080 284 1111 esset.
346 1071 531 1121 Denique
566 1077 745 1108 senatum
778 1068 1052 1107 Diacosiorum
1087 1067 1282 1106 adivimus
1312 1074 1355 1105 ut
1383 1065 1572 1105 ecclesiae

171 1126 290 1164 totius
321 1125 494 1172 nomine,
518 1125 627 1174 quod
648 1137 741 1162 usus
762 1124 987 1173 postularet,
1011 1121 1093 1161 fieri
1113 1121 1303 1169 iuberent,
1327 1134 1408 1171 quo
1427 1128 1573 1171 tempe-

172 1180 269 1219 stive
299 1179 433 1218 omnia
460 1187 498 1218 et
528 1192 617 1217 cum
648 1179 794 1217 decoro
824 1184 1039 1227 agerentur.
1100 1177 1265 1214 Factum
1286 1182 1344 1213 est
1365 1177 1508 1224 itaque,
1530 1182 1573 1212 ut

172 1233 440 1273 contentionis
472 1234 620 1271 malum
652 1233 703 1271 ab
735 1231 901 1270 ecclesia
934 1230 1219 1280 prohiberetur,
1255 1243 1336 1268 non
1370 1229 1486 1267 aliam
1520 1228 1573 1267 ob

173 1301 331 1327 causam
347 1301 466 1338 quam
488 1286 650 1325 nimiam
678 1285 973 1324 multitudinem
1003 1285 1313 1334 adfectuumque
1341 1282 1548 1322 audaciam
1563 1297 1574 1330 3

173 1351 211 1381 et
250 1342 289 1380 in
323 1355 413 1381 eum
457 1343 590 1380 locum
630 1341 893 1379 retruderetur
926 1338 995 1377 ubi
1029 1338 1188 1376 innoxie
1225 1337 1350 1376 audiri
1385 1350 1432 1375 ac
1470 1336 1573 1375 vinci

173 1404 330 1446 posset:
361 1397 631 1433 occalluerunt
661 1394 766 1433 enim
798 1393 1051 1431 tribunalium
1082 1399 1120 1431 et
1150 1391 1432 1442 praetoriorum
1461 1403 1574 1428 aures

173 1451 223 1489 ad
256 1449 376 1500 litigia
412 1457 449 1488 et
483 1449 592 1487 rixas.
653 1448 717 1487 Sic
756 1447 902 1485 utimur
940 1446 1075 1496 Tiguri
1116 1447 1389 1485 Diacosiorum
1423 1452 1572 1490 senatu,

174 1518 275 1554 quae
297 1517 451 1542 summa
473 1510 530 1542 est
551 1510 740 1553 potestas,
759 1500 948 1541 ecclesiae
969 1500 1064 1539 vice.

202 1625 294 1668 No.
327 1635 407 1679 171.
467 1624 625 1667 Some
657 1622 866 1665 citizens
896 1621 1057 1664 break
1087 1621 1174 1664 the
1205 1620 1310 1664 fast
1341 1632 1407 1663 on
1437 1618 1547 1662 Ash

490 1680 833 1735 Wednesday,
864 1691 891 1733 5
922 1679 1099 1723 March
1129 1689 1250 1732 1522.

231 1768 393 1818 Inquiry
414 1780 455 1805 as
476 1774 518 1805 to
538 1767 626 1804 who
647 1767 726 1805 had
750 1766 852 1804 been
873 1766 1003 1815 eating
1024 1766 1122 1803 flesh
1142 1765 1222 1803 and
1243 1777 1334 1814 eggs
1355 1763 1394 1801 in
1412 1765 1525 1802 Lent.

234 1836 251 1860 Ι
275 1822 345 1872 (a).
380 1821 462 1859 Elsi
480 1822 688 1868 Flammer,
704 1820 969 1858 maidservant
982 1820 1026 1857 of
1038 1820 1104 1857 the
1120 1818 1266 1869 printer
1281 1818 1320 1856 in
1336 1819 1403 1857 the
1417 1817 1579 1856 Nieder-

176 1877 273 1923 dorf,
297 1875 381 1914 said
402 1877 472 1914 she
493 1876 571 1913 had
593 1875 642 1924 by
657 1876 726 1913 her
746 1875 919 1912 master's
940 1874 1074 1912 orders
1095 1873 1249 1911 cooked
1270 1884 1380 1911 some
1395 1884 1577 1921 sausages

177 1943 229 1968 on
252 1931 334 1968 Ash
356 1930 618 1978 Wednesday,
641 1929 721 1966 and
741 1929 825 1966 that
850 1929 916 1966 the
941 1929 1112 1977 people's
1132 1926 1251 1976 priest
1273 1924 1374 1978 [Leo
1395 1923 1516 1977 Juda']
1538 1925 1583 1963 of

178 1984 418 2030 Einsiedeln‚
444 1983 734 2020 Bartholomew
765 1984 852 2027 Pur,
876 1982 955 2020 and
981 1981 1155 2019 Michael
1177 1979 1280 2027 Hirt‚
1304 1981 1382 2017 had
1404 1986 1518 2017 eaten
1539 1980 1584 2016 of

178 2039 297 2076 them.
370 2037 606 2074 Asterwards
639 2037 785 2074 several
817 2036 1080 2073 vinedressers
1114 2035 1159 2072 of
1186 2035 1254 2072 her
1288 2034 1461 2072 master's
1499 2033 1578 2071 had

179 2100 292 2131 eaten
315 2092 358 2129 of
375 2090 450 2128 this
472 2090 581 2128 flesh.
613 2119 619 2126 .
655 2119 662 2128 .
693 2117 702 2126 .

234 2177 240 2183 .
266 2176 273 2184 .
298 2175 306 2184 .
331 2146 390 2195 (c).
425 2145 715 2182 Bartholomew
732 2145 819 2188 Pur,
839 2143 904 2180 the
921 2142 1053 2188 baker,
1071 2141 1154 2180 said
1172 2156 1178 2179 :
1209 2142 1273 2180 On
1291 2142 1375 2179 Ash
1389 2141 1581 2179 Wednes-

180 2201 255 2250 day
285 2201 335 2238 he
364 2199 443 2237 and
474 2199 623 2236 Master
650 2196 814 2236 Uolrich
848 2193 1056 2248 [Zwingli]‚
1088 2196 1261 2245 people's
1291 2195 1411 2245 priest
1443 2202 1483 2232 at
1512 2195 1578 2232 the

180 2256 300 2293 Great
322 2253 500 2299 Minster,
524 2253 674 2290 Master
701 2252 783 2289 Leo
807 2251 898 2300 Jud,
925 2250 1097 2300 people’s
1127 2249 1245 2299 priest
1274 2257 1313 2288 at
1335 2248 1576 2296 Einsiedeln‚

181 2310 332 2346 Master
373 2308 575 2345 Laurence
625 2302 808 2357 [Keller]
852 2317 995 2354 parson
1035 2304 1080 2341 of
1115 2305 1210 2353 Egg,
1253 2305 1392 2352 Henry
1431 2301 1577 2349 Aberli,

182 2362 357 2399 Michael
403 2360 494 2398 Hirt
537 2361 603 2398 the
647 2359 776 2406 baker,
823 2358 983 2397 Conrad
1019 2357 1270 2407 Luchsinger,
1299 2357 1378 2395 and
1419 2356 1579 2396 Conrad

182 2416 342 2461 Escher,
376 2427 474 2453 were
505 2413 544 2452 in
579 2414 646 2452 the
679 2412 838 2451 kitchen
878 2413 922 2450 of
955 2413 1021 2450 the
1060 2411 1237 2462 printer's
1269 2407 1578 2463 [Froschauer's]

181 2471 330 2508 house:
360 2470 438 2507 and
470 2469 536 2507 the
566 2467 711 2518 printer
739 2467 942 2517 produced
971 2473 1046 2504 two
1076 2465 1186 2505 dried
1217 2477 1409 2515 sausages.
1468 2465 1580 2513 They
