1715 2780
83 100 130 138 91
295 84 612 125 LUTHERAN
648 80 1073 125 COMMUNITIES,
1110 91 1123 115 1
1133 79 1263 127 ,φᾶ-9
1408 78 1479 125 189

82 190 201 231 zantis
222 198 260 229 et
279 187 532 228 exorcizantis
552 199 627 225 vox
647 183 869 236 penetrabit
889 183 1044 221 animos
1070 180 1328 220 audientium.
1388 181 1481 217 Hoc

83 245 253 298 proderit
272 244 420 283 nedum
442 241 647 287 infantulo,
671 239 741 278 sed
761 237 880 277 etiam
901 235 1258 282 circumstantibus,
1278 241 1320 272 ut
1340 233 1382 272 in
1397 233 1481 272 dies

83 300 295 340 reddantur
315 296 504 336 firmiores
523 309 569 334 ac
591 308 632 334 se
658 294 751 343 ipsis
772 291 965 331 meliores.
1024 290 1133 329 Sicut
1154 289 1260 329 enirn
1283 290 1394 327 Deus
1414 300 1484 337 per

84 367 220 393 omnes
251 351 430 392 omnium
464 351 641 401 gentium
672 347 824 398 linguas
850 347 932 384 vult
964 345 1224 395 Evangelium
1255 350 1293 382 et
1321 342 1483 393 promis-

84 408 212 448 siones
242 414 395 446 sanctas
429 404 629 454 divulgari,
660 402 713 441 ita
742 413 903 452 quoque
931 399 1044 438 variis
1074 398 1215 449 linguis
1246 411 1293 436 ac
1322 395 1484 436 diversis

83 462 194 502 labiis
214 475 285 500 sua
304 461 412 510 cupit
431 465 675 498 sacramenta
695 456 872 502 conferri.
924 453 1033 503 Quid
1055 453 1160 492 enim
1182 453 1343 503 prodest
1364 464 1485 489 sacra-

84 523 260 556 mentum
292 514 376 553 sine
410 513 531 552 verbo
566 520 603 551 et
635 512 746 550 fide?
803 512 935 556 Porro⁷
968 509 1076 558 quod
1106 508 1157 546 ad
1187 506 1356 556 reliquas
1387 506 1485 544 forte

85 571 233 622 linguas
253 569 403 615 attinet,
427 576 468 606 ut
496 574 586 605 sunt
609 564 856 610 Lithuanica,
880 563 1090 601 Prutenica
1108 569 1228 611 atque
1257 559 1483 605 Sarmatica,

84 625 264 665 dabimus
312 635 483 673 operam,
525 619 683 661 Christo
730 617 911 669 propitio,
953 631 1002 655 ne
1050 617 1143 666 ipsis
1187 628 1347 665 quoque
1385 612 1487 652 desit

85 678 306 721 Christiana
334 675 539 715 institutio.

138 735 195 773 Ut
217 745 309 772 vero
334 730 535 771 Christum
561 727 821 780 praedicaturi
843 725 1195 765 manuductionem
1218 724 1419 774 quandam
1449 721 1488 759 in

85 787 236 828 divinas
273 786 419 825 litteras
457 783 648 829 habeatis,
683 781 927 821 consulimus
966 779 1078 819 vobis
1112 787 1154 817 ut
1192 776 1488 816 lucubrationes

85 842 233 893 aliquot
266 839 563 891 praeclarissimi
595 836 780 876 Doctoris
817 835 979 873 Martini
1013 834 1174 873 Lutheri
1209 832 1417 882 diligenter
1451 838 1488 868 et

86 896 152 948 pio
181 897 314 935 animo
345 893 490 945 legatis,
527 905 671 942 nempe
702 892 841 930 veteris
875 896 913 928 et
947 889 1039 927 novi
1067 886 1316 927 Testamenti
1346 886 1489 924 factam

87 951 136 990 ab
170 964 218 990 eo
251 948 558 995 translationem,
592 948 686 985 item
722 946 772 984 de
806 944 985 983 libertate
1022 942 1256 989 Christiana,
1289 942 1339 980 de
1372 938 1489 978 bonis

88 1004 281 1056 operibus,
319 1003 598 1054 explicationes
639 999 946 1050 Evangeliorum
994 1006 1031 1037 et
1082 996 1348 1047 Epistolarum
1392 1006 1490 1044 quas

89 1059 268 1099 Postillas
307 1059 423 1108 vulgo
467 1063 621 1103 vocant,
662 1055 899 1105 opusculum
947 1065 1064 1103 super
1111 1052 1267 1089 cantico
1305 1047 1488 1098 Virginis,

88 1114 329 1163 Magm'ficat,
364 1125 455 1151 cum
499 1108 657 1160 reliquis
695 1107 991 1158 operationibus
1030 1107 1208 1145 eiusdem
1250 1102 1413 1142 Lutheri
1451 1101 1492 1139 in

90 1169 277 1214 Psalmos,
318 1173 390 1206 etc.
451 1165 573 1214 Quod
614 1164 645 1202 si
683 1161 862 1209 feceritis,
903 1159 1166 1211 proculdubio
1200 1160 1371 1197 fructum
1411 1169 1492 1195 non

90 1222 329 1262 mediocrem
368 1219 553 1259 sentietis.
614 1217 749 1256 Gratia
789 1215 864 1255 Dei
913 1215 961 1253 sit
1009 1228 1099 1253 cum
1140 1214 1326 1252 omnibus
1366 1210 1489 1249 vobis.

91 1278 230 1316 Amen.

144 1333 192 1370 In
213 1329 323 1369 cuius
337 1330 390 1368 rei
405 1326 676 1367 testimonium
689 1337 874 1376 praesens
887 1331 1067 1362 nostruin
1085 1322 1319 1361 mandatum
1337 1318 1495 1360 Officio-

91 1385 190 1424 latus
223 1383 345 1424 nostri
377 1382 503 1434 sigillo
541 1380 726 1420 iussimus
757 1377 1005 1418 communiri.
1066 1380 1215 1415 Datum
1250 1375 1290 1413 in
1329 1374 1495 1413 ecclesia

92 1447 222 1478 nostra
242 1435 475 1483 Sambiensi‚
498 1447 634 1474 xxvm
659 1433 830 1473 Ianuarii
849 1446 956 1471 anno
979 1443 1182 1469 MDxxmi.

123 1573 210 1617 No.
238 1584 312 1627 92.
380 1572 710 1625 Programme
744 1567 802 1612 of
826 1566 1044 1610 reforms
1077 1565 1135 1608 of
1159 1564 1245 1608 the
1275 1562 1468 1616 Bishop

459 1628 518 1673 of
543 1626 862 1677 Pomesania‚
886 1637 903 1666 1
926 1625 1039 1677 Jan.
1064 1634 1184 1676 1525.

404 1716 600 1753 Themata
622 1713 809 1763 Episcopi
832 1709 1191 1760 Risenburgensis.l

155 1797 184 1820 1.
217 1783 404 1821 Hitherto
423 1793 471 1831 ye
492 1781 591 1818 have
617 1780 710 1817 held
739 1790 859 1816 seven
880 1782 1131 1821 sacraments,
1155 1775 1226 1813 but
1253 1780 1323 1811 not
1347 1773 1497 1823 rightly.

99 1836 406 1876 Henceforward
428 1834 524 1873 saith
545 1841 649 1871 must
666 1833 717 1871 be
736 1832 872 1871 before
892 1831 943 1868 all
965 1830 1095 1879 things
1117 1829 1183 1867 the
1204 1826 1441 1867 foundation
1461 1826 1506 1864 of

98 1905 193 1940 your
223 1889 424 1937 salvation‚
458 1889 537 1927 and
572 1901 618 1938 ye
650 1894 755 1925 must
782 1887 881 1923 have
911 1897 964 1922 no
996 1896 1104 1922 more
1135 1889 1375 1921 sacraments
1405 1881 1499 1918 than

99 1945 230 1985 Christ
249 1943 451 1988 ordained,
472 1943 639 1992 namely,
659 1942 767 1990 Holy
781 1937 1055 1979 Communion
1076 1938 1155 1976 and
1178 1938 1287 1986 Holy
1310 1934 1500 1985 Baptism.

157 2013 188 2037 2.
221 1998 529 2038 Henceforward
550 2009 603 2035 no
624 1996 703 2034 ban
724 1995 822 2033 shall
843 1994 939 2032 hold
960 1993 1065 2043 good
1086 1992 1213 2030 which
1240 1990 1415 2029 burdens
1436 1990 1503 2027 the

100 2052 331 2092 conscience
352 2052 515 2091 without
535 2051 689 2101 ground
710 2048 749 2087 in
770 2049 894 2088 God's
916 2047 1050 2094 Word,
1072 2046 1151 2085 and
1172 2045 1203 2084 is
1225 2046 1269 2084 of
1285 2046 1391 2083 force
1412 2044 1504 2092 only

95 2106 151 2157 vby
171 2108 319 2146 human
339 2106 570 2145 institution.

157 2174 190 2211 3.
223 2160 531 2200 Henceforward
546 2172 599 2198 no
619 2157 844 2196 confession
860 2154 1104 2206 <auricularis
1121 2153 1269 2192 scilicet
1290 2150 1504 2199 confessio)

104 2215 201 2253 shall
220 2215 270 2254 be
291 2216 406 2254 made
432 2222 474 2253 to
498 2215 564 2252 the
591 2212 721 2264 priest,
744 2210 925 2259 whereby
946 2223 967 2247 a
996 2222 1087 2247 man
1110 2209 1139 2246 is
1162 2208 1300 2246 bound
1321 2213 1362 2245 to
1390 2205 1505 2244 make

103 2268 244 2308 known
264 2271 314 2307 all
334 2270 394 2308 his
415 2270 504 2307 sins.

159 2336 192 2370 4.
220 2323 528 2362 Henceforward
540 2322 650 2360 there
664 2320 762 2358 shall
779 2319 829 2357 be
843 2332 895 2356 no
912 2316 1160 2368 pilgrimages
1177 2328 1249 2354 nor
1262 2312 1506 2361 wanderings

106 2383 146 2414 to
165 2377 256 2427 holy
275 2379 418 2428 places,
441 2376 548 2415 since
568 2377 660 2425 they
679 2373 745 2413 aid
766 2387 819 2412 no
840 2373 963 2411 man's
983 2370 1187 2411 salvation.

239 2464 246 2480 ¹
273 2465 343 2496 The
360 2464 505 2505 bishop's
523 2462 689 2494 residence
706 2471 773 2492 was
790 2466 822 2491 at
840 2459 1041 2500 Riesenburg
1060 2458 1091 2489 in
1109 2457 1200 2489 West
1218 2454 1358 2486 Prussia.
