1715 2780
239 92 314 130 544
386 83 610 129 CALVIN,
643 83 716 122 To
749 83 844 121 H1s
876 84 1132 122 ARRIVAL
1163 60 1223 122 ΙΝ
1255 85 1487 124 GENEVA
1554 96 1632 135 274

277 196 365 239 No.
390 208 490 252 274.
538 197 719 241 Calvin
751 197 986 297 ᾱθῗιίηεᾶ
1017 198 1086 297 bgr
1114 199 1264 242 Farel
1295 199 1348 242 in
1379 200 1601 257 Geneva,

859 268 940 309 ug.
962 267 1039 309 153
1079 287 1089 296 .

291 338 411 375 Porro
439 349 490 374 an
521 336 765 386 propositum
796 343 898 374 esset
928 335 1024 373 mihi
1051 337 1195 374 famam
1221 337 1418 388 aucupari,
1439 339 1564 389 patuit
1585 353 1631 377 ex

237 391 342 428 brevi
373 390 559 435 discessu,
589 389 816 439 praesertim
837 403 960 439 quum
986 403 1104 428 nemo
1131 390 1232 429 illie1
1254 391 1408 430 sciverit
1432 406 1495 431 me
1521 400 1630 431 auto-

235 457 316 482 rem
332 446 344 465 '2
365 457 460 483 esse.
522 444 642 492 Quod
665 443 782 481 etiam
806 444 899 481 alibi
930 457 1084 494 semper
1104 444 1357 493 dissimulavi,
1376 454 1414 485 et
1435 447 1475 484 in
1495 447 1629 485 animo

235 507 315 536 erat
336 498 442 537 idem
463 497 685 536 institutum
707 497 901 548 prosequi,
918 499 1047 536 donec
1068 499 1254 538 Genevae
1269 513 1350 538 non
1371 507 1450 538 tam
1464 501 1630 539 consilio

235 553 294 590 vel
316 553 471 590 hortatu
493 565 612 601 quam
643 550 880 590 formidabili
903 552 1089 591 Gulielmi
1117 552 1255 591 Farelli
1283 554 1547 593 obtestatione
1577 568 1630 593 re-

235 614 365 645 tentus
383 620 481 653 sum,
497 619 543 644 ac
559 606 590 644 si
609 607 718 644 Deus
731 605 944 644 violentam
966 605 1062 644 mihi
1084 620 1105 644 e
1126 608 1236 646 caelo
1257 621 1418 646 manum
1440 608 1626 647 iniiceret.

235 662 371 708 Quum
387 667 537 699 rectum
555 661 625 698 iter
638 661 942 709 Argentoratum
961 660 1138 699 tendenti
1156 661 1258 699 bella
1271 662 1283 681 3
1297 661 1538 709 clausissent,
1555 663 1628 701 hac

234 714 409 753 celeriter
436 713 598 752 transire
621 721 844 760 statueram,
868 721 909 752 ut
935 727 1016 753 non
1039 714 1191 764 longior
1218 728 1337 765 quam
1361 715 1477 754 unius
1502 716 1628 755 noctis

234 782 343 806 mora
363 768 403 806 in
424 768 519 806 urbe
542 767 637 805 mihi
658 769 768 806 foret.
824 769 947 806 Paulo
967 775 1059 807 ante
1080 768 1195 807 huius
1216 769 1355 819 optimi
1375 769 1445 808 viri
1466 778 1504 808 et
1525 770 1629 809 Petri

233 824 269 858 V
272 822 357 861 ireti
373 836 491 872 opera
507 823 733 872 profligatus
750 829 830 860 erat
851 830 1016 872 papatus
1033 839 1039 862 :
1071 823 1141 861 sed
1162 836 1221 861 res
1241 824 1372 862 adhuc
1392 823 1628 874 incomposi-

233 883 294 914 tae
316 884 354 915 et
374 877 466 915 urbs
488 876 526 914 in
551 889 688 926 pravas
718 883 756 914 et
787 876 921 914 noxias
946 876 1135 915 factiones
1162 876 1296 916 divisa.
1356 879 1472 920 Unus
1493 879 1625 925 homo,

233 930 299 980 qui
331 944 437 968 nunc
469 930 571 979 turpi
602 931 825 968 defectione
856 930 996 968 iterum
1031 931 1082 969 acl
1112 932 1283 981 papistas
1316 931 1429 970 rediit
1445 933 1468 980 4,
1497 932 1627 970 statim

233 984 324 1023 fecit
345 991 387 1023 ut
408 984 707 1022 innotescerem.
757 984 835 1022 Hic
858 986 1030 1023 Farellus
1054 984 1111 1035 (ut
1132 984 1352 1024 incredibili
1373 987 1455 1024 zelo
1475 999 1628 1036 promo-

232 1040 349 1077 vendi
386 1038 575 1088 evangelii
608 1037 812 1088 flagrabat)
843 1038 973 1076 statim
1008 1039 1059 1077 ad
1098 1052 1161 1078 me
1195 1039 1445 1078 retinendum
1484 1039 1629 1079 obnixe

233 1106 373 1131 nervos
394 1106 532 1131 omnes
554 1091 733 1130 intendit.
778 1094 828 1130 Et
849 1106 971 1142 quum
992 1092 1149 1142 privatis
1169 1101 1207 1131 et
1227 1093 1392 1132 occultis
1409 1093 1547 1133 studiis
1565 1108 1628 1133 me

232 1146 462 1196 intelligeret
493 1160 578 1185 esse
599 1146 794 1194 deditum,
815 1146 882 1184 ubi
909 1160 950 1185 se
971 1147 1068 1185 vidit
1092 1148 1268 1197 rogando
1298 1147 1394 1186 nihil
1423 1149 1623 1198 proficere,

232 1214 356 1251 usque
386 1202 436 1240 ad
466 1199 773 1239 exsecrationem
804 1200 1019 1248 descendit,
1044 1208 1086 1239 ut
1114 1203 1222 1240 Deus
1247 1201 1328 1240 otio
1354 1215 1443 1240 meo
1470 1201 1628 1241 maledi-

231 1263 346 1302 ceret,
364 1254 394 1293 si
411 1268 474 1293 me
489 1268 512 1292 a
527 1255 698 1293 ferendis
720 1254 904 1292 subsidiis
921 1254 961 1292 in
978 1262 1086 1293 tanta
1102 1256 1335 1294 necessitate
1351 1255 1625 1295 subducerem.

233 1310 325 1357 Quo
346 1317 490 1347 terrore
510 1309 723 1358 perculsus,
740 1316 967 1358 susceptum
988 1308 1059 1347 iter
1079 1308 1131 1347 ita
1151 1308 1265 1347 omisi
1286 1318 1328 1348 ut
1349 1309 1445 1347 mihi
1466 1318 1503 1348 et
1523 1323 1626 1349 vere-

231 1362 399 1401 cundiae
433 1370 471 1401 et
505 1361 724 1400 timiditatis
759 1375 869 1400 meae
909 1362 1090 1401 conscius
1122 1362 1311 1402 obeundo
1338 1370 1445 1403 certo
1475 1363 1626 1402 muneri

232 1417 351 1455 fidem
374 1430 503 1454 meam
526 1429 607 1453 non
628 1416 924 1465 obstringerem.

290 1513 379 1557 No.
403 1524 501 1567 275.
551 1512 731 1556 Calvin
764 1513 982 1555 lecturer
1011 1515 1067 1556 at
1094 1514 1181 1557 the
1215 1514 1486 1558 Cathedral
1517 1515 1569 1558 in

635 1570 861 1622 Geneva,
882 1582 908 1624 5
937 1572 1076 1625 Sept.
1099 1573 1225 1625 1536.

286 1651 402 1687 From
434 1649 492 1686 flce
519 1648 711 1696 Regzkters
731 1648 777 1696 of
794 1649 853 1685 the
878 1649 1213 1699 Cozmcil.—Mag.
1236 1648 1341 1688 Guil.
1363 1651 1537 1689 Farellus
1567 1664 1626 1689 ex-

231 1703 342 1753 ponit
363 1702 475 1741 sicuti
497 1701 544 1740 sit
566 1701 785 1740 necessaria
806 1701 870 1740 illa
889 1703 1037 1740 lectura
1057 1704 1213 1752 qualem
1231 1703 1395 1742 initiavit
1411 1705 1474 1742 ille
1489 1705 1625 1743 Gallus

230 1757 270 1795 in
291 1759 327 1795 S.
344 1759 460 1795 Petro
477 1772 483 1794 z
514 1763 719 1805 propterea
740 1755 933 1806 supplicat
946 1755 1068 1795 videri
1089 1758 1138 1795 de
1159 1756 1245 1807 ipso
1266 1756 1473 1796 retinendo
1493 1765 1530 1796 et
1551 1758 1625 1796 sibi

229 1811 509 1849 alimentando.
567 1811 691 1859 Super
726 1823 805 1859 quo
839 1809 910 1848 fuit
944 1810 1124 1848 advisum
1164 1812 1272 1861 quod
1309 1811 1541 1850 advideatur
1574 1813 1625 1850 de

229 1864 356 1914 ipsum
379 1864 623 1903 sustinendo.

892 1977 969 2014 XV

356 2051 541 2087 FAREL
571 2051 688 2087 AND
720 2051 932 2089 CALVIN
965 2052 1024 2088 IN
1056 2052 1299 2098 GENEVA,
1335 2054 1488 2100 1536-8

282 2120 386 2153 Farel
406 2131 478 2153 was
498 2131 577 2153 now
598 2120 796 2164 ‘preacher
814 2120 855 2153 of
876 2121 938 2154 the
967 2120 1123 2164 Gospel’
1150 2121 1224 2154 and
1251 2120 1382 2155 Calvin
1410 2121 1561 2155 ‘reader
1586 2121 1621 2154 in

234 2167 334 2210 Holy
351 2166 538 2210 Scripture
556 2172 594 2200 at
614 2167 784 2200 Geneva’
805 2166 1074 2210 (Herminjard,
1094 2167 1140 2209 iv,
1161 2168 1232 2202 No.
1252 2166 1349 2211 650).

281 2213 322 2256 (i)
351 2213 464 2248 Their
481 2213 557 2247 first
575 2212 777 2257 enterprise
794 2225 834 2247 as
853 2213 1062 2257 colleagues
1077 2214 1164 2248 took
1177 2214 1278 2248 them
1293 2214 1440 2258 beyond
1455 2215 1618 2255 Geneva,

230 2266 268 2294 to
288 2266 457 2304 promote
475 2260 608 2294 reform
629 2259 663 2294 in
682 2260 744 2294 the
765 2261 860 2303 Pays
879 2260 924 2294 de
942 2261 1061 2294 Vaud.
1112 2260 1215 2294 With
1235 2261 1368 2295 reform
1387 2261 1428 2295 of
1441 2260 1487 2295 its
1506 2261 1622 2304 newly

358 2327 369 2346 ¹
394 2329 439 2359 At
456 2327 561 2359 Basel.
607 2327 678 2358 The
694 2338 832 2368 passage
848 2327 874 2358 is
892 2338 910 2357 a
928 2328 1149 2358 continuation
1167 2328 1204 2359 of
1216 2329 1282 2361 No.
1301 2328 1373 2367 268,
1390 2333 1500 2370 supra.

357 2370 369 2387 ²
393 2382 436 2401 sc.
455 2371 491 2402 of
504 2371 560 2402 the
576 2371 753 2402 Institutes.

357 2413 369 2433 ³
393 2414 465 2445 The
481 2414 601 2446 second
617 2424 684 2445 war
700 2415 844 2445 between
863 2413 998 2444 Charles
1014 2414 1077 2444 and
1094 2414 1240 2452 Francis,
1261 2422 1297 2454 15
1304 2413 1398 2454 36-8.

358 2456 368 2473 ⁴
393 2457 494 2488 Louis
510 2458 553 2488 du
572 2457 682 2488 Tillet.
