1715 2780
207 93 282 140 396
520 89 638 127 THE
671 87 1021 127 BEGINNINGS
1051 86 1123 125 OF
1150 87 1271 124 THE
1532 93 1628 132 175·

206 201 286 232 tam
316 193 567 243 impudenter
595 205 713 242 quam
745 190 996 241 pervicaciter
1025 189 1180 241 negavit
1205 221 1212 229 .
1239 220 1246 229 .
1275 190 1315 241 .).
1373 190 1431 242 (6)
1453 191 1601 230 Carnes

206 247 311 286 enim
326 260 393 286 eos
415 247 454 284 in
468 245 767 296 quadragesima
780 245 907 284 edisse
921 257 1001 283 non
1015 243 1099 283 sine
1113 245 1232 283 totius
1246 244 1483 295 reipublicae
1492 245 1601 284 Chri-

207 303 356 340 stianae
377 302 577 340 scandalo.
628 300 686 350 (7)
708 300 830 348 Quod
850 299 1004 337 tametsi
1025 298 1176 338 litterae
1197 298 1446 349 evangelicae
1464 306 1598 350 aperte

207 369 287 394 non
317 355 555 406 permittant,
577 356 722 393 audere
752 361 885 392 tamen
914 354 1077 392 eosdem
1105 366 1276 392 asserere
1301 366 1348 392 ex
1368 352 1600 403 evangelicis

207 423 252 449 ac
300 410 526 460 apostolicis
565 408 728 458 scriptis,
769 407 843 446 sibi
883 407 1010 446 licere.
1089 406 1147 458 (8)
1187 408 1336 447 Contra
1374 414 1599 446 sanctorum

208 471 362 514 patrum
393 465 550 502 decreta
580 470 618 501 et
647 461 824 508 concilia,
863 461 922 513 (9)
942 468 1078 500 contra
1098 462 1271 511 denique
1291 460 1599 500 vetustissimum

207 532 356 556 morem
389 530 456 556 eos
485 516 624 556 fecisse
654 529 772 566 quem
793 515 867 554 nisi
889 530 935 555 ex
954 515 1098 566 Spiritu
1119 517 1264 555 Sancto
1284 517 1469 561 fluxisset,
1490 523 1600 553 tanto

208 581 385 622 tempore
406 585 557 610 servare
578 584 781 621 nunquam
803 570 1080 620 potuissemus.
1099 600 1106 608 .
1125 601 1132 608 .
1151 601 1159 608 .
1178 572 1273 608 Post
1293 582 1385 608 vero
1404 570 1599 608 dictorum

208 626 387 664 omnium
416 625 722 675 pulcherrimum
753 625 952 675 epilogum
982 624 1143 663 surrexit
1173 637 1264 662 cum
1299 624 1378 662 suis
1411 623 1599 662 abiturus.

238 712 245 719 .
270 712 277 719 .
302 682 445 730 Coepit
475 693 650 718 murmur
677 678 804 718 audiri
830 678 973 717 civium
995 678 1295 729 indignantium,
1318 685 1361 716 ut
1381 679 1542 716 tandem
1563 685 1601 716 et

208 736 364 773 hortatu
403 734 602 772 consulisl
642 741 680 772 et
718 733 773 772 rei
811 733 1044 783 indignitate
1082 733 1275 783 compulsi
1314 732 1354 770 in
1392 731 1599 782 pristinum

208 791 339 827 locum
369 788 595 827 resederint.
655 789 777 836 Quod
807 787 875 826 ubi
899 789 1046 826 factum
1076 794 1146 835 est,
1168 786 1282 836 coepi
1310 799 1380 836 pro
1407 785 1505 824 virili
1533 787 1602 825 do-

208 842 373 881 ctrinam
403 842 550 882 Christi
579 843 792 881 defendere
822 855 867 880 ac
896 843 946 880 ad
977 854 1131 880 summa
1154 840 1283 891 capita
1303 841 1540 891 respondere
1561 841 1600 878 in

208 899 314 935 hunc
334 898 414 936 fere
434 898 598 935 modum
615 911 675 935 2-—

262 950 319 1002 (1)
351 950 606 1001 Proposuisse
645 949 807 1000 quidem
849 951 898 988 D.
932 951 1229 1000 Suffraganeum
1263 949 1458 999 quosdam
1498 947 1601 987 sedi-

208 1006 327 1044 tiosas
355 1006 498 1044 docere
525 1005 723 1043 doctrinas
744 1012 782 1043 et
803 1003 1007 1043 irritabiles
1023 1018 1033 1051 3
1061 1011 1100 1042 at
1120 1016 1193 1042 nos
1213 1003 1349 1042 induci
1370 1016 1449 1041 non
1470 1015 1598 1052 posse,

209 1067 250 1098 ut
275 1059 315 1097 id
335 1061 427 1097 velit
456 1060 507 1097 de
536 1058 650 1097 nobis
679 1058 815 1108 accipi,
839 1058 906 1108 qui
934 1066 1043 1097 tanto
1073 1059 1216 1096 sudore
1240 1059 1317 1096 iam
1342 1058 1455 1096 annis
1479 1058 1600 1095 ferme

208 1120 393 1163 quattuor
422 1112 666 1163 evangelium
698 1112 843 1152 Christi
873 1120 912 1151 et
945 1111 1165 1151 doctrinam
1198 1111 1456 1162 apostolicam
1495 1123 1601 1161 prae-

208 1167 479 1206 dicaverimus.
539 1166 715 1205 Tametsi
745 1166 926 1205 nonnihil
955 1166 1125 1213 oboleat,
1148 1167 1257 1216 quod
1284 1167 1390 1216 apud
1419 1172 1599 1204 senatum

208 1221 247 1260 id
278 1221 544 1272 proposuisset
560 1235 570 1268 ,·
608 1220 705 1271 quid
735 1220 841 1259 enim
871 1228 1003 1259 nostra
1032 1221 1200 1267 referret,
1224 1221 1255 1258 si
1284 1219 1378 1258 alibi
1407 1220 1503 1258 tales
1533 1220 1599 1257 do-

208 1275 356 1314 ctrinae
385 1275 713 1324 praedicarentur,
745 1276 867 1313 modo
896 1288 946 1313 ne
975 1274 1140 1324 Tiguri?
1196 1275 1317 1314 Unde
1337 1287 1428 1312 cum
1449 1286 1530 1312 non
1551 1272 1599 1311 sit

208 1329 416 1367 verisimile
447 1330 732 1378 suffraganeum
763 1330 814 1367 de
842 1328 978 1367 alienis
1008 1330 1184 1366 locutum
1215 1341 1312 1374 esse5
1342 1334 1473 1377 pateat
1504 1326 1599 1364 mihi

208 1384 382 1421 fabulam
412 1382 566 1420 narrari.
599 1412 607 1420 .
641 1413 647 1420 .
681 1413 687 1420 .
721 1384 842 1431 Quod
871 1390 1004 1421 autem
1033 1383 1084 1420 ad
1113 1394 1195 1421 rem
1224 1380 1488 1432 evangelicam
1519 1394 1600 1431 per-

207 1437 340 1484 tineat,
376 1449 458 1475 non
493 1436 634 1474 mirum
670 1449 766 1483 esse,
807 1436 838 1474 si
872 1436 1017 1474 alicubi
1055 1437 1155 1474 inter
1189 1449 1255 1475 eos
1289 1435 1356 1485 qui
1391 1436 1600 1485 ἐντάλματα

208 1491 278 1529 i.e.
311 1490 607 1541 praeceptiones
638 1491 830 1528 humanas
859 1490 1057 1529 mordicus
1087 1497 1223 1528 tenent
1253 1497 1290 1528 et
1320 1502 1388 1528 eos
1417 1488 1485 1539 qui
1516 1489 1599 1527 illas

207 1552 446 1591 aversantur,
477 1543 739 1583 dissentiatur.
799 1544 1000 1583 Christum
1041 1545 1146 1582 enim
1184 1543 1428 1594 apertissime
1466 1543 1507 1582 id
1545 1544 1599 1581 fu-

207 1607 337 1637 turum
372 1598 609 1649 praedixisse
634 1598 724 1646 (Mt.
746 1612 778 1636 x.
804 1600 938 1648 34-6).
997 1599 1238 1648 Quanquam
1263 1611 1313 1636 ne
1342 1599 1408 1635 illa
1436 1597 1597 1647 quidem

206 1653 464 1703 responsione
498 1665 598 1702 opus
632 1666 728 1691 esse.
788 1653 978 1702 Tigurum
1013 1652 1119 1690 enim
1159 1651 1281 1702 magis
1316 1665 1435 1702 quam
1474 1652 1597 1689 ullum

210 1708 482 1745 Helvetiorum
511 1720 655 1756 pagum
683 1713 866 1756 pacatum
888 1714 925 1745 et
946 1706 1122 1756 quietum
1145 1718 1241 1754 esse,
1263 1705 1303 1744 id
1325 1707 1433 1756 quod
1460 1718 1598 1743 omnes

208 1762 302 1799 boni
324 1761 427 1799 cives
448 1769 654 1810 acceptum
675 1762 818 1799 ferrent
838 1760 1052 1810 evangelio.

262 1816 300 1865 (2
283 1815 321 1864 2)
352 1815 473 1863 Quod
507 1814 652 1853 deinde
687 1815 887 1853 obiectum
922 1815 970 1853 sit
1003 1815 1130 1852 nullas
1165 1814 1357 1852 humanas
1389 1826 1462 1851 nec
1493 1826 1598 1863 prae-

207 1868 408 1918 ceptiones
443 1881 516 1907 nec
548 1870 815 1907 caeremonias
854 1868 994 1907 servari
1033 1876 1211 1918 oportere
1249 1866 1394 1915 doceri,
1429 1866 1598 1917 ingenue

206 1935 253 1971 a<
259 1935 431 1969 noscam
464 1922 799 1960 caeremoniarum
840 1922 982 1960 iustam
1015 1930 1161 1981 partem
1197 1935 1242 1960 ac
1274 1920 1595 1972 praeceptionum

207 1989 350 2025 cupere
378 1976 566 2013 abolitam
597 1989 692 2023 esse,
716 1977 824 2025 quod
855 1984 1062 2026 praecepta
1092 1975 1167 2014 sint
1198 1988 1338 2025 magna
1366 1982 1475 2024 parte
1493 1974 1595 2021 talia,

208 2042 309 2079 quae
339 2029 455 2067 etiam
488 2031 623 2067 Petrus
654 2031 693 2066 in
724 2030 833 2068 Actis
863 2037 978 2079 neget
1009 2029 1094 2068 ferri
1116 2042 1232 2079 posse
1254 2030 1357 2078 (Act.
1380 2042 1438 2066 xv.
1464 2028 1596 2078 7-11).

239 2114 245 2121 .
271 2113 278 2121 .
304 2085 436 2121 Immo
465 2083 733 2121 caeremonias
763 2084 869 2121 haud
899 2085 1110 2132 quicquam
1140 2083 1246 2121 aliud
1276 2095 1390 2132 agere
1411 2095 1530 2132 quam
1560 2089 1597 2120 et

209 2137 366 2176 Christo
388 2145 425 2175 et
446 2136 528 2175 eius
550 2137 733 2174 fidelibus
749 2150 792 2174 os
810 2137 996 2183 oblinere,
1013 2136 1175 2185 Spiritus
1192 2136 1411 2174 doctrinam
1428 2136 1597 2183 abolere,

205 2192 256 2229 ab
304 2190 564 2229 invisibilibus
603 2191 653 2228 ad
692 2192 887 2228 elementa
927 2192 1063 2228 mundi
1102 2203 1275 2238 avocare,
1317 2191 1426 2240 quod
1465 2196 1597 2228 tamen

209 2245 391 2283 brevibus
412 2244 489 2283 dici
510 2252 680 2293 nequeat
701 2252 739 2282 et
760 2244 952 2295 explicari.

261 2300 320 2349 (3)
351 2299 439 2337 Alia
467 2297 613 2337 deinde
643 2297 792 2336 ratione
821 2298 939 2336 docui
971 2297 1188 2348 simplicem
1210 2298 1456 2348 plebeculam
1477 2309 1595 2347 quam

207 2366 274 2402 per
322 2351 588 2391 caeremonias
625 2353 676 2390 ad
715 2351 954 2402 agnitionem
995 2352 1165 2390 veritatis
1204 2352 1418 2390 manuduci
1457 2363 1596 2400 posse3

206 2420 350 2456 nempe
380 2421 424 2445 ea
454 2420 532 2456 qua
562 2406 740 2444 Christus
770 2413 807 2444 et
831 2407 997 2456 apostoli
1029 2406 1285 2453 induxissent,
1307 2407 1390 2443 sine
1411 2404 1595 2443 omnibus

425 2471 431 2487 ¹
458 2470 553 2500 Mark
572 2470 686 2510 Roiist,
708 2471 937 2511 1454-†1524‚
956 2471 1184 2511 Burgomaster
1200 2470 1282 2501 from
1303 2478 1395 2509 1505.
