1715 2780
223 108 300 145 610
492 106 612 142 THE
644 102 1119 143 ECCLESIASTICAL
1148 102 1324 139 STATE
1528 108 1611 146 304

224 210 345 248 tanda
371 215 454 247 tum
483 207 610 247 carnis
641 206 941 245 mortificatione
971 212 1054 244 tum
1084 203 1253 244 iustitiae
1285 203 1362 242 Dei
1386 202 1615 242 obedientia

224 276 489 302 exerceamus.

278 317 340 356 M.
372 316 412 356 Si
433 318 531 355 haec
551 315 800 366 requiruntur
818 315 869 352 ad
889 312 1107 364 legitimum
1128 311 1321 363 Baptismi
1339 325 1466 359 usum,
1485 309 1552 361 qui
1573 311 1615 348 fit

227 379 269 410 ut
290 371 458 420 infantes
477 370 742 420 baptizemus.
735 371 751 398 Ρ

281 427 328 464 Ρ.
360 426 454 463 Νο11
475 431 534 463 051
560 437 723 463 11000550
753 429 795 460 111
826 421 1073 473 Baptismum
1104 434 1258 471 semper
1287 421 1386 459 fides
1416 426 1455 458 et
1483 418 1617 470 poeni-

227 481 350 518 tentia
370 479 633 529 praecedantg
654 478 724 515 sed
745 476 820 515 ab
811 476 857 515 115
871 483 1023 515 tantum
1045 474 1250 525 exiguntur
1270 475 1336 535 qui
1357 487 1426 524 per
1445 480 1615 512 aetatem

228 534 304 571 iam
327 541 418 572 sunt
439 533 641 581 utriusque
663 543 840 581 capaces.
898 530 998 569 Satis
1020 542 1112 579 ergo
1131 528 1246 567 fuerit
1267 530 1298 567 si
1319 529 1499 575 infantes,
1514 534 1618 577 post-

229 601 347 637 quam
368 585 623 631 adoleverint,
646 584 837 644 Baptismi
860 585 919 623 sui
939 582 1017 622 vim
1039 589 1228 622 exserant

282 642 344 678 M.
377 639 581 678 Poterisne
629 638 780 678 ratione
828 640 1098 677 demonstrare
1145 636 1242 674 nihil
1289 649 1375 675 esse
1415 635 1456 674 in
1495 649 1541 674 ea
1578 647 1618 672 re
1667 637 1670 639 ’

229 694 420 733 absurdi?

284 750 332 786 Ρ.
363 749 478 787 Sane.
537 748 576 786 Si
599 746 693 785 mihi
715 759 949 785 concessum
979 744 1104 791 fuerit,
1137 743 1233 782 nihil
1265 743 1483 782 Dominum
1515 741 1620 781 insti-

230 802 351 841 tuisse
373 802 482 852 quod
503 801 551 840 511
572 814 594 840 a
614 800 765 839 ratione
786 800 1096 840 dissentaneum.
1148 799 1251 836 Nam
1273 811 1395 848 quum
1422 796 1620 836 Ci‘rcumcc-

230 869 368 895 saonem
383 855 650 906 poenitentiae
667 856 821 905 signum
835 853 954 893 fuisse
970 855 1106 892 Moses
1122 854 1257 911 (Deut.
1273 866 1356 890 xxx.
1373 852 1412 903 6)
1428 858 1466 889 et
1482 863 1621 890 omnes

234 911 455 960 Prophetae
487 910 646 960 (Ierem.
679 910 724 947 iv.
758 908 800 960 4)
830 909 1011 954 doceant,
1045 907 1136 945 fidei
1169 905 1286 944 etiam
1319 912 1620 949 sacramentum,

233 972 333 1003 teste
364 965 487 1002 Paulo
514 964 649 1013 (Rom.
673 962 719 1001 iv
749 961 823 1013 11),
848 961 984 1000 fuerit:
1014 960 1194 1000 videmus
1219 967 1352 998 tamen
1381 966 1424 998 ut
1453 958 1621 997 infantes

234 1018 284 1056 ab
305 1031 351 1056 ea
372 1031 453 1056 non
475 1016 692 1056 excluserit.

287 1073 348 1109 1ῙΙ.
382 1072 459 1110 Sed
481 1072 674 1110 eademne
695 1083 823 1117 causa,
848 1082 948 1119 quae
969 1068 1008 1107 in
1030 1067 1342 1108 Circumcisione
1363 1066 1494 1115 valuit,
1517 1078 1624 1104 1111110

234 1127 284 1165 ad
307 1125 554 1175 Baptismum
575 1124 811 1163 admittendi
832 1125 952 1163 sunt?

289 1181 338 1218 Ρ.
370 1182 532 1217 Prorsus
567 1180 731 1217 eadem:
775 1192 898 1229 quum
938 1176 1219 1227 promissiones
1254 1189 1351 1226 quas
1385 1174 1478 1213 olim
1514 1176 1624 1212 Deus

236 1234 385 1283 populo
417 1233 633 1271 Israelitico
663 1233 827 1271 dederat
847 1243 953 1270 nunc
983 1230 1059 1269 sint
1088 1243 1156 1280 per
1182 1237 1308 1268 totum
1339 1229 1475 1268 orbem
1502 1226 1627 1278 publi-

236 1296 357 1326 catae.

291 1342 354 1379 All.
385 1340 507 1391 Atqui
540 1353 634 1378 num
669 1340 760 1379 inde
793 1339 942 1389 colligis
975 1339 1129 1388 signum
1163 1350 1321 1388 quoque
1355 1336 1625 1386 usurpandum

238 1396 353 1433 esse?

292 1450 340 1486 Ρ.
373 1447 452 1496 Qui
483 1448 586 1485 bene
616 1447 812 1496 utrimque
843 1446 1039 1496 expendet
1068 1445 1214 1493 omnia,
1242 1446 1318 1483 hoc
1338 1444 1529 1493 consequi
1549 1441 1627 1481 ani-

241 1502 469 1540 madvertet.
529 1502 670 1550 Neque
692 1500 795 1539 enim
819 1500 901 1538 eius
920 1499 1077 1550 gratiae,
1099 1512 1199 1549 quae
1222 1498 1357 1537 Israeli
1377 1505 1468 1536 ante
1487 1498 1630 1535 collata

240 1556 375 1602 suerat,
399 1556 472 1593 hac
494 1556 578 1604 lege
599 1568 672 1592 nos
701 1554 908 1604 participes
936 1552 1027 1592 fecit
1052 1552 1244 1599 Christus,
1267 1559 1308 1591 ut
1337 1553 1398 1590 vel
1425 1550 1628 1590 obscurior

241 1622 331 1658 erga
351 1621 423 1647 nos
445 1616 559 1655 esset,
582 1610 642 1646 vel
663 1609 793 1658 aliqua
814 1621 860 1646 ex
881 1614 989 1657 parte
1011 1606 1229 1644 imminuta.
1287 1605 1396 1655 Quin
1425 1606 1567 1655 potius,
1591 1610 1629 1642 et

242 1662 479 1701 luculentius
501 1676 587 1700 eam
610 1661 649 1700 in
670 1675 742 1701 nos
763 1670 802 1700 et
821 1660 1088 1700 abundantius
1109 1660 1258 1699 effudit.

296 1717 357 1754 M.
390 1718 573 1762 Putasne,
606 1715 637 1753 si
666 1729 688 1753 a
719 1717 923 1765 Baptismo
960 1721 1166 1753 arceantur
1199 1713 1379 1760 infantes,
1416 1712 1628 1763 quicquam

243 1777 450 1820 propterea
471 1769 547 1808 Dei
567 1769 712 1819 gratiae
733 1770 938 1816 decedere,
961 1775 1002 1806 ut
1031 1767 1109 1807 dici
1137 1767 1260 1818 possit
1285 1767 1431 1807 Christi
1457 1767 1645 1808 adventu,

181 1843 183 1845 ·
242 1823 362 1862 fuisse
383 1823 619 1862 imminuta?

297 1878 346 1916 Ρ.
378 1878 427 1915 Id
456 1876 617 1926 quidem
649 1878 852 1915 evidenter
882 1883 998 1926 patet.
1059 1875 1178 1925 Signo
1203 1874 1307 1913 enim
1333 1874 1499 1920 sublato,
1522 1873 1630 1923 quod

244 1932 294 1969 ad
316 1932 537 1969 testandam
560 1930 636 1968 Dei
658 1930 965 1969 misericordiam
986 1936 1025 1967 et
1040 1929 1330 1967 confirmandas
1350 1927 1630 1978 promissiones

244 1983 456 2033 plurimum
478 1985 590 2030 valet,
608 1985 764 2022 deesset
778 1984 893 2022 nobis
908 1982 1049 2021 eximia
1065 1983 1295 2029 consolatio,
1314 1995 1392 2032 qua
1405 1980 1632 2019 fruebantur

244 2045 406 2076 veteres.

300 2092 361 2130 Μ.
393 2091 456 2128 Sic
477 2103 569 2139 ergo
590 2089 734 2128 sentis:
766 2103 887 2139 quum
915 2091 1025 2127 Deus
1053 2089 1127 2127 sub
1151 2088 1271 2127 veteri
1297 2090 1567 2134 Testament0‚
1590 2092 1632 2124 ut

247 2158 287 2183 se
329 2147 484 2182 Patrem
524 2144 772 2193 parvulorum
808 2144 1046 2190 ostenderet,
1088 2142 1221 2181 salutis
1252 2141 1554 2192 promissionem
1592 2139 1632 2177 in

245 2212 382 2237 eorum
403 2197 633 2247 corporibus
654 2196 889 2246 insculptam
919 2210 1005 2234 esse
1034 2195 1198 2234 voluerit
1227 2195 1338 2245 signo
1362 2194 1515 2241 visibili,
1537 2193 1633 2232 indi-

248 2266 270 2281 ‹
247 2265 367 2301 Dnum
393 2253 485 2298 fore,
509 2251 539 2289 51
568 2251 696 2289 minus
717 2249 1026 2288 confirmationis
1047 2262 1068 2287 a
1093 2248 1239 2288 Christi
1262 2249 1434 2288 adventu
1462 2247 1633 2286 habeant

249 2306 408 2343 fideles:
444 2305 606 2354 quando
636 2311 674 2342 et
703 2305 842 2342 eadem
875 2302 993 2341 hodie
1023 2302 1137 2340 nobis
1167 2301 1375 2362 promissio
1403 2301 1631 2345 destinatur,

247 2372 349 2408 quae
370 2357 462 2396 olim
486 2357 677 2404 Patiibus,
701 2365 738 2395 et
758 2356 897 2395 clarius
919 2355 1104 2395 bonitatis
1124 2369 1217 2395 suae
1238 2355 1439 2406 specimen
1459 2352 1603 2394 nobis
1594 2366 1632 2391 m
1675 2382 1678 2385 Α
1701 2368 1715 2386 u

248 2411 407 2452 Christo
428 2411 604 2449 exhibuit
627 2413 746 2450 Deus.

303 2467 348 2503 Ρ.
382 2464 445 2504 Sic
485 2464 623 2503 sentio.
684 2467 887 2503 Praeterea
927 2477 1047 2513 quum
1088 2463 1179 2503 satis
1228 2470 1392 2510 constet,
1429 2462 1506 2501 vim
1548 2460 1632 2500 sub-
