1715 2780
172 117 216 145 12
400 104 520 142 THE
561 101 926 140 NINETv-FIVF,
966 99 1191 144 THESEJs',
1234 109 1330 147 1517
1526 108 1570 145 27

245 225 337 271 No.
360 237 422 272 12.
486 223 717 267 Luther's
751 222 924 265 Letter
953 222 1007 263 to
1041 220 1221 263 Albert
1252 217 1309 263 of
1335 217 1513 261 Mainz.

228 309 575 353 Reverendissimo
623 309 663 348 in
706 307 866 349 Christo
910 307 1024 354 Patri,
1068 303 1338 344 Illustrissimo
1384 303 1572 351 Domino,

174 368 352 407 Domino
373 366 550 413 Alberto‚
575 361 930 414 Magdeburgensis
957 374 1004 400 ac
1029 358 1349 411 Moguntinensis
1371 358 1574 397 Ecclesiae

173 421 486 472 Archiepiscopo
544 417 720 466 Primati,
777 414 1002 455 Marchioni
1059 414 1444 464 Brandenburgensi,
1501 414 1573 452 &o

175 477 352 516 Domino
379 488 451 514 suo
472 481 510 513 et
538 471 690 512 Pastori
710 471 750 510 in
777 470 953 519 Christo,
978 468 1254 509 venerabiliter
1278 468 1506 515 metuendo,
1529 480 1575 506 ac

171 528 464 583 gratiosissimo.

227 583 404 625 Gratiam
443 590 481 622 et
514 579 823 620 misericordiam
860 578 937 619 Dei
975 586 1014 618 et
1045 577 1238 629 quicquid
1270 583 1400 628 potest
1434 584 1472 615 et
1504 585 1574 615 est.

175 642 297 679 Parce
317 638 426 685 mihi,
446 635 772 676 reverendissime
793 634 832 673 in
856 633 1016 674 Christo
1038 634 1164 681 Pater,
1188 631 1375 681 Princeps
1405 630 1577 669 illustris-

175 694 284 742 sime,
313 693 422 744 quod
446 704 519 743 ego
542 691 606 730 fex
632 688 840 729 hominum
860 695 1014 728 tantum
1046 687 1175 726 habeo
1199 684 1440 733 temeritatis,
1464 692 1506 724 ut
1526 686 1578 724 ad

175 749 334 788 culmen
372 754 463 786 tuae
503 743 763 785 Sublimitatis
809 756 928 782 ausus
967 742 1105 781 fuerim
1145 741 1316 792 cogitare
1355 739 1576 790 epistolam.

177 802 308 842 Testis
329 808 388 842 est
418 800 515 840 mihi
546 798 743 838 Dominus
764 800 891 848 Jesus,
916 798 1026 848 quod
1054 809 1166 835 meae
1187 791 1446 846 parvitatiset
1460 794 1578 844 turpi-

175 856 324 897 tudinis
363 856 458 894 mihi
497 853 680 894 conscius
719 852 787 892 diu
827 852 904 891 iam
932 850 1078 897 distuli,
1113 852 1222 900 quod
1257 862 1363 888 nunc
1397 848 1579 899 perfricta

176 913 304 951 fronte
323 909 499 962 perficio,
519 915 721 960 permotus
742 920 861 958 quam
889 906 1059 945 maxime
1084 904 1214 944 officio
1236 903 1434 943 fidelitatis
1454 916 1576 951 meae,

178 979 297 1018 quam
327 973 418 1005 tuae
446 962 796 1003 reverendissimae
824 960 1051 1000 Paternitati
1081 959 1121 997 in
1149 958 1308 999 Christo
1339 958 1485 997 debere
1516 970 1578 995 me

177 1033 361 1072 agnosco,
421 1018 614 1069 Dignetur
648 1018 781 1067 itaque
807 1024 874 1055 tua
908 1015 1064 1054 interim
1095 1013 1303 1054 Celsitudo
1337 1013 1497 1052 oculum
1528 1013 1579 1051 ad

178 1077 379 1127 pulverem
400 1086 523 1112 unum
545 1072 761 1120 intendere,
786 1079 823 1109 et
850 1078 985 1109 votum
1015 1082 1147 1108 meum
1177 1081 1246 1118 pro
1268 1076 1333 1106 tua
1362 1075 1399 1106 et
1427 1066 1581 1117 pontifi—

179 1129 254 1169 cali
274 1127 485 1168 clementia
506 1126 731 1176 intelligere.

233 1183 573 1223 Circumferuntur
594 1179 861 1230 indulgentiae
892 1179 1050 1229 papales
1079 1178 1152 1216 sub
1180 1184 1249 1215 tuo
1270 1175 1581 1226 praeclarissimo

179 1239 292 1277 titulo
311 1238 363 1276 ad
388 1235 576 1275 fabricam
598 1237 634 1274 S.
660 1233 774 1281 Petri,
798 1233 837 1272 in
859 1232 1003 1283 quibus
1025 1246 1106 1270 non
1134 1233 1236 1270 adeo
1263 1243 1408 1269 accuso
1433 1229 1582 1280 praedi-

180 1300 356 1332 catorum
377 1289 693 1336 exclamationes,
717 1301 814 1339 quas
836 1301 917 1325 non
944 1286 1087 1334 audivi,
1112 1287 1181 1325 sed
1209 1286 1328 1324 doleo
1356 1284 1582 1323 falsissimas

181 1345 458 1397 intelligentias
498 1345 635 1396 populi
674 1357 721 1382 ex
752 1342 826 1381 illis
857 1350 1082 1392 conceptas,
1117 1353 1214 1390 quas
1254 1340 1370 1389 vulgo
1405 1338 1582 1388 undique

181 1401 337 1448 iactant,
372 1398 565 1446 videlicet,
605 1399 715 1449 quod
754 1397 920 1436 credunt
960 1395 1135 1434 infelices
1174 1393 1340 1441 animae,
1383 1393 1414 1432 si
1453 1392 1583 1432 literas

181 1454 514 1506 indulgentiarum
548 1451 798 1499 redemerint,
832 1451 941 1501 quod
972 1449 1098 1489 securi
1133 1448 1210 1487 sint
1242 1449 1292 1487 de
1331 1449 1457 1487 salute
1491 1460 1583 1486 sua:

182 1510 287 1558 item,
320 1510 429 1560 quod
457 1507 613 1547 animae
643 1508 693 1546 de
723 1505 948 1557 purgatorio
979 1504 1108 1543 statim
1145 1504 1313 1551 evolent,
1346 1502 1414 1541 ubi
1444 1502 1584 1541 contri-

182 1564 387 1604 butionem
407 1564 448 1602 in
468 1562 605 1602 cistam
627 1560 867 1600 coniecerint
885 1577 890 1599 :
921 1560 1078 1607 deinde,
1098 1566 1226 1597 tantas
1247 1570 1333 1597 esse
1353 1558 1423 1595 has
1443 1558 1585 1608 gratias

183 1627 225 1658 ut
251 1619 403 1657 nullum
432 1619 481 1657 sit
506 1617 608 1656 adeo
632 1628 819 1666 magnum
847 1621 1067 1665 peccatum,
1090 1612 1208 1652 etiam
1232 1611 1291 1662 (ut
1311 1611 1438 1661 aiunt)
1460 1611 1491 1649 si
1518 1625 1586 1661 per

184 1672 428 1724 impossibile
448 1671 536 1722 quis
558 1678 722 1709 matrem
748 1669 822 1708 Dei
844 1668 1041 1711 violasset,
1062 1668 1158 1717 quin
1179 1666 1301 1717 possit
1324 1665 1420 1704 solvi
1437 1681 1447 1713 ;
1478 1665 1582 1713 item,

184 1727 292 1779 quod
323 1728 446 1765 homo
479 1739 547 1777 per
586 1727 677 1764 istas
718 1722 982 1774 indulgentias
1018 1721 1114 1760 liber
1149 1721 1197 1760 sit
1230 1721 1282 1759 ab
1313 1720 1423 1758 omni
1457 1733 1586 1770 poena

184 1790 222 1822 et
250 1782 377 1832 culpa.

239 1837 275 1876 O
308 1838 418 1875 Deus
451 1834 612 1884 optime,
644 1833 699 1872 sic
731 1831 962 1872 erudiuntur
993 1830 1148 1869 animae
1181 1829 1256 1868 tuis
1288 1829 1401 1877 curis,
1437 1829 1586 1879 optime

186 1893 309 1939 Pater,
342 1889 577 1929 commissae
612 1889 663 1927 ad
702 1895 880 1933 mortem,
913 1893 951 1925 et
983 1887 1025 1924 fit
1055 1893 1174 1935 atque
1205 1883 1344 1923 crescit
1379 1883 1587 1922 durissima

186 1945 284 1984 ratio
304 1944 375 1984 tibi
402 1944 607 1983 reddenda
636 1955 752 1992 super
779 1940 966 1979 omnibus
986 1939 1080 1978 istis.
1140 1938 1296 1978 Idcirco
1317 1945 1445 1977 tacere
1473 1951 1588 1987 super

186 2001 284 2038 haec
303 1999 472 2050 amplius
493 2011 574 2036 non
595 1998 717 2047 potui.
760 1997 855 2035 Non
876 1994 982 2034 enim
1004 1995 1045 2033 fit
1066 1995 1188 2032 homo
1210 2007 1278 2042 per
1298 1994 1422 2031 ullum
1444 2006 1587 2030 munus

187 2053 362 2104 episcopi
392 2065 551 2091 securus
581 2053 631 2091 de
659 2052 794 2098 salute,
815 2063 906 2089 cum
932 2062 1004 2088 nec
1035 2062 1103 2098 per
1128 2047 1291 2098 gratiam
1316 2047 1390 2086 Dei
1419 2047 1587 2085 infusam

188 2109 254 2146 fiat
275 2120 446 2154 securus,
469 2108 538 2146 sed
561 2119 716 2155 semper
736 2105 775 2143 in
797 2105 937 2142 timore
958 2111 996 2143 et
1017 2110 1186 2142 tremore
1206 2101 1316 2140 iubet
1338 2114 1410 2140 nos
1438 2100 1587 2151 operari

189 2163 354 2201 salutem
382 2169 555 2200 nostram
578 2161 818 2210 Apostolus:
849 2166 886 2197 et
916 2157 1040 2196 iustus
1061 2156 1123 2195 vix
1150 2155 1385 2195 salvabitur:
1416 2156 1589 2205 denique

189 2224 269 2255 tam
289 2223 395 2255 arcta
410 2223 468 2254 est
485 2215 545 2254 via
561 2228 662 2265 quae
679 2213 788 2253 ducit
808 2214 858 2251 ad
878 2212 996 2250 vitam
1014 2219 1055 2250 ut
1074 2210 1271 2249 Dominus
1288 2223 1355 2261 per
1372 2210 1589 2260 Prophetas

191 2273 314 2309 Amos
347 2278 384 2309 et
417 2269 645 2308 Zachariam
681 2268 889 2306 salvandos
923 2267 1094 2317 appellet
1126 2273 1248 2303 torres
1281 2272 1412 2315 raptos
1451 2265 1501 2302 de
1537 2263 1589 2300 in-

190 2326 346 2373 cendio,
365 2332 403 2363 et
425 2323 572 2374 ubique
591 2322 787 2361 Dominus
809 2320 1078 2360 difficultatem
1101 2318 1235 2358 salutis
1255 2318 1480 2357 denunciet.

245 2379 462 2427 Quomodo
487 2391 578 2429 ergo
605 2390 672 2428 per
697 2377 780 2415 illas
812 2377 925 2414 falsas
956 2374 1157 2413 veniarum
1187 2373 1338 2411 fabulas
1369 2380 1406 2410 et
1432 2370 1591 2421 promis-

191 2432 320 2471 siones
341 2434 488 2471 faciunt
509 2433 701 2483 populum
723 2444 903 2470 Securum
931 2437 968 2467 et
995 2428 1079 2467 sine
1106 2427 1276 2466 timore?
1334 2427 1434 2466 Cum
1465 2425 1591 2462 indul-

191 2486 344 2536 gentiae
365 2499 522 2536 prorsus
550 2485 646 2524 nihil
676 2485 771 2523 boni
797 2485 1000 2523 conferant
1024 2482 1232 2521 animabus
1259 2481 1309 2519 ad
1334 2481 1499 2518 salutem
1525 2486 1591 2516 aut
