1715 2780
178 104 225 138 82
262 101 381 139 THE
403 101 540 138 DIET
563 100 633 138 OF
655 97 875 143 WORMS,
899 107 943 143 27
968 94 1190 144 JAN.-25
1214 92 1348 138 MAY,
1378 101 1473 140 1521
1516 100 1572 137 40

179 206 324 245 Caesar
344 203 637 254 benignissime,
660 201 850 250 lectisque
869 213 892 238 a
914 211 1057 248 magno
1078 194 1324 236 Cancellario
1351 192 1574 233 Sanctitatis

179 260 343 297 Vestrae
363 257 509 306 litteris,
528 257 731 307 respondit
752 255 939 306 profecto,
959 265 1039 290 non
1060 264 1128 301 per
1148 249 1399 308 interpretem
1420 255 1487 286 aut
1508 261 1576 298 per

181 319 427 362 praesentem
467 312 740 362 paedagogum
780 309 851 347 sed
889 320 957 357 per
996 318 1037 343 se
1071 305 1200 354 ipsum
1235 311 1290 362 et·
1312 309 1507 362 saplenter
1538 309 1577 339 et

181 374 327 413 sancte,
361 379 402 404 se
436 378 506 416 pro
539 366 686 403 tuenda
717 377 757 401 re
788 359 1054 401 ecclesiastica
1082 366 1121 397 et
1159 359 1384 396 Sanct1tat1s
1413 357 1578 415 Vestrae

182 419 376 469 Sedisque
423 418 678 469 Apostolicae
726 415 916 466 dignitate
964 413 1082 452 etiarn
1129 411 1249 450 vitam
1297 417 1575 469 expositurum.

183 475 325 523 Neque
346 474 443 511 haec
464 474 592 511 solum
613 472 732 510 verba
751 471 821 508 sed
841 477 879 507 et
909 470 1095 518 pleraque
1114 465 1190 504 alia
1213 473 1293 503 tam
1320 465 1412 502 hu1e
1439 475 1580 501 causae

183 527 486 565 accommodate
506 534 559 572 ut,
583 538 706 575 quum
736 537 782 562 ea
811 536 912 572 quae
941 520 1152 559 audiebam
1174 532 1264 557 cum
1291 517 1337 555 iis
1362 517 1579 575 conferrem

184 593 285 630 quae
319 581 370 618 de
403 587 513 618 tanto
544 578 724 628 Principe
756 577 796 615 in
826 575 939 614 Italia
972 581 1010 613 et
1042 585 1244 623 perperam
1272 578 1310 610 et
1336 569 1581 629 iniquissime

185 633 569 680 circumferebantur,
591 646 672 671 non
702 643 858 682 possem
887 642 968 667 non
992 627 1084 666 istas
1105 625 1330 665 falsissimas
1351 632 1390 663 et
1417 623 1584 683 iniustis-

186 687 303 725 simas
333 687 484 737 linguas
512 699 669 725 mecum
697 684 813 723 tacite
837 684 1044 722 devovere.
1102 679 1248 718 Dicant
1268 678 1373 717 enim
1393 677 1583 727 qulcquld

185 740 317 787 velint,
339 740 444 778 visus
465 748 523 778 est
551 739 646 778 mihi
667 739 731 777 hic
754 737 939 787 Princeps
960 743 998 774 et
1018 734 1169 785 egregie
1193 734 1377 772 cordatus
1404 738 1442 770 et
1468 732 1585 780 longe

187 807 302 844 super
322 807 448 832 annos
469 795 651 844 prudens,
674 794 761 842 plus
783 799 915 829 tamen
936 790 1081 827 habere
1096 789 1212 836 longe
1232 786 1272 824 in
1288 798 1444 844 recessu
1465 797 1584 834 quam

188 847 227 885 in
244 849 371 886 fronte
391 861 482 898 prae
504 861 544 886 se
561 848 655 886 ferat
671 861 681 894 3
704 859 806 892 nam,
826 851 1017 894 quantum
1033 843 1084 880 ad
1101 840 1328 890 religionem
1345 847 1383 877 et
1398 845 1585 889 pietatem

189 901 337 949 attinet,
361 903 467 951 apud
488 914 626 940 omnes
648 899 715 950 qui
736 912 826 937 cum
848 911 896 936 eo
916 904 1117 935 versantur
1140 894 1180 932 in
1201 894 1383 932 confesso
1410 899 1468 930 est
1495 904 1585 929 eum

190 955 338 993 nemini
359 957 419 994 vel
441 954 590 1005 privato
611 956 671 992 vel
694 952 865 1002 Principi
887 953 960 989 hac
982 950 1021 988 in
1043 956 1150 1000 parte
1171 948 1322 986 cedere.
1341 977 1349 984 .
1369 977 1376 984 .
1397 978 1403 985 .

191 1082 281 1124 No.
313 1094 376 1136 41.
448 1084 705 1127 Aleander
748 1094 813 1124 on
856 1081 942 1123 the
987 1078 1270 1132 anti-papal
1314 1076 1591 1120 sentiment

601 1140 659 1183 of
690 1139 960 1193 Germany,
993 1138 1020 1180 8
1051 1137 1169 1179 Feb.

249 1238 302 1273 At
324 1244 492 1286 present,
515 1238 566 1274 all
589 1237 788 1285 Germany
810 1235 840 1273 is
862 1235 901 1273 in
923 1233 1168 1273 commotion
1186 1247 1194 1269 :
1226 1231 1319 1270 nine
1336 1239 1405 1269 out
1418 1231 1462 1269 of
1477 1243 1591 1280 every

196 1297 261 1327 ten
290 1303 355 1338 cry
388 1291 594 1337 ‘Luther',
626 1291 707 1328 and
737 1291 803 1328 the
828 1290 950 1335 tenth,
980 1287 1012 1326 if
1038 1289 1087 1326 he
1112 1288 1165 1325 do
1194 1293 1264 1324 not
1288 1298 1376 1323 care
1405 1285 1463 1323 for
1492 1285 1592 1322 what

198 1344 347 1381 Luther
382 1356 479 1393 says,
511 1351 550 1381 at
577 1345 674 1381 least
704 1343 813 1390 eries,
840 1343 992 1380 ‘Death
1024 1349 1065 1379 to
1095 1342 1161 1378 the
1191 1340 1315 1379 Court
1342 1339 1386 1376 of
1417 1339 1593 1376 Rome!’

197 1397 277 1434 and
311 1410 425 1446 every
457 1410 533 1435 one
572 1398 769 1436 demands
800 1397 880 1434 and
919 1394 1069 1434 shrieks
1112 1392 1326 1433 ‘Council!
1376 1391 1593 1431 Councill'

197 1451 276 1488 and
309 1449 381 1487 will
416 1452 516 1488 have
551 1450 579 1488 it
613 1450 653 1488 in
682 1452 881 1499 Germany
897 1464 906 1496 ,-
935 1450 1014 1487 and
1049 1449 1162 1486 those
1198 1447 1284 1484 who
1315 1446 1438 1494 ought
1469 1452 1510 1483 to
1541 1445 1594 1483 do

200 1510 302 1541 most
332 1505 389 1541 for
420 1517 474 1550 υς,
505 1518 576 1553 yea
606 1505 663 1542 for
689 1505 935 1549 themselves,
966 1515 1076 1540 some
1106 1508 1174 1539 out
1205 1501 1249 1539 of
1273 1498 1457 1549 timidity,
1485 1511 1595 1537 some

200 1556 257 1593 sor
279 1557 441 1606 despite,
464 1559 608 1605 others,
632 1559 730 1597 each
752 1559 810 1596 for
830 1556 889 1595 his
911 1569 998 1594 own
1019 1555 1190 1594 interest.

231 1681 322 1724 No.
354 1694 428 1736 42.
489 1682 719 1726 Luther’s
749 1694 958 1725 answer
986 1680 1159 1724 before
1191 1680 1438 1733 Emperor
1466 1679 1568 1722 and

703 1740 830 1791 niet,
861 1741 909 1782 18
938 1738 1098 1792 April.

261 1835 449 1883 Sequenti
481 1835 573 1874 feria
605 1837 753 1885 quinta,
794 1844 883 1885 post
917 1843 1095 1885 quartam
1130 1832 1452 1883 pomeridianam,
1493 1831 1599 1870 venit

208 1886 388 1925 Fetialis³
417 1896 455 1926 et
481 1897 727 1938 assumptum
754 1891 803 1927 D.
833 1889 1050 1927 Martinum
1075 1887 1115 1925 in
1145 1886 1305 1926 Curiam
1326 1886 1504 1925 Caesaris
1521 1898 1601 1935 per-

207 1941 329 1986 duxit,
360 1940 428 1978 ubi
458 1949 616 1990 propter
645 1942 873 1992 Principum
906 1942 1188 1991 occupationes
1217 1941 1269 1978 ad
1297 1947 1447 1978 sextam
1476 1951 1601 1988 usque

209 1994 363 2039 mansit,
396 2002 626 2043 exspectans
660 1994 699 2032 in
730 2008 871 2044 magna
901 1994 1108 2034 hominum
1143 1992 1371 2043 frequentia,
1404 2005 1446 2031 se
1477 1993 1601 2042 ipsam

209 2054 438 2085 conterente
477 2060 568 2096 prae
606 2048 731 2086 turba.
791 2049 975 2097 Cumque
1008 2059 1216 2085 consessus
1246 2047 1370 2084 sactus
1404 2053 1505 2084 esset
1525 2044 1539 2065 ²
1564 2053 1602 2084 et

212 2101 261 2139 D.
287 2101 480 2138 Martinus
500 2108 654 2147 astaret,
677 2101 852 2150 prorupit
874 2100 1061 2139 Officialis
1078 2100 1093 2123 3
1115 2100 1155 2137 in
1175 2101 1273 2138 haec
1293 2099 1411 2138 verba
1424 2114 1486 2136 ε·-

268 2154 467 2191 Hesterno
495 2154 645 2203 vesperi
667 2155 859 2193 Caesarea
889 2154 1076 2192 Maiestas
1103 2154 1205 2191 hanc
1235 2154 1370 2191 horam
1395 2152 1467 2190 tibi
1494 2151 1602 2198 dixit,

213 2208 385 2245 Martine
407 2208 589 2253 Luthere,
612 2207 938 2256 quandoquidem
955 2208 1084 2252 libros,
1101 2219 1199 2255 quos
1221 2207 1303 2243 heri
1323 2204 1602 2252 recensuimus,

213 2269 301 2298 tuos
322 2272 407 2299 esse
428 2262 555 2310 palam
579 2260 768 2310 recepisti.
828 2261 1037 2299 Caeterum
1059 2260 1109 2297 ad
1130 2259 1415 2307 quaestionem,
1430 2271 1479 2296 an
1495 2258 1605 2308 quid-

349 2361 357 2378 ¹
381 2363 452 2393 The
468 2362 583 2394 herald
598 2363 723 2404 Caspar
738 2364 857 2402 Sturm‚
872 2362 1027 2403 officially
1044 2362 1163 2392 known
1180 2372 1214 2392 as
1232 2363 1239 2377 ‘
1252 2360 1477 2392 Deutschland
1489 2360 1506 2391 ’.

350 2406 362 2425 ²
387 2406 424 2436 In
440 2406 494 2436 the
511 2406 687 2446 Episcopal
704 2406 833 2437 Palaee.

347 2453 357 2469 ³⁴
384 2449 471 2490 John
488 2460 550 2481 von
569 2449 651 2489 Eck,
668 2449 797 2481 Official
815 2449 853 2481 of
864 2449 918 2481 the
935 2448 1143 2489 Arehbishop
1161 2447 1195 2478 of
1209 2447 1312 2478 Trier.
