1715 2780
126 92 201 131 186
284 94 403 131 THE
437 94 854 133 DISPUTATIONS
885 96 959 134 AT
990 86 1220 143 ZURICH‚
1260 108 1358 146 1523
1444 109 1519 146 415

178 198 255 247 57.¹
286 197 484 248 Scriptura
516 211 624 237 sacra
654 199 921 250 purgatorium
954 207 1043 250 post
1077 201 1179 239 hanc
1214 200 1332 238 vitam
1368 202 1520 240 nullum

123 251 243 290 novit.

176 307 239 356 58.
274 306 565 345 Defunctorum
588 306 779 346 iudicium
801 307 873 346 soli
897 309 986 346 Deo
1007 308 1210 358 cognitum
1232 316 1303 348 est.

178 371 238 410 59.
271 360 497 409 Quominus
518 362 568 400 de
588 360 696 400 hisce
716 362 832 400 rebus
853 362 968 400 nobis
989 364 1134 402 revelat
1151 365 1272 410 Deus,
1291 364 1368 402 hoc
1389 363 1519 403 minus

123 414 238 452 nobis
259 414 582 465 pervestigandae
606 423 707 454 sunt.

177 470 241 506 60.
272 467 312 506 Si
341 468 428 518 quis
457 482 529 519 pro
556 469 719 508 mortuis
749 469 948 518 sollicitus,
971 471 1078 521 apud
1109 472 1241 510 Deum
1270 471 1433 521 gratiam
1465 473 1520 511 eis

121 521 304 572 implorat
325 530 390 561 aut
410 530 599 573 precatur,
618 537 699 562 non
719 525 893 572 damno,
886 540 893 546 ·
924 526 993 564 sed
1015 533 1170 575 tempus
1191 527 1242 565 de
1262 527 1338 564 hoc
1355 527 1519 565 definire

120 583 158 614 et
179 584 337 626 propter
352 584 559 627 quaestum
576 578 732 616 mentiri
748 592 828 617 non
850 580 1068 617 humanum
1086 587 1144 618 est
1160 581 1230 619 sed
1243 580 1497 620 diabolicum.

175 632 236 669 61
241 631 254 651 ²
293 632 356 670 De
386 632 619 679 charactere,
652 645 771 682 quem
806 635 1012 683 postremis
1047 633 1154 672 hisce
1184 635 1428 685 temporibus
1458 650 1519 674 ex-

119 684 340 734 cogitarunt
359 685 534 732 sacrifici,
557 685 655 724 nihil
674 687 782 725 novit
802 687 935 725 divina
956 687 1164 738 Scriptura.

175 741 237 777 62.
265 738 465 800 Scriptura
479 739 576 778 alios
593 741 840 791 presbyteios
854 748 921 780 aut
937 743 1161 781 sacerdotes
1177 756 1258 780 non
1272 743 1381 782 novit
1396 756 1515 794 quam

117 805 184 831 eos
206 794 273 843 qui
293 794 457 832 verbum
480 794 556 833 Dei
576 795 830 834 annunciant.

173 849 234 896 63.
268 847 350 886 Illis
370 861 462 887 vero
481 849 727 900 presbyteris,
745 851 796 888 de
817 849 960 900 quibus
982 849 1161 898 diximus,
1179 850 1245 901 qui
1262 851 1426 890 verbum
1442 852 1517 890 Dei

118 902 355 951 praedicant,
375 903 573 953 Scriptura
592 903 726 942 divina
746 903 856 943 iubet
876 912 917 942 ut
938 905 1158 943 necessaria
1179 905 1459 944 ministrentur.

173 956 249 1003 64³
280 955 360 1005 Qui
391 970 560 995 errorem
591 966 822 1007 agnoscunt,
853 958 926 996 illis
954 958 1052 996 nihil
1083 960 1219 997 damni
1250 960 1516 1009 inferendum,

115 1009 287 1048 ferantur
306 1017 439 1049 autem
459 1012 589 1050 donec
610 1011 648 1049 in
670 1025 767 1062 pace
797 1014 1005 1060 decedant,
1030 1012 1176 1053 deinde
1203 1016 1511 1053 sacerdotiorum

117 1064 223 1102 bona
243 1063 349 1102 iuxta
370 1064 634 1104 Christianam
659 1066 889 1105 charitatem
911 1066 1152 1106 ordinentur.

170 1120 232 1168 65.
265 1117 344 1167 Qui
366 1132 533 1158 errorem
557 1133 636 1158 non
657 1128 878 1170 agnoscunt
898 1134 973 1159 1166
995 1129 1160 1171 ponunt,
1181 1124 1270 1160 Deo
1292 1130 1382 1161 sunt
1403 1122 1516 1161 relin-

115 1172 275 1220 quendi,
299 1185 373 1211 nec
389 1172 445 1211 vis
466 1173 696 1223 corporibus
718 1174 871 1213 illorum
894 1176 1099 1214 inferenda
1114 1175 1187 1214 nisi
1206 1184 1284 1214 tam
1302 1177 1515 1216 enormiter

113 1238 159 1264 ac
176 1228 419 1266 tumultuose
436 1241 476 1266 se
492 1235 638 1278 gerant,
654 1236 696 1266 ut
712 1242 869 1279 parcere
886 1229 960 1267 illis
977 1229 1216 1280 magistratui
1234 1232 1340 1269 salva
1356 1231 1515 1281 publica

114 1280 395 1330 tranquillitate
414 1295 496 1320 non
521 1283 646 1321 liceat.

168 1336 231 1373 66.
262 1335 487 1374 Humilient
508 1349 550 1375 se
570 1336 675 1375 illico
704 1337 931 1388 quicunque
953 1337 993 1375 in
1013 1338 1180 1376 ecclesia
1200 1346 1291 1377 sunt
1312 1340 1509 1388 praefecti,

113 1400 351 1439 crucemque
381 1390 526 1429 Christi
556 1390 655 1440 (non
684 1391 841 1443 cistam)
873 1392 1044 1442 erigant!
1079 1400 1145 1431 aut
1175 1392 1344 1443 perditio
1374 1407 1509 1432 eorum

111 1443 236 1491 adest,
258 1456 350 1481 nam
371 1444 517 1483 securis
538 1445 658 1484 radici
678 1446 828 1484 arboris
849 1454 908 1485 est
931 1447 1103 1485 admota.

167 1499 228 1545 67.
262 1496 301 1535 Si
331 1497 393 1535 cui
423 1498 519 1537 libet
549 1499 740 1538 disserere
771 1514 927 1539 mecum
958 1502 1008 1539 de
1033 1500 1209 1548 decimis,
1233 1501 1435 1549 reditibus,
1459 1503 1509 1541 de

112 1550 326 1589 infantibus
358 1565 438 1591 non
470 1553 686 1603 baptizatis,
727 1555 778 1593 de
816 1555 1129 1603 confirmatione,
1165 1569 1244 1595 non
1280 1557 1510 1595 detrectabo

111 1606 363 1655 colloquium.

207 1707 299 1752 No.
333 1710 424 1762 187.
487 1710 655 1755 Letter
686 1711 744 1754 of
768 1712 962 1754 Adrian
995 1713 1062 1755 VI
1094 1713 1147 1755 to
1179 1712 1410 1768 Zwingli,

632 1780 687 1821 23
721 1769 835 1822 Jan.
868 1781 990 1822 1523.

166 1858 319 1897 Dilecte
341 1858 404 1907 fili,
428 1860 594 1898 salutem
616 1867 653 1898 et
673 1860 931 1911 apostolicam
954 1863 1299 1903 benedictionem!
1359 1865 1507 1904 Remit-

110 1912 229 1951 timus
263 1913 527 1952 venerabilem
560 1915 715 1953 fratrem
750 1915 951 1954 Ennium*
986 1918 1218 1967 episcopum
1248 1920 1503 1967 Verulanum,

109 1968 324 2016 praelatum
346 1967 608 2006 domesticum
630 1976 808 2007 nostrum
839 1977 876 2009 et
906 1971 1146 2021 apostolicae
1174 1972 1278 2010 sedis
1300 1973 1503 2020 nuncium,

109 2019 312 2059 hominem
346 2023 554 2071 prudentia
586 2030 624 2061 et
664 2024 742 2062 fide
773 2031 1048 2085 praestantem,
1082 2027 1133 2064 ad
1167 2025 1281 2064 istam
1317 2026 1503 2066 invictam

107 2073 303 2134 nobisque
323 2082 361 2114 et
382 2075 473 2114 huic
494 2084 652 2115 sanctae
673 2077 756 2116 sedi
777 2077 1140 2118 coniunctissimam
1160 2081 1373 2129 nationem,
1392 2089 1433 2119 ut
1454 2083 1504 2120 de

107 2127 286 2166 maximis
305 2129 422 2168 rebus
441 2143 514 2168 nos
535 2132 703 2169 eandem
724 2133 860 2171 sedem
888 2140 1092 2183 totamque
1117 2133 1381 2173 Christianam
1409 2148 1505 2173 rem-

107 2182 305 2231 publicam
326 2185 657 2223 concernentibus
678 2199 767 2223 cum
790 2185 856 2224 illo
876 2194 975 2235 agat.
1027 2189 1059 2224 I
1062 2187 1137 2226 icet
1152 2196 1283 2226 autem
1302 2188 1336 2226 ei
1352 2189 1503 2227 dederi-

107 2249 194 2274 mus
223 2235 262 2274 in
286 2237 482 2276 mandatis
512 2245 555 2277 ut
584 2252 629 2277 ea
658 2240 922 2278 communiter
950 2254 1041 2279 cum
1069 2241 1255 2280 omnibus
1279 2250 1316 2280 et
1345 2243 1502 2291 publice

106 2296 268 2328 tractet:
300 2298 432 2329 tamen
453 2304 542 2330 cum
566 2293 615 2331 de
646 2300 711 2330 tua
735 2294 888 2344 egregia
912 2296 1052 2333 virtute
1077 2295 1296 2345 specialiter
1317 2295 1432 2334 nobis
1453 2298 1500 2335 sit

282 2388 292 2407 ¹
316 2389 504 2431 Purgatory.
847 2392 858 2409 ²
882 2393 1075 2424 Priesthood
1092 2393 1154 2424 and
1171 2393 1368 2425 ordination.

280 2431 292 2451 ³
315 2433 450 2474 Putting
465 2444 556 2475 away
574 2435 611 2465 os
621 2436 746 2467 abuses.

278 2476 289 2494 ⁴
316 2477 438 2507 Ennius
454 2477 636 2516 Filouardi,
655 2479 778 2520 Bishop
795 2479 832 2510 of
844 2479 968 2519 Veroli,
991 2479 1148 2520 1503-46.
