1715 2780
165 108 217 146 42
256 99 375 137 THE
399 99 535 137 DIET
557 99 629 138 OF
649 99 869 146 WORMS,
893 110 937 147 27
962 99 1157 148 JAN.—2
1167 111 1185 149 5
1211 101 1342 145 MAY,
1373 112 1468 150 1521
1517 103 1564 150 85

218 203 383 249 Tamen,
416 201 508 252 quia
537 203 659 240 homo
684 214 770 240 sum
799 208 837 240 et
864 215 945 240 non
975 204 1096 250 Deus,
1113 202 1190 241 alio
1219 203 1438 253 patrocinio
1464 203 1562 242 meis

165 255 306 295 libellis
338 256 479 295 adesse
511 269 591 295 non
620 269 782 306 possum
812 269 931 306 quam
962 256 1045 306 ipse
1078 256 1275 296 Dominus
1308 270 1419 296 meus
1453 259 1562 297 Iesus

165 309 345 350 Christus
374 311 484 349 affuit
513 323 606 349 suae
630 310 833 349 doctrinae
858 311 936 361 qui,
963 324 1053 349 cum
1080 324 1212 350 coram
1245 313 1395 350 Hanna
1416 312 1466 351 de
1494 326 1564 351 sua

165 363 344 404 doctrina
372 364 508 403 fuisset
538 364 796 415 interrogatus
823 372 862 403 et
889 366 1044 415 alapam
1073 378 1095 404 a
1122 365 1302 404 ministro
1331 366 1560 417 accepisset,

165 418 284 457 dixit:
315 418 355 457 Si
377 420 478 458 male
498 420 652 457 locutus
674 433 772 467 sum,
796 418 1066 458 testimonium
1090 419 1253 470 perhibe
1275 421 1325 459 de
1346 421 1465 460 malo.
1524 420 1564 459 Si

166 471 364 512 Dominus
392 472 486 523 ipse,
516 472 583 523 qui
611 473 760 512 sciebat
788 486 873 512 sese
897 487 1022 513 errare
1052 487 1132 513 non
1163 487 1290 525 posse,
1318 488 1401 513 non
1430 482 1564 513 tamen

165 526 396 566 detrectavit
416 527 688 566 testimonium
710 529 896 566 adversus
918 541 1028 566 suam
1044 528 1264 567 doctrinam
1278 528 1426 577 audire,
1444 530 1563 568 etiam

164 594 186 620 a
206 580 395 620 vilissimo
416 594 539 629 servo,
557 589 705 632 quanto
726 582 848 632 magis
869 595 942 632 ego
963 583 1059 630 faex,
1076 596 1157 621 non
1174 582 1248 622 nisi
1266 597 1390 622 errare
1408 592 1562 634 potens,

165 635 295 674 debeo
316 643 496 686 expetere
517 643 554 674 et
576 644 801 686 exspectare
818 636 848 674 si
877 637 964 686 quis
992 637 1263 676 testimonium
1287 639 1452 676 reddere
1473 637 1564 676 velit

163 691 350 729 adversus
372 703 501 729 meam
523 690 755 729 doctrinam.

220 746 360 794 Itaque
374 757 468 794 rogo
482 757 550 794 per
571 744 880 784 misericordiam
900 747 973 783 Dei
996 747 1032 784 S.
1051 747 1106 783 M.
1124 748 1171 784 V.
1192 745 1563 796 Illustrissimaeque

168 799 285 837 Dom.
310 800 450 846 Vestr.,
472 806 539 837 aut
564 798 806 849 quicumque
827 801 999 847 tandem,
1024 801 1084 838 vel
1112 813 1290 839 summus
1317 802 1379 839 vel
1403 800 1562 839 infimus

166 851 300 903 possit,
346 853 484 892 reddat
522 852 806 901 testimonium,
840 855 1050 892 convincat
1085 867 1245 902 errores,
1282 862 1439 905 superet
1474 856 1564 893 scri-

164 907 287 956 pturis
326 906 566 957 propheticis
598 914 637 946 et
671 907 905 958 evangelicis
922 923 931 955 3
979 908 1248 958 paratissimus
1292 909 1399 948 enim
1430 922 1507 956 ero,
1531 908 1563 947 si

165 962 330 999 edoctus
359 962 480 1009 fuero,
510 974 791 1012 quemcunque
818 975 987 1001 errorem
1018 975 1212 1011 revocare,
1239 976 1385 1013 eroque
1415 964 1563 1014 primus

165 1016 232 1064 qui
253 1014 407 1054 libellos
429 1028 538 1054 meos
560 1016 600 1053 in
621 1017 750 1065 ignem
773 1016 988 1066 proiiciam.
1014 1046 1020 1053 .
1046 1048 1053 1056 .
1079 1047 1086 1055 .

221 1068 297 1107 His
327 1069 442 1107 dictis
472 1069 615 1108 Orator
645 1070 815 1120 Imperii,
847 1070 1147 1120 increpabundo
1172 1071 1321 1119 similis,
1344 1071 1441 1110 dixit
1472 1085 1561 1110 eum

165 1135 246 1161 non
261 1123 313 1162 ad
333 1136 415 1161 rem
435 1123 686 1173 respondisse
703 1137 776 1163 nec
797 1125 942 1164 debere
964 1124 1002 1162 in
1017 1127 1292 1175 quaestionem
1309 1127 1439 1164 vocari
1461 1139 1563 1176 quae

165 1176 259 1215 olim
298 1177 338 1216 in
378 1177 567 1217 Conciliis
606 1185 737 1216 essent
776 1180 963 1217 damnata
995 1186 1032 1217 et
1064 1181 1250 1218 definita:
1291 1179 1383 1219 ideo
1425 1180 1476 1218 ab
1516 1192 1563 1219 eo

165 1231 245 1281 peti
275 1232 439 1282 simplex
460 1240 497 1270 et
529 1245 609 1271 non
640 1240 848 1270 cornutum
880 1247 1124 1283 responsum,
1160 1236 1223 1272 An
1260 1236 1350 1273 velit
1381 1247 1563 1273 revocare

165 1286 226 1324 vel
256 1287 370 1324 non?

222 1341 302 1378 Hic
333 1340 529 1378 Lutherus
549 1342 790 1389 :—-Quando
820 1355 911 1392 ergo
942 1344 978 1380 S.
1005 1344 1060 1380 M.
1084 1344 1130 1380 V.
1178 1342 1562 1393 Dominationesque

165 1401 314 1432 vestrae
333 1394 497 1444 simplex
517 1408 748 1445 responsum
772 1403 921 1445 petunt,
946 1397 1052 1435 dabo
1074 1397 1170 1436 illud
1197 1410 1326 1447 neque
1352 1404 1561 1436 cornutum

166 1461 295 1498 neque
322 1449 528 1487 dentatum
553 1448 593 1486 in
618 1450 723 1488 hunc
752 1451 917 1489 modum
939 1465 944 1487 :
981 1450 1067 1489 Nisi
1093 1452 1297 1490 convictus
1325 1452 1435 1490 fuero
1461 1453 1563 1491 testi-

166 1501 307 1541 moniis
335 1503 620 1552 Scripturarum
648 1511 714 1541 aut
743 1505 893 1542 ratione
918 1504 1102 1544 evidente
1132 1506 1241 1555 (nam
1270 1519 1399 1556 neque
1432 1508 1563 1556 Papae

165 1569 295 1606 neque
315 1556 505 1596 Conciliis
526 1557 619 1595 solis
640 1558 771 1604 credo,
795 1571 884 1596 cum
908 1565 1062 1597 constet
1090 1573 1157 1598 eos
1181 1572 1327 1598 errasse
1348 1561 1503 1610 saepius
1526 1568 1563 1599 et

166 1609 239 1648 sibi
267 1609 360 1661 ipsis
390 1612 701 1659 contradixisse),
734 1611 858 1650 victus
889 1626 974 1650 sum
1007 1613 1214 1663 Scripturis
1244 1627 1266 1652 a
1297 1628 1359 1652 me
1380 1615 1563 1653 adductis

165 1672 360 1715 captaque
390 1672 448 1703 est
478 1665 720 1704 conscientia
749 1667 787 1704 in
816 1667 946 1704 verbis
974 1667 1072 1706 Dei:
1104 1681 1286 1706 revocare
1317 1681 1449 1718 neque
1478 1681 1564 1718 pos<

167 1731 252 1756 sum
282 1731 412 1769 neque
444 1720 534 1757 volo
568 1721 798 1770 quidquam,
830 1734 920 1758 cum
954 1729 1091 1759 contra
1125 1722 1411 1760 conscientiam
1450 1735 1564 1773 agere

165 1785 294 1822 neque
325 1781 453 1812 tutum
483 1773 541 1820 sit,
566 1787 696 1824 neque
722 1774 927 1825 integrum.
990 1775 1070 1814 Hie
1101 1777 1210 1815 stehe
1240 1776 1314 1814 ich.
1377 1777 1447 1815 Ich
1487 1778 1565 1815 kan

166 1825 275 1865 nicht
295 1828 448 1867 anders.
510 1829 607 1867 Gott
627 1829 725 1867 helff
741 1828 824 1867 mir.
884 1831 1025 1868 Amen.
1053 1861 1060 1868 .
1084 1861 1090 1868 .
1116 1861 1122 1868 .

198 1942 287 1986 No.
322 1955 395 1997 43.
455 1943 562 1988 The
595 1945 889 2046 Emperor?
922 1945 1233 2045 declaration
1268 1946 1323 1990 of
1348 1947 1532 2003 policy‚

748 2015 800 2056 19
877 2015 955 2057 pr1
977 2035 987 2046 .

223 2093 293 2143 My
313 2095 597 2143 predecessors‚
621 2096 687 2133 the
715 2103 817 2134 most
845 2095 1043 2135 Christian
1074 2098 1286 2147 Emperors
1316 2099 1360 2136 os
1391 2099 1564 2137 German

169 2159 266 2194 race,
298 2149 365 2186 the
395 2148 581 2187 Austrian
610 2150 843 2196 archdukes‚
875 2151 955 2189 and
985 2151 1110 2189 dukes
1140 2152 1184 2188 of
1208 2153 1433 2202 Burgundy,
1466 2165 1563 2190 were

168 2200 265 2239 until
280 2202 397 2240 death
426 2203 492 2241 the
519 2210 641 2241 truest
669 2216 760 2241 sons
788 2205 832 2241 of
852 2205 918 2242 the
946 2204 1128 2243 Catholic
1153 2206 1325 2252 Church‚
1349 2206 1565 2255 defending

168 2255 247 2293 and
268 2257 480 2306 extending
501 2258 601 2295 their
623 2257 744 2296 belief
760 2265 800 2296 to
821 2259 887 2296 the
907 2259 1015 2308 glory
1036 2260 1081 2296 of
1097 2260 1201 2307 God‚
1216 2260 1283 2298 the
1304 2261 1562 2310 propagation

169 2309 214 2346 of
245 2309 312 2348 the
342 2311 452 2358 faith,
484 2312 550 2349 the
582 2311 771 2350 salvation
811 2313 856 2350 of
890 2314 990 2350 their
1028 2314 1144 2351 souls.
1205 2315 1319 2363 They
1359 2315 1457 2352 have
1497 2314 1563 2351 left

171 2361 318 2402 behind
338 2365 446 2403 them
468 2366 534 2403 the
555 2366 647 2415 holy
668 2366 851 2405 Catholic
872 2367 962 2405 rites
983 2368 1067 2405 that
1091 2368 1108 2405 Ι
1131 2368 1275 2406 should
1304 2369 1378 2407 live
1398 2368 1476 2406 and
1499 2368 1563 2406 die

170 2416 331 2465 therein,
363 2420 442 2457 and
475 2432 518 2458 so
553 2419 651 2458 until
684 2433 770 2459 now
805 2420 895 2458 with
928 2421 1052 2460 God’s
1086 2422 1151 2461 aid
1188 2423 1205 2460 Ι
1239 2424 1337 2460 have
1372 2422 1486 2467 lived,
1520 2435 1561 2460 as

169 2468 354 2510 becomes
385 2486 406 2510 a
437 2473 634 2512 Christian
666 2475 868 2524 Emperor.
929 2477 1045 2514 What
1079 2489 1141 2525 my
1174 2476 1401 2514 forefathers
1437 2475 1562 2514 estab-
