1715 2780
196 121 268 157 268
453 119 570 157 THE
602 119 738 156 DIET
769 119 839 158 OF
870 117 1188 164 AUGSBURG‚
1224 128 1323 166 1530
1519 117 1584 155 116

748 221 795 257 A.
855 221 917 258 De
948 220 1036 258 fide.

250 298 283 334 3.
317 286 453 334 Quum
476 283 591 335 igitur
619 283 799 324 doctrina
821 284 871 323 de
900 284 990 332 fide,
1022 296 1142 334 quarn
1171 289 1325 333 oportet
1353 282 1394 321 in
1420 284 1586 323 ecclesia

196 338 447 389 praecipuam
468 352 564 386 esse,
582 346 662 377 tam
679 338 746 377 diu
771 337 932 376 iacuerit
952 337 1094 388 ignota,
1117 338 1457 387 quemadmodum
1477 337 1587 377 fateri

195 406 334 432 omnes
356 406 516 432 necesse
537 400 606 439 est,
629 394 679 431 de
707 391 799 431 fidei
822 391 968 430 iustitia
990 391 1224 430 altissimum
1248 390 1446 430 silentium
1467 391 1585 430 fuisse

196 447 235 485 in
267 446 537 493 concionibus,
571 453 722 485 tantum
758 445 978 484 doctrinam
1010 458 1173 496 operum
1204 452 1395 484 versatam
1427 458 1512 484 esse
1545 447 1586 484 in

196 500 382 548 ecclesiis,
406 500 528 539 nostri
548 501 683 549 defide
703 499 758 538 sic
777 500 1069 538 admonuerunt
1089 499 1273 538 ecclesias
1290 515 1297 538 :

250 568 285 602 4.
316 554 526 604 Principio,
569 555 677 604 quod
716 567 834 603 opera
874 561 1007 592 nostra
1040 566 1121 591 non
1152 553 1305 603 possint
1335 553 1586 592 reconciliare

198 610 341 656 Deum,
381 616 448 647 aut
486 609 624 647 mereri
669 607 940 646 remissionem
983 615 1234 657 peccatorum
1274 614 1312 646 et
1348 607 1510 658 gratiam
1548 615 1588 646 et

196 662 526 709 iustificationem‚
549 663 618 701 sed
646 663 749 700 hanc
773 668 925 700 tantum
954 662 1031 701 fide
1057 660 1344 711 consequimur,
1367 663 1584 709 credentes,

195 718 302 766 quod
323 723 481 766 propter
501 716 702 756 Christum
723 715 955 766 recipiamur
974 716 1014 753 in
1027 716 1200 765 gratiam,
1223 715 1290 765 qui
1311 716 1416 754 solus
1436 715 1587 766 positus

197 778 254 808 est
280 770 473 809 mediator
502 778 540 808 et
569 769 893 820 propitiatorium,
916 783 984 820 per
1012 782 1131 819 quem
1160 769 1433 808 reconcilietur
1460 771 1584 808 Pater.

198 825 340 873 Itaque
364 824 431 874 qui
458 824 623 863 confidit
648 823 833 874 operibus
861 836 902 862 se
932 822 1069 862 mereri
1097 822 1270 873 gratiam,
1298 823 1329 862 is
1358 831 1587 874 aspernatur

197 877 343 918 Christi
378 879 559 917 meritum
590 885 628 916 et
655 877 829 928 gratiam,
853 884 891 915 et
920 877 1071 927 quaerit
1100 877 1184 916 sine
1214 878 1372 916 Christo
1402 877 1586 916 humanis

196 932 341 970 viribus
362 933 463 970 viam
485 933 535 970 ad
558 934 701 979 Deum,
723 945 846 981 quum
867 931 1047 971 Christus
1068 932 1119 970 de
1143 944 1184 970 se
1205 932 1367 970 dixerit:
1396 932 1483 981 Ego
1503 944 1585 969 sum

196 988 271 1033 via,
294 987 436 1024 veritas
455 992 491 1023 et
507 987 598 1024 vita.

252 1052 285 1090 5.
319 1041 434 1078 Haec
454 1040 634 1078 doctrina
654 1040 704 1078 de
726 1040 803 1078 fide
829 1039 977 1089 ubique
1004 1040 1044 1077 in
1072 1040 1195 1078 Paulo
1220 1046 1416 1078 tractatur.
1438 1039 1583 1090 Ephes.

198 1093 222 1131 ii
239 1108 246 1131 :
282 1094 427 1133 Gratia
447 1095 551 1132 salvi
560 1094 667 1142 facti
689 1094 775 1132 estis
793 1099 866 1143 per
874 1094 995 1143 fidem
1008 1107 1027 1137 ,·
1057 1098 1094 1131 et
1116 1093 1184 1131 lzoc
1210 1105 1285 1131 non
1304 1107 1352 1131 ex
1373 1094 1486 1140 vobis,
1507 1094 1591 1131 Dei

195 1149 336 1185 donum
370 1153 432 1194 est,
474 1161 548 1186 netz
579 1161 626 1185 ex
663 1148 835 1197 operibus
872 1155 947 1186 etc.
1004 1150 1040 1185 6.
1072 1148 1123 1186 Et
1161 1160 1211 1186 ne
1249 1146 1336 1197 quis
1374 1148 1584 1194 cavilletur,

196 1215 219 1239 a
249 1201 364 1240 nobis
398 1215 541 1240 novam
576 1201 685 1240 Pauli
720 1201 1081 1251 interpretationem
1120 1200 1340 1251 excogitari,
1373 1208 1456 1240 tota
1488 1202 1586 1239 haec

196 1268 314 1294 causa
352 1256 472 1294 habet
510 1255 735 1294 testimonia
773 1257 946 1294 Patrum.
1018 1257 1122 1294 Nam
1168 1254 1412 1304 Augustinus
1455 1254 1586 1293 multis

196 1308 463 1347 voluminibus
487 1309 664 1348 defendit
692 1309 854 1359 gratiam
885 1317 923 1348 et
950 1308 1135 1347 iustitiam
1166 1310 1258 1348 fidei
1286 1315 1422 1347 contra
1451 1308 1587 1347 merita

197 1375 372 1412 operum.
431 1364 481 1401 Et
506 1362 646 1401 similia
672 1364 790 1402 docet
819 1362 1054 1402 Ambrosius
1081 1364 1132 1401 de
1161 1362 1368 1401 vocatione
1396 1364 1585 1412 gentium,

196 1425 235 1455 et
255 1417 360 1454 alibi.
406 1416 469 1455 Sic
490 1418 596 1455 enim
617 1416 744 1466 inquit
767 1414 807 1468 [i.
829 1418 846 1466 ξ
864 1415 905 1468 5]
929 1418 979 1455 de
999 1416 1208 1455 vocatione
1228 1416 1428 1466 gentium:
1463 1416 1586 1455 ‘Vile-

197 1478 323 1508 sceret
366 1470 587 1520 redemptio
628 1470 827 1520 sanguinis
871 1469 1027 1517 Christi,
1061 1483 1134 1508 nec
1178 1469 1468 1509 misericordiae
1510 1470 1586 1509 Dei

197 1525 460 1562 humanorum
491 1536 654 1574 operum
685 1525 951 1574 praerogativa
980 1524 1264 1570 succumberet,
1287 1525 1316 1562 si
1348 1525 1583 1571 iustificatio‚

197 1590 299 1627 quae
329 1579 370 1616 fit
398 1591 465 1627 per
485 1577 659 1627 gratiam,
683 1577 828 1616 meritis
850 1577 1178 1628 praecedentibus
1200 1577 1419 1625 deberetur,
1442 1587 1484 1617 ut
1505 1591 1586 1617 non

198 1645 342 1670 munus
363 1631 570 1681 largientis,
594 1633 663 1670 sed
685 1644 833 1671 merces
854 1638 956 1670 esset
976 1631 1197 1681 operantis!

254 1697 286 1734 7.
319 1687 572 1735 Quamquam
589 1693 718 1724 autem
741 1687 838 1724 haec
852 1685 1031 1724 doctrina
1043 1686 1308 1724 contemnitur
1322 1685 1373 1724 ab
1386 1685 1586 1735 imperitis,

197 1747 330 1778 tamen
351 1741 600 1789 experiuntur
620 1739 707 1789 piae
726 1752 772 1777 ac
792 1739 957 1789 pavidae
977 1738 1252 1787 conscientiae,
1268 1740 1478 1789 plurimum
1499 1752 1584 1778 eam

197 1793 478 1831 consolationis
498 1795 644 1841 afferre,
668 1793 759 1843 quia
780 1793 1045 1832 conscientiae
1069 1806 1151 1831 non
1170 1800 1336 1843 possunt
1357 1793 1468 1831 reddi
1488 1800 1587 1831 tran-

197 1847 341 1896 quillae
368 1860 436 1896 per
462 1848 540 1885 ulla
569 1861 698 1897 opera,
730 1848 799 1886 sed
824 1854 976 1885 tantum
1001 1848 1090 1893 fide,
1121 1860 1243 1896 quum
1268 1854 1374 1885 certo
1398 1854 1585 1894 statuunt,

197 1901 304 1950 qnod
342 1908 500 1949 propter
538 1900 739 1940 Christum
778 1900 949 1939 habeant
980 1902 1177 1950 placatum
1212 1902 1341 1938 Deum
1358 1914 1368 1948 3
1401 1902 1588 1950 quemad-

198 1955 361 1991 modum
402 1955 546 1991 Paulus
585 1956 702 1993 docet
741 1956 859 1992 Rom.
895 1968 939 1992 v:
978 1954 1187 2002 falsificati
1212 1961 1289 2003 per
1307 1954 1428 2002 fidem
1453 1960 1586 2003 pacem

196 2008 374 2045 habemus
389 2009 495 2056 apud
506 2009 647 2045 Deum.
707 2010 741 2045 8.
773 2009 875 2046 Tota
891 2008 988 2045 haec
1004 2007 1183 2045 doctrina
1202 2008 1253 2045 ad
1273 2006 1369 2045 illud
1389 2015 1588 2046 certamen

197 2062 492 2111 perterrefactae
513 2061 776 2099 conscientiae
791 2062 994 2099 referenda
1010 2068 1078 2107 est,
1095 2073 1167 2098 nec
1184 2060 1267 2099 sine
1287 2062 1354 2098 illo
1374 2060 1587 2099 certamine

197 2114 359 2164 intelligi
389 2121 528 2164 potest.
588 2116 721 2163 Quare
750 2115 851 2152 male
885 2113 1060 2152 iudicant
1087 2115 1137 2152 de
1167 2127 1212 2152 ea
1241 2127 1280 2152 re
1309 2114 1489 2153 homines
1519 2116 1587 2152 im-

198 2167 307 2217 periti
331 2175 367 2206 et
388 2167 550 2218 profani,
574 2168 641 2217 qui
662 2167 925 2207 Christianam
948 2167 1133 2206 iustitiam
1155 2167 1252 2206 nihil
1279 2181 1365 2207 esse
1389 2167 1587 2206 somniant

197 2222 270 2260 nisi
291 2221 445 2260 civilem
467 2229 504 2259 et
524 2221 837 2271 philosophicam
858 2220 1055 2259 iustitiam.

250 2290 285 2325 9.
318 2275 424 2315 Olim
438 2275 677 2313 vexabantur
689 2274 952 2313 conscientiae
965 2277 1137 2313 doctrina
1153 2281 1304 2324 operum
1321 2290 1331 2324 3
1360 2288 1441 2314 non
1456 2274 1587 2314 audie-

198 2329 293 2367 bant
345 2343 391 2368 ex
440 2328 642 2378 evangelio
692 2328 1015 2367 consolationem.
1094 2330 1300 2377 Quosdam
1342 2328 1585 2367 conscientia

198 2384 344 2432 expulit
376 2382 415 2420 in
449 2383 658 2428 desertum,
690 2382 730 2419 in
762 2382 1008 2429 monasteria,
1041 2390 1239 2433 sperantes
1269 2381 1323 2420 ibi
1352 2395 1394 2421 se
1422 2383 1583 2432 gratiam

198 2436 402 2475 merituros
424 2449 509 2475 esse
529 2449 596 2486 per
616 2435 734 2474 vitam
756 2436 1026 2474 monasticam.
1085 2436 1163 2474 Alii
1179 2436 1253 2474 alia
1269 2437 1584 2485 excogitaverunt

197 2503 315 2539 opera
335 2491 383 2529 ad
405 2491 705 2540 promerendam
721 2489 883 2540 gratiam
905 2497 942 2527 et
963 2489 1281 2529 satisfaciendum
1310 2502 1379 2540 pro
1399 2488 1581 2540 peccatis.
