1715 2780
179 98 251 135 352
497 84 615 121 THE
650 83 782 121 LAST
812 81 938 118 WAR
970 79 1245 117 BETWEEN
1498 88 1568 124 142

203 188 292 232 No.
327 199 417 242 142.
479 186 587 230 The
618 151 1154 238 attempted'reforms
1187 181 1243 225 of
1268 181 1550 230 Hermann,

511 242 833 296 Archbishop
866 241 922 285 of
947 241 1097 293 K61n,
1118 251 1238 295 1543.

232 337 294 390 (a)
308 337 584 375 [Vlelanclcthon
599 341 634 374 to
646 335 805 382 Luffler,
820 347 835 372 1
845 347 866 383 9
882 334 1264 383 May.——Postquam
1283 331 1373 371 veni
1390 334 1571 372 Bonnam

180 391 352 432 intellexi
392 390 635 441 Episcopum
675 389 832 428 dedisse
870 388 1102 426 mandatum
1140 394 1183 425 ut
1217 387 1343 425 forma
1370 386 1573 426 doctrinae

181 455 218 486 et
246 446 391 485 rituum
430 444 690 495 proponenda
725 441 900 481 ecclesiis
939 440 1224 488 conscribatur,
1261 449 1299 480 et
1331 440 1493 491 quidem
1521 442 1573 480 ad

182 501 405 550 exemplum
439 496 783 547 Norimbergensis
820 498 980 535 formae.
1038 497 1098 533 Ac
1127 494 1254 533 iussus
1289 508 1376 533 sum
1418 494 1575 534 inchoa-

181 564 265 594 tum
286 567 385 604 opus
412 552 614 602 inspicere.
675 553 723 590 Id
749 552 826 589 hoc
853 549 983 588 triduo
1009 548 1094 597 feci,
1121 548 1342 599 Episcopus
1370 550 1453 587 vult
1478 562 1575 599 pure

182 610 281 648 tradi
302 607 522 646 doctrinam
544 613 582 644 et
602 605 685 644 tolli
706 605 800 643 ritus
820 603 1000 654 publicos
1024 611 1244 654 pugnantes
1271 616 1362 641 cum
1383 604 1572 650 doctrina,

182 665 251 702 sed
272 662 466 701 adversari
493 673 573 698 non
603 659 790 699 desinunt
815 657 1018 705 Canonici,
1051 657 1123 697 etsi
1152 658 1191 695 in
1217 656 1277 695 his
1299 670 1458 707 quoque
1485 665 1575 696 sunt

182 717 249 768 qui
278 716 443 755 aliorum
469 714 696 753 violentiam
723 713 956 763 impediunt.
1014 713 1187 750 Fuerunt
1217 710 1384 750 minitati
1413 711 1575 762 quidam

182 770 390 811 ferociores
412 782 452 808 se
473 781 703 808 excussuros
731 781 816 806 esse
840 766 1094 817 Episcopum.
1152 766 1283 814 Quare
1308 766 1576 816 Landgravius

183 827 235 864 ad
256 823 479 874 Collegium
500 822 663 873 scripsit,
686 835 732 860 ac
752 823 882 872 palam
909 821 1113 859 affirmavit
1135 833 1175 858 se
1189 828 1226 858 et
1251 827 1426 858 caeteros
1447 821 1578 859 foede-

183 888 286 918 ratos
307 885 557 928 suscepturos
578 889 662 915 esse
683 875 956 915 defensionem
985 873 1183 924 Episcopi,
1206 873 1237 911 si
1257 887 1357 924 opus
1381 873 1439 912 sit.
1498 875 1577 912 Sed

185 933 358 983 reliquae
378 931 554 970 civitates
575 938 726 981 praeter
748 930 957 969 Coloniam
973 935 1011 967 et
1032 927 1241 978 praecipua
1254 941 1341 978 pars
1362 927 1577 966 nobilitatis

185 987 331 1038 expetit
347 986 451 1036 piam
474 986 727 1024 ecclesiarum
744 983 1081 1030 constitutionem,
1104 995 1222 1032 quam
1243 981 1379 1021 vident
1402 983 1578 1032 profecto

186 1040 446 1080 necessariam
478 1052 573 1078 esse.
632 1038 708 1076 Vix
729 1038 833 1076 enim
864 1037 957 1075 alibi
987 1036 1027 1074 in
1057 1035 1270 1076 Germania
1299 1043 1453 1075 tantum
1482 1036 1580 1074 arbi-

186 1104 265 1135 tror
285 1094 404 1133 fuisse
427 1103 493 1132 aut
519 1107 603 1132 esse
631 1091 916 1143 superstitionis
941 1090 1167 1130 barbaricae
1190 1097 1228 1129 et
1255 1092 1371 1140 plane
1398 1090 1579 1129 ethnicae

188 1157 379 1200 quantum
401 1148 473 1186 fuit
498 1147 537 1185 in
562 1147 622 1185 his
646 1146 882 1196 regionibus,
906 1153 948 1183 ut
976 1146 1108 1184 adhuc
1137 1145 1316 1195 exempla
1340 1143 1580 1183 currentium

188 1206 239 1243 ad
267 1212 413 1242 statuas
440 1203 666 1240 ostendunt.
725 1201 803 1239 Sed
829 1200 946 1238 video
975 1212 1081 1237 nunc
1106 1197 1318 1238 conciones
1343 1211 1484 1249 magna
1511 1199 1580 1237 fre-

189 1257 351 1308 quentia
384 1256 509 1294 audiri
540 1255 681 1294 Buceri
716 1262 754 1293 et
786 1253 951 1301 Pistorii,
985 1262 1021 1292 et
1060 1254 1332 1292 animadverto
1370 1261 1581 1303 utrumque

190 1325 285 1363 pure
306 1319 343 1349 et
364 1318 468 1349 recte
490 1311 644 1348 docere.
689 1310 788 1347 Sunt
810 1316 847 1347 et
867 1307 931 1345 alii
960 1307 1000 1345 in
1023 1306 1161 1345 vicinis
1185 1306 1334 1357 aliquot
1361 1306 1518 1357 oppidis
1543 1315 1580 1345 et

190 1365 298 1416 pagis
326 1364 392 1414 qui
424 1372 528 1402 recte
559 1365 704 1402 docent
732 1371 770 1401 et
795 1369 1039 1400 sacramenta
1062 1361 1126 1411 pie
1155 1361 1440 1400 administrant.
1501 1360 1579 1399 His

191 1419 309 1458 initiis
342 1426 385 1457 ut
422 1420 531 1456 Deus
565 1418 691 1455 faveat
726 1429 893 1462 oremus,
931 1428 1055 1465 eaque
1090 1416 1289 1465 provehat.
1349 1416 1398 1453 In
1431 1414 1582 1454 ditione

192 1472 402 1512 Iuliacensi
437 1484 594 1522 prorsus
627 1470 876 1521 negliguntur
907 1470 1107 1516 ecclesiae,
1139 1470 1247 1518 quod
1282 1468 1374 1508 belli
1404 1476 1582 1519 tempore

191 1529 289 1566 solet
309 1526 498 1565 accidere.
559 1524 722 1563 Interim
742 1538 834 1562 vero
851 1531 888 1562 et
912 1523 966 1562 illi
993 1523 1060 1573 qui
1087 1522 1127 1560 in
1152 1523 1217 1561 illa
1241 1522 1398 1573 regione
1415 1524 1583 1562 oderunt

191 1594 329 1633 puram
367 1579 587 1619 doctrinam
626 1580 699 1617 hac
738 1577 946 1616 occasione
990 1576 1191 1616 saevitiam
1239 1585 1419 1616 exercent
1458 1585 1500 1616 ut
1537 1590 1584 1615 ex

190 1635 326 1675 litteris
347 1647 444 1685 quas
464 1633 591 1672 adieci
611 1632 818 1680 videbitur,
840 1645 937 1682 quas
958 1632 1120 1681 quidam
1135 1644 1182 1669 ex
1203 1631 1414 1670 Iuliacensi
1433 1630 1583 1670 ditione

193 1688 356 1740 scripsit.
389 1719 397 1726 .
429 1719 435 1726 .
469 1719 475 1726 .
510 1689 595 1726 Iam
625 1688 699 1725 hac
726 1688 821 1725 hora
855 1685 1037 1725 audimus
1071 1685 1263 1724 Weseliae
1296 1685 1462 1724 abolitas
1498 1698 1584 1724 esse

194 1744 361 1794 privatas
382 1741 519 1780 missas
540 1750 578 1780 et
595 1742 813 1779 institutam
839 1738 1219 1779 administrationem
1237 1740 1397 1778 Coenae
1420 1738 1583 1778 Domini

194 1800 300 1836 iuxta
330 1796 599 1845 Evangelfflm,
632 1802 671 1834 et
699 1794 847 1833 aulicos
878 1794 930 1832 ob
960 1795 1062 1832 hanc
1092 1806 1249 1831 causam
1280 1792 1441 1832 Senatui
1473 1791 1584 1831 mini-

193 1851 279 1899 tari,
301 1881 306 1887 .
331 1880 338 1888 .
361 1881 368 1888 .

250 1904 304 1955 (b)
334 1904 608 1941 Allelanclztlzoac
632 1907 670 1940 to
691 1903 879 1952 Cruczgen
907 1915 952 1951 23
980 1900 1287 1951 May.—Scripsi
1316 1900 1428 1939 vobis
1455 1908 1582 1948 antea,

197 1958 440 2008 Episcopum
468 1964 692 1995 secuturum
720 1969 804 1994 esse
830 1957 995 1993 formam
1017 1954 1402 2004 Norimbergensem,
1425 1962 1586 2004 eratque

196 2020 287 2050 ante
311 2024 444 2049 meum
469 2011 683 2048 adventum
710 2009 909 2047 institutus
930 2009 1027 2047 liber
1045 2009 1096 2046 ad
1118 2009 1340 2057 exemplum
1362 2007 1586 2047 Norimber-

196 2078 316 2116 gense
336 2064 578 2103 scribendus.
640 2062 818 2101 Retinuit
838 2064 1026 2112 pleraque
1057 2061 1241 2100 Osiandri
1263 2063 1448 2108 Bucerus,
1472 2074 1586 2112 quos-

197 2121 289 2158 dam
303 2119 484 2157 articulos
501 2116 617 2163 auxit,
632 2123 674 2154 ut
691 2124 748 2154 est
762 2116 957 2165 copiosus.
992 2115 1095 2153 Mihi
1110 2128 1201 2153 cum
1215 2116 1347 2153 omnia
1363 2115 1584 2166 relegissem

197 2172 373 2212 attribuit
385 2171 568 2210 articulos
584 2171 667 2220 περὶ
679 2173 786 2220 τριῶν
797 2171 1050 2215 ὑποστάσεων,
1067 2170 1117 2207 de
1133 2168 1341 2216 creatione,
1357 2170 1407 2208 de
1423 2176 1586 2220 peccato

199 2226 368 2276 originis,
391 2227 441 2265 de
461 2224 607 2263 iustitia
627 2225 718 2262 fidei
740 2231 777 2261 et
804 2236 979 2273 operum,
1002 2224 1052 2262 de
1074 2222 1262 2269 Ecclesia,
1289 2223 1340 2262 de
1359 2222 1584 2273 penitentia.

201 2283 250 2319 In
281 2280 341 2318 his
376 2278 603 2328 consumpsi
642 2285 797 2327 tempus
836 2278 1037 2324 hactenus,
1078 2284 1115 2314 et
1153 2276 1228 2326 legi
1266 2277 1317 2315 de
1354 2275 1586 2316 ceremoniis

202 2333 386 2385 baptismi
413 2341 450 2372 et
485 2332 647 2372 Coenae
679 2330 843 2370 Domini
868 2344 968 2380 quae
1002 2330 1086 2380 ipse
1117 2329 1350 2380 composuit.
1409 2330 1587 2368 Arbitror

200 2401 300 2439 pene
330 2389 485 2425 finitum
515 2399 599 2425 esse
629 2398 739 2435 opus.
815 2386 993 2423 Avellam
1023 2383 1136 2434 igitur
1165 2397 1228 2422 me
1258 2397 1376 2434 quam
1406 2383 1586 2433 primum.

203 2443 306 2479 Nam
329 2449 527 2479 secuturas
549 2452 634 2478 esse
660 2441 795 2489 longas
822 2438 1123 2477 deliberationes
1153 2445 1191 2476 et
1215 2439 1343 2476 tardas
1366 2436 1586 2475 ratiocinor.

203 2497 300 2533 Sunt
321 2503 357 2533 et
380 2495 418 2532 in
439 2495 526 2532 aula
548 2502 584 2532 et
610 2493 649 2531 in
671 2500 751 2531 tota
778 2492 935 2542 regione
959 2493 1064 2531 docti
1087 2491 1248 2541 quidam
1274 2499 1311 2530 et
1337 2491 1499 2537 nobiles,
1522 2489 1587 2540 qui
