1715 2780
195 67 272 112 464
523 65 759 102 REFORM
795 65 853 102 IN
885 65 1005 102 THE
1037 65 1177 102 REST
1207 65 1278 103 OF
1517 66 1588 102 218

194 169 337 219 quibus
371 169 541 219 primum
572 170 691 207 crevit
727 168 904 214 ecclesia,
939 167 1202 206 eruditionem
1233 175 1271 207 et
1302 181 1430 207 mores
1459 169 1588 220 aliqua

195 225 332 262 saltem
355 222 486 274 specie
505 222 734 261 laudabiles.
793 223 871 260 Sed
892 223 942 261 de
963 223 1023 260 his
1044 223 1146 261 satis.
1171 253 1177 260 .
1203 253 1208 260 .
1231 254 1237 260 .

208 332 299 378 No.
323 343 418 385 219.
472 329 916 385 Image-breaking
947 332 1002 373 at
1031 330 1198 382 Base1‚
1229 341 1282 373 10
1313 331 1431 375 Feb.
1464 342 1589 385 1529.

251 427 309 475 (1)
339 426 376 462 A
400 426 509 461 letter
525 423 572 472 os
588 423 898 472 Oecolampadius
917 428 953 460 to
976 423 1126 472 Capito,
1154 437 1198 473 13
1221 423 1316 462 Feb.
1343 435 1453 473 1529.

249 478 384 518 Gratia
413 484 451 517 et
480 490 555 528 pax
585 491 607 515 a
636 477 806 524 Christo,
830 476 883 514 mi
913 477 1039 515 frater.
1099 478 1246 516 Iterum
1274 479 1451 527 agendae
1475 477 1590 516 nobis

195 541 285 572 sunt
318 534 405 571 Deo
434 531 590 582 gratiae,
622 531 689 581 qui
719 544 843 569 novos
878 538 915 569 et
945 532 1151 580 graviores,
1183 532 1409 570 incruentos
1442 539 1590 579 tamen,

194 586 384 626 ecclesiae
414 593 570 624 nostrae
600 593 730 623 motus
760 584 925 635 pacavit,
957 585 996 622 in
1027 598 1209 635 magnam
1240 585 1470 624 Antichristi
1499 599 1589 624 con-

194 641 403 680 fusionem.
444 641 554 678 Malo
576 641 683 678 nodo
704 652 797 678 suus
816 652 965 678 cuneus
986 639 1157 678 obvenit.
1199 639 1282 678 Ubi
1302 639 1408 678 enim
1425 640 1590 679 ecclesia

195 703 327 734 nostra
357 693 547 733 intellexit
577 706 755 744 proceres
785 707 876 732 suos
906 707 929 731 a
963 695 1109 732 Senatu
1140 694 1297 732 auditos
1327 693 1489 744 quidem
1518 695 1587 732 sed

194 763 275 788 non
297 750 512 795 exauditos,
536 749 616 786 imo
645 749 840 798 repulsam
871 761 1006 797 passos
1037 760 1159 797 quum
1181 747 1383 798 petiissent
1409 755 1589 786 auctores

194 804 300 854 ipsos
322 816 402 842 non
423 810 661 841 servatarum
682 801 987 852 promissionum
1010 814 1031 840 e
1051 801 1198 840 Senatu
1217 801 1373 851 penitus
1392 802 1565 841 amoveri
1582 818 1588 840 :

194 859 360 897 collecta
389 858 428 895 in
458 857 557 895 aede
587 855 936 894 Franciscanorum
967 864 1004 894 et
1034 857 1261 906 expendens
1295 855 1391 906 quid
1424 857 1589 906 posthac

195 912 357 962 periculi
391 911 421 949 si
455 910 695 949 aristocratia
724 910 763 947 in
795 923 1010 960 paucorum
1042 909 1289 960 tyrannidem
1323 911 1587 960 degeneraret,

196 978 426 1015 memorque
448 977 581 1003 secum
603 977 696 1002 suae
712 964 900 1002 libertatis
916 972 954 1002 et
969 963 1146 1014 cogitans
1161 963 1257 1014 quid
1272 965 1416 1014 gloriae
1430 964 1587 1011 Christi,

196 1021 292 1070 quid
322 1019 491 1058 iustitiae
521 1018 714 1068 publicae,
738 1018 915 1068 quidque
945 1017 1161 1068 posteritati
1191 1031 1285 1056 suae
1315 1018 1488 1066 deberet,
1510 1017 1587 1056 iam

196 1088 289 1122 non,
312 1081 354 1112 ut
383 1086 533 1111 morem
565 1072 713 1119 habuit,
746 1072 951 1110 obsecrare
981 1080 1018 1110 et
1048 1071 1196 1122 precari
1225 1073 1295 1110 sed
1324 1073 1522 1122 postulare
1551 1080 1590 1111 et

197 1130 384 1167 Senatum
416 1127 475 1165 sui
506 1126 623 1165 officii
652 1127 893 1174 admonere,
931 1126 1057 1164 missis
1086 1127 1136 1165 ad
1171 1126 1278 1164 illum
1314 1126 1476 1165 delectis
1511 1126 1590 1164 suis

196 1183 236 1220 in
257 1183 418 1220 curiam.
460 1183 511 1219 Et
531 1180 724 1231 principio
746 1180 829 1219 sine
849 1180 966 1218 armis
987 1188 1230 1230 occuparunt
1250 1179 1376 1218 curias
1397 1181 1587 1230 quasdam

196 1235 465 1283 Zunfftarum,¹
486 1235 590 1273 bona
612 1234 817 1272 hominum
835 1241 944 1284 parte
964 1242 1197 1284 pervagante
1218 1233 1256 1272 in
1274 1235 1359 1272 foro
1379 1242 1417 1272 et
1437 1234 1588 1284 plateis,

196 1304 245 1328 ne
272 1291 368 1340 quid
396 1291 494 1328 forte
519 1289 571 1327 ab
591 1288 819 1327 adversariis
840 1287 1067 1326 insidiarum
1095 1295 1314 1327 strueretur.
1374 1290 1588 1338 Postquam

196 1351 328 1382 autem
373 1343 457 1382 dies
500 1342 701 1380 inclinavit
744 1350 781 1380 et
819 1355 1051 1392 responsum
1091 1343 1228 1380 datum
1268 1350 1326 1380 est
1364 1342 1589 1381 nominatos

196 1398 391 1447 quosdam
421 1396 460 1434 in
491 1409 530 1435 re
560 1396 721 1446 quidem
755 1396 992 1446 Evangelica
1025 1397 1155 1445 egredi
1191 1396 1335 1434 debere
1369 1409 1391 1434 e
1429 1397 1586 1442 Senatu,

196 1452 234 1489 in
255 1451 418 1489 caeteris
438 1457 569 1488 autem
591 1451 718 1488 causis
739 1462 854 1499 posse
874 1449 1058 1497 assidere,
1078 1449 1190 1499 plebs
1218 1450 1339 1499 magis
1366 1457 1590 1500 exasperata

196 1514 265 1552 est,
288 1512 556 1554 contemptam
587 1503 771 1541 nimirum
803 1517 843 1542 se
868 1503 1015 1550 videns,
1039 1510 1337 1553 contestataque
1365 1511 1424 1542 est
1450 1504 1587 1542 seiam

197 1572 279 1598 non
311 1558 514 1608 Evangelii
548 1559 618 1596 sed
656 1557 839 1607 publicae
873 1557 1042 1596 iustitiae
1077 1558 1247 1596 tuendae
1278 1570 1396 1596 causa
1425 1558 1588 1596 adesse:

196 1612 481 1652 intolerabilem
512 1612 585 1650 sibi
615 1612 779 1661 posthac
810 1611 1079 1661 tyrannidem:
1120 1624 1200 1650 non
1220 1611 1436 1650 detrectare
1456 1618 1588 1649 tamen

195 1667 236 1705 in
255 1666 339 1705 aliis
361 1667 527 1705 Senatus
546 1666 829 1704 auctoritatem.
890 1667 941 1703 Et
961 1672 1165 1715 propterea
1184 1678 1275 1703 mox
1296 1673 1423 1704 totum
1443 1673 1591 1704 armata

195 1722 322 1760 forum
353 1721 572 1770 occupavit,
595 1732 675 1757 non
705 1720 814 1769 quod
845 1720 1065 1769 opprimere
1093 1719 1277 1758 dominos
1306 1720 1430 1766 vellet,
1453 1720 1524 1758 sed
1549 1727 1590 1758 ut

196 1782 282 1813 tuto
303 1781 341 1813 et
362 1774 445 1812 sine
464 1775 639 1824 periculo
660 1773 861 1823 negotium
882 1774 1120 1823 transigeret.

253 1830 346 1866 Hoc
373 1828 499 1866 sciens
525 1829 692 1866 Senatus
713 1840 794 1865 non
815 1828 940 1865 multo
962 1827 1092 1865 mitior
1113 1828 1237 1865 factus
1259 1834 1327 1865 est.
1388 1828 1448 1865 Ita
1470 1826 1586 1865 etiam

198 1895 367 1931 sequens
388 1883 482 1928 dies,
506 1880 680 1931 alioquin
704 1881 920 1920 Gentilium
944 1894 1051 1919 more
1072 1880 1247 1920 insaniae
1269 1881 1588 1919 sacer—Auber-

197 1936 428 1981 Mittwoche,
466 1934 716 1984 carnisprivia
755 1934 1064 1981 meana—vidit
1102 1935 1259 1985 plebem
1299 1935 1512 1973 ferventem
1552 1943 1588 1972 et

198 1990 238 2027 in
267 1989 384 2027 armis
419 1990 543 2026 curias
579 1996 616 2026 et
646 1989 771 2026 forum
807 1996 1082 2038 occupantem,
1111 1990 1420 2027 adversariorum
1455 1997 1586 2026 autem

198 2044 327 2081 nullus
367 2055 407 2080 se
446 2055 647 2091 opponere
685 2055 802 2080 ausus
841 2042 924 2080 fuit.
996 2043 1146 2081 Consul
1187 2042 1456 2091 Meltingerus,
1496 2055 1587 2080 cum

197 2096 367 2146 Oeglino
388 2096 648 2144 Offenburger
667 2098 875 2141 senatore,²
889 2097 988 2134 clam
1011 2108 1226 2134 conscensa
1246 2097 1436 2142 navicula,
1455 2094 1588 2134 nescio

197 2152 355 2197 Senatu,
391 2151 545 2199 elapsus
579 2156 660 2187 est:
700 2150 809 2198 quod
838 2149 947 2187 illum
978 2149 1051 2187 sibi
1081 2162 1218 2199 parum
1248 2149 1350 2187 bene
1384 2148 1586 2187 conscium

198 2204 395 2242 indicavit.
467 2204 612 2242 Adhuc
652 2210 783 2241 tamen
824 2204 989 2241 Senatus
1027 2205 1077 2241 ad
1116 2202 1422 2253 postulationem
1461 2202 1587 2252 plebis

197 2257 518 2304 obsurdescebat,
541 2264 578 2295 et
606 2257 657 2295 ad
686 2257 850 2295 arbitros
880 2258 1074 2306 quosdam
1104 2257 1171 2307 qui
1200 2256 1239 2294 in
1269 2258 1343 2295 hac
1367 2269 1484 2295 causa
1504 2269 1588 2306 pro-

199 2313 435 2359 nuntiarent,
465 2310 705 2361 provocabat
721 2325 730 2357 3
767 2311 874 2360 quod
905 2318 1038 2349 tamen
1071 2311 1183 2361 plebs
1216 2323 1297 2349 non
1331 2311 1585 2356 detrectabat,

501 2392 507 2409 ¹
533 2391 605 2423 The
621 2391 706 2422 halls
718 2390 755 2422 of
768 2391 823 2422 the
839 2391 955 2432 guilds.

500 2436 511 2453 2
535 2435 607 2467 The
625 2435 854 2475 Burgomaster
870 2435 931 2466 and
948 2434 998 2466 his
1014 2434 1210 2466 son-in-law.
