1715 2780
206 92 279 129 130
309 81 428 118 THE
450 80 577 118 Nssw
599 76 1074 119 ECCLESIASTICAL
1094 76 1321 123 SYSTEiu,
1341 46 1504 126 '1523-4
1535 75 1594 113 66

202 183 437 233 evangelica,
459 182 705 221 annuncians
736 180 1006 219 remissionem
1036 185 1300 228 peccatorum,
1318 178 1435 216 unica
1464 178 1528 215 illa
1557 185 1594 216 et

201 236 430 287 dignissima
456 237 507 275 ad
535 248 711 274 mensam
739 234 899 273 Domini
930 231 1184 284 praeparatio,
1214 232 1245 271 51
1273 233 1351 271 fide
1379 232 1594 283 apprehen-

202 292 317 330 datur
346 303 445 329 nons
469 303 561 329 ecus
590 297 708 340 atque
732 302 779 328 ex
808 301 874 326 ore
902 287 1047 327 Christi
1073 288 1235 337 prolata.
1307 287 1429 326 Unde
1451 287 1593 324 vellem

201 358 288 383 eam
319 344 494 384 nunciari
524 357 635 382 verso
660 344 711 381 ad
731 343 922 392 populum
951 343 1071 388 vultu,
1098 341 1438 391 quemadmodum
1467 341 1595 378 solent

202 398 401 449 Episcopi,
429 399 538 449 quod
567 397 728 436 unicum
759 404 817 434 est
841 395 1046 446 vestigium
1069 394 1357 445 Episcoporum
1377 393 1594 444 priscorum

201 452 241 490 in
261 453 403 491 nostris
426 451 643 502 Episcopis.

255 507 314 558 (6)
346 507 503 545 Deinde
533 504 800 544 communicet
829 511 912 542 tum
943 516 1039 550 sese,
1071 510 1154 541 tum
1183 503 1400 557 populum:
1439 501 1593 541 interim

202 568 381 600 cantetur
401 563 538 609 Agnus
557 560 645 597 Dei.
680 589 687 597 .
720 589 727 596 .
762 587 768 594 .

254 615 314 665 (7)
345 615 383 653 Si
411 614 717 653 Comunmzwaem
744 611 891 650 cantari
918 611 1024 657 libet,
1047 617 1235 649 cantetur.
1282 611 1361 649 Sed
1381 610 1470 648 loeo
1491 622 1594 650 Com-

200 670 371 718 plendae
405 681 473 706 seu
504 667 665 706 ultimae
698 666 914 711 collectae‚¹
946 664 1038 715 quia
1067 665 1146 703 fere
1175 663 1408 702 sacrificium
1439 671 1592 711 sonant,

201 722 372 772 legatur
364 736 405 760 m
420 723 562 760 eodem
576 728 672 759 tono
686 728 810 759 oratio
826 719 916 757 illa
932 719 1052 778 Quod
1066 731 1132 757 ore
1149 717 1401 768 sumpsimus,
1404 718 1531 756 '&cm

257 778 316 827 (8)
347 775 580 814 Benedictio
601 774 714 813 solita
735 775 859 820 detur,
883 774 942 811 vel
963 771 1177 822 accipiatur
1197 771 1261 809 illa
1283 772 1402 809 Num.
1423 770 1472 808 vi.
1505 801 1512 809 .
1544 801 1551 809 .
1585 801 1592 809 .

257 830 320 868 Sic
350 831 400 868 de
432 828 555 868 Missa
590 828 792 873 sentimus,
824 826 863 864 in
899 826 1042 876 quibus
1077 825 1262 864 omnibus
1294 825 1515 863 cavendum
1545 838 1595 862 ne

202 886 328 934 legem
349 897 395 922 ex
416 883 594 921 libertate
615 881 845 920 faciamus..
900 879 970 918 ‚Si
992 879 1133 918 diversi
1154 878 1308 917 diverso
1329 878 1403 916 ritu
1424 885 1594 924 utantur,

201 939 331 976 111111115
365 939 530 975 3116111111
564 938 625 974 vel
664 934 810 973 iudicet
844 911 907 973 vel
938 940 1180 979 contemnat,
1215 933 1285 971 sed
1323 931 1595 982 unusquisque

204 1005 321 1030 sensu
339 1004 410 1029 suo
426 991 603 1029 abundet
620 997 657 1028 et
674 989 780 1027 idem
802 988 999 1038 sapiamus
1020 1000 1066 1025 36
1087 986 1314 1025 sentiamus.
1402 986 1594 1025 .Externi

202 1045 308 1084 enim
338 1045 444 1091 ritus,
476 1044 547 1083 etsi
578 1043 622 1081 iis
658 1056 787 1081 carere
821 1056 902 1080 non
936 1054 1157 1091 possumuS,
1190 1039 1289 1078 sicut
1323 1053 1397 1078 nec
1431 1039 1522 1078 cibo
1555 1048 1593 1078 et

203 1107 311 1149 potu,
343 1112 424 1137 non
454 1106 586 1136 tamen
617 1110 689 1135 nos
721 1098 810 1135 Deo
840 1096 1134 1142 commendant,
1166 1093 1266 1133 sicut
1296 1107 1369 1132 nec
1404 1106 1494 1132 6563
1522 1106 1594 1132 1105

204 1155 294 1192 Deo
321 1153 628 1191 commendat..
702 1152 778 1188 .V
763 1157 882 1189 estes
909 1148 1214 1208 praeterivimus.
1274 1148 1352 1187 Sed
1383 1148 1433 1186 de
1457 1148 1529 1195 his,
1552 1154 1594 1185 ut

203 1208 253 1245 de
277 1207 362 1245 aliis
392 1206 540 1252 ritibus,
567 1181 769 1243 561111111115.
829 1204 1104 1242 Permittamus
1134 1201 1209 1241 illis
1236 1201 1292 1240 uti
1318 1201 1449 1247 libere,
1474 1202 1595 1240 modo

202 1274 350 1311 pompa
370 1268 407 1299 et
428 1261 540 1298 luxus
560 1259 672 1298 absit.

260 1316 374 1353 Haec
403 1315 453 1352 de
485 1312 609 1351 Missa
639 1343 647 1352 .
682 1311 986 1351 ..dixerimus
1047 1312 1165 1349 Nunc
1195 1310 1246 1348 de
1275 1310 1349 1347 ritu
1379 1308 1596 1347 communi-

203 1368 320 1406 candi
359 1367 494 1427 populi
533 1366 722 1413 dicemus,
765 1365 876 1403 cuius
914 1364 1035 1414 gratia
1073 1363 1322 1414 potissimum
1360 1375 1485 1401 coena
1522 1361 1596 1401 ista

204 1421 369 1459 Domini
390 1420 565 1458 instituta
586 1427 644 1458 651
664 1427 702 1458 61
722 1432 770 1458 60
791 1420 950 1457 1101111116
967 1425 1136 1456 νο631111.
1226 1415 1594 1456 ,Ρ61ν615155111111111

205 1484 263 1514 651
284 1475 314 1513 51
336 1474 501 1512 ministri
528 1473 729 1533 publicam
757 1485 923 1511 coenam
952 1471 1115 1510 Domini
1136 1447 1282 1530 parent
1293 1477 1332 1509 et
1352 1477 1504 1516 ornent,
1527 1469 1595 1508 ubi

205 1528 301 1567 nulli
336 1528 412 1567 sint
444 1527 619 1577 hospites
649 1527 716 1577 qui
746 1528 865 1566 edant
895 1533 932 1564 et
962 1525 1112 1571 bibant,
1144 1531 1182 1563 et
1211 1523 1285 1574 ipsi
1314 1523 1386 1562 soli
1415 1523 1483 1573 qui
1511 1523 1596 1561 aliis

206 1582 424 1620 ministrare
444 1582 603 1627 debent,
626 1581 667 1618 in
687 1594 809 1619 vacua
830 1592 965 1618 mensa
986 1586 1024 1617 et
1043 1579 1132 1617 aula
1152 1578 1364 1616 comedant
1385 1584 1423 1615 et
1443 1576 1592 1615 bibant.

206 1638 338 1685 Quare
359 1635 390 1674 si
411 1649 499 1674 vere
521 1634 667 1674 Christi
688 1634 908 1672 institutum
929 1631 1113 1683 amplecti
1134 1633 1326 1679 volumus,
1349 1632 1457 1669 nulla
1476 1631 1595 1669 debet

208 1690 332 1728 Missa
354 1689 507 1727 Privata
527 1687 723 1738 relinqui
715 1701 754 1725 111
775 1687 951 1726 66616513.

262 1743 342 1781 Η16
375 1751 505 1781 autem
537 1743 751 1780 servandus
781 1748 838 1779 est
871 1740 976 1786 ritus,
1008 1739 1075 1790 qui
1106 1738 1147 1777 in
1180 1737 1377 1789 baptismo
1410 1745 1592 1784 servatur,

206 1810 347 1856 nempe
379 1804 421 1834 ut
454 1796 642 1846 episcopo
671 1795 841 1855 primuni
877 1771 1115 1844 significetur
1144 1793 1210 1843 qui
1240 1793 1357 1830 futuri
1387 1791 1464 1830 sint
1492 1804 1596 1831 com-

206 1850 453 1888 municantes
492 1857 705 1899 petantque
743 1850 818 1899 ipsi
855 1861 979 1886 coena
1019 1845 1183 1886 Domini
1221 1844 1514 1891 communicari,
1555 1852 1597 1883 ut

207 1917 342 1941 eorum
370 1911 408 1942 et
435 1903 597 1941 nomina
617 1911 655 1941 et
675 1902 794 1940 vitam
821 1914 1058 1951 cognoscere
1083 1907 1223 1950 queat:
1253 1899 1398 1938 deinde
1418 1905 1596 1949 petentes

208 1970 288 1995 non
304 1956 496 2003 admittat,
514 1956 588 1994 nisi
610 1956 801 1994 rationem
823 1955 915 1994 fidei
936 1968 1029 1993 suae
1048 1953 1301 1999 reddiderint,
1320 1959 1358 1991 et
1373 1951 1596 2002 interrogati

207 2010 480 2059 responderint
507 2022 556 2047 an
582 2009 797 2059 intelligant
825 2008 920 2058 quid
948 2008 996 2046 sit
1020 2020 1145 2046 coena
1173 2005 1350 2054 Domini,
1371 2005 1466 2056 quid
1490 2018 1596 2055 prae-

208 2072 292 2110 stet,
334 2077 413 2112 quo
452 2076 525 2100 usu
564 2063 628 2100 illa
665 2063 785 2101 velint
823 2062 948 2112 potiri.
981 2092 988 2099 .
1023 2091 1030 2099 .
1062 2092 1069 2098 .
1102 2060 1280 2098 Arbitror
1318 2066 1451 2098 autem
1493 2059 1595 2097 hanc

207 2116 551 2166 interrogationem
584 2147 590 2153 .
623 2146 630 2154 .
664 2146 670 2154 .
703 2117 890 2162 sufficere,
919 2115 949 2153 si
979 2116 1100 2153 semel
1129 2114 1169 2152 in
1198 2126 1303 2152 anno
1332 2113 1399 2150 fiat
1427 2125 1518 2150 cum
1548 2125 1596 2150 6ο

208 2170 275 2220 qui
297 2170 393 2220 petit
413 2169 705 2207 communicari.
740 2200 747 2207 .
818 2168 1031 2215 .Deinde,
1052 2167 1119 2206 ubi
1140 2167 1349 2225 episcopus
1369 2165 1508 2204 viderit
1527 2178 1595 2204 eos

208 2224 421 2272 intelligere
438 2224 534 2260 haec
551 2222 694 2269 omnia,
712 2199 829 2261 etiani
851 2224 927 2260 hoc
948 2220 1184 2268 observabit,
1199 2233 1249 2258 an
1264 2219 1343 2257 vita
1362 2226 1400 2257 et
1420 2218 1595 2257 moribus

207 2291 294 2316 eam
316 2278 434 2315 fidem
457 2284 493 2314 et
514 2275 808 2325 intelligentiam
830 2276 1048 2324 probent..
1082 2304 1089 2311 .
1121 2304 1128 2312 .

265 2330 421 2369 Deinde
456 2328 523 2367 ubi
560 2328 683 2366 Missa
716 2329 942 2374 celebratur,
979 2326 1163 2365 convenit
1195 2334 1237 2364 ut
1268 2324 1594 2364 communicaturi

209 2397 383 2422 seorsum
415 2396 494 2421 uno
524 2384 640 2420 loco.
697 2388 918 2419 ,6011516111
977 2381 1042 2418 Ad
1072 2381 1147 2418 hoc
1177 2379 1281 2417 enim
1312 2385 1507 2428 repertum
1537 2386 1596 2417 est

556 2446 564 2463 ¹
590 2448 597 2462 ‘
611 2445 742 2476 Placeat
759 2446 830 2483 tibi,
847 2449 958 2476 saneta
974 2442 1141 2483 Trinitas)
1160 2445 1219 2474 &e.
