1715 2780
93 96 142 135 73
261 85 382 123 THE
413 83 646 123 MISSION
678 82 749 121 OF
779 78 1130 125 CAMPEGGIO,
1168 89 1322 127 1523—4
1422 81 1491 125 145

91 189 234 229 viduae
272 187 411 240 pupilli
449 194 489 227 et
529 185 593 225 alii
641 196 833 237 pauperes
871 179 1039 221 nimium
1079 182 1178 220 ultra
1212 180 1312 219 vires
1351 177 1496 217 iniuste

91 250 312 295 graventur.
346 274 354 281 .
387 272 395 280 .
427 273 434 280 .

147 301 181 337 8.
214 296 409 338 Convivia
428 297 754 347 presbyterorum,
771 306 872 344 quae
889 291 928 330 in
945 289 1120 341 exequiis
1137 297 1175 328 et
1191 287 1497 328 fraternitatibus

93 351 252 404 publice
272 352 312 390 in
329 350 501 390 tabernis
524 352 730 399 hucusque
751 346 924 386 exhibita
945 353 1046 392 sunt,
1070 357 1227 395 prorsus
1247 344 1495 393 abrogamus,

94 408 204 458 quod
224 407 458 456 plerumque
484 403 592 443 laicis
619 403 696 442 sint
722 402 937 441 scandalo:
967 399 999 438 si
1024 407 1156 437 autem
1185 397 1410 436 convivium
1438 396 1499 434 vel

93 461 342 500 consuetudo
363 461 424 498 vel
437 461 614 498 locorum
631 456 816 496 distantia
830 455 967 505 exiget,
983 455 1050 492 fiat
1071 453 1167 491 illud
1185 452 1224 490 in
1238 453 1361 490 domo
1376 462 1498 489 sacer-

93 516 207 562 dotis,
226 516 473 564 honesteque
494 527 575 552 non
594 513 646 551 ad
666 513 800 550 luxum
821 510 892 548 sed
912 509 963 547 ad
984 508 1259 547 necessitatem
1276 505 1499 543 instruatur.

95 569 300 620 Siquidem
331 581 461 618 neque
490 565 771 606 comessationi
801 576 931 613 neque
956 560 1243 612 compotationi
1275 560 1498 598 vacandum

94 632 152 662 est
173 622 454 668 sacerdotibus,
471 635 562 660 cum
579 621 688 672 quod
703 633 783 658 non
804 617 967 656 audiant
983 629 1145 666 quorum
1159 617 1271 654 Deus
1289 619 1345 652 est
1361 618 1499 659 venter,

96 685 178 717 tum
200 678 310 728 quod
340 675 457 716 officii
484 689 620 715 eorum
645 682 704 714 est
731 681 768 712 et
789 671 919 712 sobrie
940 679 978 709 et
999 678 1104 710 caste
1125 683 1196 720 pro
1217 667 1388 720 peccatis
1414 668 1502 705 Deo

96 733 203 772 dona
223 730 491 781 sacrificiaque
512 731 660 768 offerre.

151 801 186 837 9.
233 788 354 825 Porro
389 798 439 824 ne
466 792 504 823 et
535 783 610 834 ipsi
644 783 849 822 videantur
891 778 1083 831 pecuniae
1123 777 1337 828 aucupium
1379 774 1503 826 magis

97 854 216 892 quam
237 839 371 879 salutis
392 838 611 878 animarum
637 836 811 876 studium
836 833 1033 886 amplecti,
1057 834 1153 872 dum
1181 832 1303 870 laicos
1329 829 1505 881 graviora

97 895 241 934 delicta
260 895 462 933 confessos
483 893 577 932 hinc
597 892 690 931 inde
711 890 925 937 remittunt,
944 902 1025 927 non
1042 887 1126 926 sine
1147 888 1274 924 famae
1295 896 1505 933 rerumque

99 948 333 1001 dispendio:
375 947 652 987 constituimus
691 953 730 984 et
769 945 998 983 ordinamus
1038 949 1081 980 ut
1115 940 1304 990 deinceps
1339 938 1505 989 quilibet

100 1005 302 1044 confessor
317 1003 520 1042 absolvere
536 1000 659 1052 possit
674 1001 795 1038 laicos
812 997 1001 1037 contritos
1022 1004 1060 1035 et
1081 996 1284 1034 confessos
1305 1007 1327 1031 a
1347 992 1507 1043 quibus-

100 1071 259 1109 cunque
293 1056 465 1108 peccatis
495 1054 660 1094 occultis
692 1086 699 1093 .
733 1085 739 1091 .
773 1084 780 1091 .
810 1066 911 1103 quae
940 1049 1138 1091 Ordinarii
1163 1062 1257 1088 suae
1283 1045 1506 1086 auctoritati

100 1118 404 1158 reservaverunt,
424 1109 595 1160 exceptis
616 1110 807 1148 duntaxat
828 1105 1049 1152 homicidis,
1068 1103 1273 1142 haereticis
1295 1109 1333 1141 et
1354 1113 1507 1140 excom-

103 1166 312 1205 municatis
346 1166 397 1204 ad
432 1164 663 1216 episcopum
698 1164 759 1201 vel
791 1161 874 1200 eius
906 1160 1094 1198 vicarium
1127 1156 1340 1196 mittendis.
1413 1156 1508 1204 Quo

101 1228 235 1260 autem
255 1221 306 1260 ad
327 1219 504 1267 clericos,
519 1218 616 1256 nihil
638 1217 770 1268 quoad
792 1222 982 1254 statutum
1004 1213 1241 1262 intelligatur
1261 1210 1506 1249 innovatum.

103 1277 178 1314 Pro
194 1273 490 1314 condonatione
510 1279 642 1311 autem
663 1278 702 1310 et
722 1269 953 1309 remissione
973 1275 1237 1318 peccatorum,
1257 1278 1376 1315 quam
1397 1263 1509 1301 abso=

103 1331 294 1369 lutionem
315 1335 470 1375 vocant,
492 1326 590 1365 nihil
611 1325 775 1364 omnino
796 1324 846 1363 ab
867 1322 990 1361 invito
1015 1321 1181 1371 exigant.

163 1398 220 1422 10.
253 1384 460 1423 Sancimus
487 1394 649 1432 quoque
675 1379 783 1418 iuxta
802 1378 986 1428 Apostoli
1011 1374 1259 1421 sententiam,
1283 1385 1384 1423 quae
1414 1369 1511 1410 dicit

104 1438 270 1477 Nemini
290 1439 361 1476 cito
386 1450 458 1475 esse
487 1448 644 1474 manum
674 1433 954 1484 imponendam,
974 1443 1024 1469 ne
1051 1430 1114 1468 cui
1142 1436 1290 1467 temere
1314 1439 1407 1465 cura
1431 1423 1511 1463 ani-

105 1505 258 1532 marum
288 1490 568 1531 committatur.
628 1490 769 1538 Itaque
799 1486 986 1537 probetur
1020 1484 1126 1534 prius
1161 1496 1230 1533 per
1265 1480 1510 1531 Episcopum

105 1547 166 1586 vel
197 1545 280 1585 eius
307 1545 515 1585 officialem
546 1543 665 1583 etiam
695 1541 923 1591 religionem
954 1540 1165 1589 professus,
1195 1549 1268 1574 nec
1298 1535 1414 1573 liceat
1444 1531 1512 1571 ulli

107 1600 293 1639 vicarium
323 1598 511 1638 ecclesiae
541 1606 579 1637 et
608 1597 735 1648 plebis
762 1609 856 1634 suae
882 1594 1060 1633 sufficere
1090 1592 1247 1630 illamve
1274 1591 1403 1627 locare
1431 1586 1513 1624 sive

108 1656 434 1701 emolumentum,
468 1653 578 1703 quod
616 1649 820 1690 absentiae
854 1647 1017 1687 nomine
1058 1645 1231 1696 recipiet,
1273 1641 1513 1681 constituere

108 1708 192 1748 sine
224 1708 456 1747 auctoritate
489 1705 678 1758 Episcopi
709 1711 776 1743 aut
807 1702 950 1742 vicarii.
1012 1702 1117 1739 Nam
1143 1712 1235 1738 cum
1262 1711 1306 1736 os
1332 1694 1424 1734 bovi
1454 1693 1516 1732 tri-

110 1763 255 1802 turanti
292 1775 374 1802 non
421 1761 470 1800 sit
506 1760 761 1811 alligandum,
804 1755 992 1807 Episcopi
1032 1755 1094 1792 vel
1137 1751 1313 1792 officialis
1353 1748 1514 1788 arbitrio

109 1816 305 1856 eiusmodi
338 1817 608 1855 emolumenta
639 1812 883 1852 locationum
908 1818 947 1849 et
975 1807 1242 1848 absentiarum
1270 1803 1516 1844 moderanda

109 1884 328 1911 censemus.

173 1940 187 1964 1
199 1940 230 1964 1.
263 1928 417 1964 Domos
433 1936 594 1975 quoque
609 1922 835 1971 fundosque
851 1920 1003 1958 dotales
1019 1915 1305 1956 beneficiorum
1322 1914 1517 1962 collapsos

112 1980 329 2019 instaurent
345 1990 600 2030 possessores,
611 1983 804 2027 quantum
819 1973 1031 2013 necessitas
1045 1968 1311 2022 postulaverit,
1329 1973 1520 2017 reparata-

115 2048 192 2085 que
225 2034 265 2072 in
298 2033 434 2073 debita
468 2039 661 2071 structura
694 2036 953 2068 conservent:
984 2034 1023 2066 et
1051 2039 1120 2076 per
1149 2022 1450 2063 archidiaconos
1480 2026 1519 2057 et

114 2090 287 2127 decanos
319 2089 463 2126 rurales
495 2099 541 2124 ac
575 2085 684 2132 alios,
720 2085 772 2123 ad
806 2096 906 2134 quos
937 2082 989 2120 de
1023 2082 1105 2118 iure
1137 2079 1198 2117 vel
1229 2075 1518 2115 consuetudine

115 2150 275 2193 spectat,
299 2141 367 2180 ubi
388 2140 629 2191 negligentes
649 2139 803 2185 fuerint,
822 2150 890 2187 per
911 2134 1222 2175 subtractionem
1242 2137 1517 2182 proventuum,

114 2195 345 2236 auctoritate
365 2202 499 2234 nostra
518 2193 661 2232 arctius
682 2192 983 2242 compellantur.

175 2264 234 2289 12.
266 2251 461 2300 Expresse
481 2254 665 2287 caventes
686 2259 737 2285 ne
757 2258 850 2284 cura
877 2242 1132 2283 ecclesiarum
1154 2237 1521 2285 beneficiorumque

118 2304 358 2343 concedatur
378 2302 606 2353 religionem
627 2311 909 2351 quamcunque
935 2295 1132 2348 professis,
1156 2294 1275 2333 etiarn
1305 2289 1497 2339 exemptis
1514 2302 1523 2335 3

119 2358 239 2407 quod,
274 2357 306 2396 si
336 2357 456 2407 aliqui
491 2357 682 2395 hactenus
716 2353 878 2393 admissi
909 2353 970 2391 vel
1001 2350 1148 2400 recepti
1179 2354 1322 2393 essent,
1359 2343 1433 2383 nisi
1472 2343 1523 2380 de

119 2412 321 2450 voluntate
333 2412 543 2461 favoreque
557 2408 766 2460 superioris
784 2407 854 2454 sui,
869 2405 1132 2456 legitimisque
1149 2401 1276 2441 causis
1293 2396 1522 2441 constiterit,

121 2471 227 2503 extra
260 2478 330 2503 sua
363 2463 598 2503 monasteria
629 2464 770 2512 degere
803 2471 1053 2510 nequaquam
1095 2456 1168 2495 sibi
1208 2455 1402 2503 integrum
1442 2451 1523 2488 fore

177 2546 243 2578 944
818 2537 838 2561 12
