1715 2780
121 126 203 164 304
556 115 616 153 IN
648 114 889 160 GENEVA,
927 125 1077 163 1541—2
1437 115 1512 161 609

119 219 275 258 animae
313 218 392 258 suis
427 218 591 257 maculis
629 217 928 268 absterguntur:
977 229 1058 255 non
1101 229 1214 255 secus
1253 223 1372 265 atque
1410 229 1513 266 aqua

117 273 332 312 abluuntur
351 272 524 323 corporis
544 273 689 311 sordes.

172 328 235 366 M.
268 327 377 376 Quid
397 328 447 366 de
466 326 790 377 regeneratione?

173 383 220 420 P.
253 380 456 430 Quoniam
486 381 569 420 eius
597 380 751 418 initium
782 387 840 419 est
870 387 1031 418 naturae
1060 387 1217 417 nostrae
1248 377 1510 425 mortificatio,

119 436 206 473 finis
240 448 332 474 vero
365 443 408 474 ut
437 448 564 474 novae
593 441 792 473 creaturae
822 433 954 481 simus,
973 434 1026 471 »in
1056 446 1103 471 eo
1133 431 1248 471 nobis
1280 432 1512 483 proponitur

118 490 253 528 mortis
273 490 405 540 figura,
429 490 537 539 quod
558 488 677 539 capiti
697 501 800 538 aqua
820 487 989 526 iniicitur
1008 503 1013 525 :
1037 500 1161 526 novae
1181 494 1314 525 autem
1336 486 1448 533 vitae,
1472 487 1511 524 in

117 555 166 582 eo
186 544 295 593 quod
316 557 397 582 non
418 556 623 582 manemus
645 543 718 581 sub
747 555 850 592 aqua
879 541 1059 589 demersi,
1083 542 1153 580 sed
1182 542 1232 579 ad
1263 547 1509 579 momentum

116 598 306 636 duntaxat
321 597 499 636 subimus
513 604 702 647 tanquam
716 596 756 634 in
769 597 1032 646 sepulchrum,
1050 603 1092 634 ut
1106 595 1236 633 statim
1251 608 1509 644 emergamus.

169 652 230 690 M.
264 653 371 690 Num
391 664 535 701 aquam
557 664 642 689 esse
662 650 818 689 animae
838 652 1035 688 lavacrum
1057 662 1194 688 censes
1211 650 1227 686 ?

169 707 217 744 P.
250 706 526 756 Nequaquam.
600 706 723 742 Hunc
771 704 877 743 enim
926 705 1118 742 honorem
1167 704 1314 753 eripere
1363 701 1508 742 Christi

116 759 296 810 sanguini
317 761 426 798 nefas
447 766 516 807 est,
540 758 608 808 qui
638 758 729 797 ideo
757 759 902 797 effusus
929 758 1012 805 fuit,
1034 764 1087 804 ut,
1110 756 1295 795 abstersis
1323 756 1509 795 omnibus

114 813 257 852 nostris
278 813 452 860 maculis,
475 826 593 863 puros
614 826 744 852 coram
774 814 861 851 Deo
889 820 926 850 et
950 812 1179 862 impollutos
1209 824 1282 849 nos
1312 811 1506 849 redderet.

114 866 153 917 (Ι
189 869 290 907 Petr.
322 867 345 906 i.
390 882 461 917 193
513 882 528 905 1
568 869 680 905 Ioan.
715 866 738 904 i.
775 866 826 917 7.)
895 868 1028 915 Atque
1067 865 1182 903 huius
1221 864 1383 915 quidem
1423 877 1509 915 pur-

112 922 279 971 gationis
311 923 479 961 fructum
514 921 761 972 percipimus,
798 933 920 970 quum
956 933 1066 958 sacro
1100 919 1167 957 illo
1202 918 1391 969 sanguine
1417 932 1509 956 con-

111 975 293 1014 scientias
309 983 461 1015 nostras
475 975 639 1026 Spiritus
656 982 814 1013 sanctus
830 975 1008 1024 aspergit.
1068 972 1398 1023 Obsignationem
1414 985 1507 1011 vero

111 1029 153 1068 in
173 1031 428 1069 Sacramento
447 1030 652 1068 habemus.

164 1085 225 1122 M.
256 1087 417 1132 Verum,
449 1097 583 1122 annon
614 1083 720 1121 aliud
751 1096 876 1133 aquae
911 1081 1058 1129 tribuis,
1101 1081 1174 1119 nisi
1215 1089 1255 1118 ut
1293 1080 1506 1119 ablutionis

113 1145 264 1176 tantum
286 1138 334 1177 sit
355 1139 505 1188 figura?

165 1193 213 1230 P.
245 1192 309 1231 Sic
348 1193 509 1242 figuram
551 1204 636 1230 esse
675 1190 812 1236 sentio,
846 1198 888 1228 ut
928 1190 1042 1228 simul
1073 1202 1227 1227 annexa
1265 1188 1311 1226 sit
1351 1187 1502 1227 veritas.

113 1247 255 1296 Neque
284 1246 389 1285 enim
420 1259 490 1284 sua
518 1245 634 1284 nobis
661 1245 768 1283 dona
798 1243 1024 1293 pollicendo
1049 1256 1121 1281 nos
1154 1245 1262 1281 Deus
1287 1244 1501 1280 frustratur.

113 1300 283 1339 Proinde
304 1308 342 1339 et
363 1307 614 1350 peccatorum
637 1298 791 1337 veniam
814 1306 852 1336 et
873 1298 974 1336 vitae
998 1296 1214 1336 novitatem
1235 1296 1364 1335 offerri
1388 1296 1504 1334 nobis

111 1353 150 1391 in
173 1353 377 1404 Baptismo
398 1362 436 1392 et
456 1353 575 1403 recipi
595 1366 617 1391 a
638 1352 753 1391 nobis
775 1359 925 1390 certum
946 1359 1015 1390 est.

165 1409 227 1446 M.
258 1410 322 1446 An
343 1407 566 1458 promiscue
587 1407 627 1444 in
648 1405 833 1445 omnibus
855 1407 1038 1455 impletur
1059 1406 1156 1443 haec
1177 1404 1327 1454 gratia?

165 1463 212 1500 P.
246 1462 366 1500 Multi
386 1463 482 1501 dum
510 1461 563 1499 illi
590 1474 660 1499 sua
686 1460 874 1510 pravitate
902 1459 1004 1498 viam
1034 1459 1306 1509 praecludunt,
1330 1457 1503 1496 efficiunt

109 1522 151 1554 ut
172 1515 246 1554 sibi
266 1517 314 1554 sit
335 1515 472 1554 inanis.
516 1517 578 1553 Ita
597 1528 679 1553 non
699 1514 773 1552 nisi
793 1515 845 1553 ad
865 1515 1001 1552 fideles
1021 1514 1126 1552 solos
1147 1512 1323 1563 pervenit
1344 1513 1503 1550 fructus.

110 1571 257 1608 Verum
280 1569 372 1609 inde
392 1569 490 1619 nihil
510 1568 751 1607 Sacramenti
772 1575 933 1607 naturae
954 1568 1124 1606 decedit.

162 1625 223 1662 M.
257 1623 519 1674 Regeneratio
537 1630 669 1661 autem
690 1623 797 1661 unde
813 1624 829 1660 Ρ

163 1679 208 1715 P.
242 1679 278 1716 A
299 1685 424 1717 morte
445 1676 589 1717 Christi
610 1684 648 1715 et
669 1677 951 1715 resurrectione
979 1676 1106 1713 simul.
1167 1676 1280 1711 Haec
1310 1672 1416 1711 enim
1446 1672 1502 1711 vis

110 1731 245 1770 subest
274 1731 357 1770 eius
388 1731 503 1770 morti
532 1738 574 1769 ut
604 1744 672 1780 per
692 1744 779 1768 eam
804 1730 1051 1779 crucifigatur
1077 1735 1187 1766 vetus
1218 1728 1340 1765 homo
1371 1733 1502 1765 noster

109 1792 148 1823 et
185 1791 347 1824 naturae
395 1792 550 1823 nostrae
596 1783 785 1822 vitiositas
834 1783 1135 1833 quodammodo
1182 1782 1402 1830 sepeliatur,
1452 1794 1502 1818 ne

109 1839 277 1889 amplius
297 1839 424 1890 vigeat
446 1838 484 1877 in
506 1838 632 1877 nobis.
693 1838 814 1886 Quod
843 1845 976 1876 autem
1006 1838 1262 1874 reformamur
1287 1834 1327 1872 in
1357 1847 1499 1873 novam

109 1892 228 1931 vitam
267 1894 318 1932 ad
356 1893 627 1932 obediendum
668 1891 744 1930 Dei
784 1891 964 1938 iustitiae,
1015 1891 1054 1929 id
1102 1897 1161 1929 est
1208 1889 1500 1927 resurrectionis

109 1947 358 1986 beneficium.

161 2003 224 2039 M.
257 2001 474 2050 Quomodo
495 2013 563 2050 per
584 1999 830 2050 Baptismum
852 1998 966 2037 nobis
983 1999 1079 2037 haec
1097 1997 1203 2036 bona
1219 1997 1502 2035 conferuntur?

162 2056 208 2092 P.
243 2056 347 2103 Quia
368 2054 441 2093 nisi
462 2053 742 2105 promissiones
771 2053 847 2090 illic
873 2053 987 2091 nobis
1013 2053 1164 2090 oblatas
1194 2051 1418 2100 respuendo
1448 2049 1501 2087 in-

109 2109 325 2147 fructuosas
342 2109 554 2155 reddimus,
573 2107 760 2146 vestimur
775 2107 934 2146 Christo
951 2107 1114 2155 eiusque
1131 2104 1275 2155 Spiritu
1292 2105 1499 2142 donamur.

161 2164 224 2200 M.
256 2162 383 2201 Nobis
405 2175 496 2201 vero
517 2161 613 2211 quid
636 2162 835 2211 agendum
857 2168 915 2199 est
936 2167 978 2198 ut
998 2159 1068 2198 rite
1091 2158 1295 2208 Baptismo
1317 2159 1501 2195 utamur?

162 2218 209 2255 P.
241 2217 390 2255 Rectus
423 2215 615 2266 Baptismi
648 2229 740 2253 usus
768 2216 807 2252 in
838 2215 915 2253 fide
948 2222 986 2252 et
1021 2212 1265 2263 poenitentia
1292 2212 1387 2249 situs
1418 2218 1500 2248 cst:

108 2269 185 2308 hoc
223 2278 282 2309 est
320 2277 362 2308 ut
401 2277 618 2308 statuamus
657 2270 827 2319 primum
866 2276 972 2306 certa
1009 2266 1130 2305 animi
1166 2264 1309 2304 fiducia
1345 2278 1416 2303 nos
1448 2264 1499 2302 ab

106 2323 293 2362 omnibus
310 2324 472 2362 maculis
486 2323 632 2364 Christi
647 2322 836 2373 sanguine
852 2329 1036 2372 purgatos
1053 2323 1141 2358 Deo
1155 2321 1308 2368 placere
1324 2332 1334 2365 ,·
1353 2317 1500 2356 deinde

107 2384 150 2415 ut
184 2377 371 2427 Spiritum
410 2377 493 2415 eius
532 2378 748 2415 sentiamus
782 2376 853 2425 ipsi
888 2375 927 2413 in
959 2375 1073 2413 nobis
1104 2372 1279 2411 habitare
1309 2379 1429 2421 atque
1459 2371 1499 2409 id

109 2431 294 2481 operibus
314 2432 420 2481 apud
450 2431 546 2470 alios
573 2432 845 2471 declaremusz
874 2438 995 2478 utque
1025 2427 1183 2466 assidue
1213 2439 1285 2464 nos
1314 2425 1352 2463 in
1380 2424 1500 2464 medi-

159 2550 224 2582 944
768 2544 792 2569 1<
814 2546 829 2568 r
