1715 2780
204 98 280 146 568
338 96 523 133 FAREL
551 95 670 132 AND
701 93 912 133 CALVIN
945 94 1004 131 IN
1035 92 1279 139 GENEVA,
1309 93 1462 142 1536-ss
1517 91 1597 137 285

202 200 253 238 de
288 198 403 238 Dieu.
464 199 520 236 La
550 204 651 236 reste
681 198 751 236 des
782 195 937 235 articles
971 202 1029 233 est
1062 194 1199 245 passee
1228 194 1355 233 ainsin
1384 193 1477 244 qu'il
1506 201 1596 233 sont

203 253 379 304 escriptZ,
400 253 578 327 adJ'10511ct
604 265 682 302 que
708 252 787 289 l'on
807 250 992 289 deffende
1012 262 1088 288 aux
1107 250 1273 288 femmes
1293 247 1524 287 obstetrices
1545 248 1595 287 de

203 321 253 346 ne
273 306 469 358 baptiser¹
490 305 614 368 point.

258 361 312 412 (b)
342 360 582 411 Mbmejour.
631 359 786 398 Consez'l
800 359 862 396 des
881 357 1260 406 Deux-Cents.1cy
1280 363 1370 395 sont
1389 354 1491 395 estes
1511 356 1594 395 leus

203 417 258 455 les
287 414 441 454 articles
471 422 508 453 et
538 415 574 451 la
603 412 819 451 resolution
843 424 908 450 sus
929 410 1044 450 faicte
1065 424 1115 450 en
1135 409 1298 450 Conseil
1317 409 1537 457 Ordinaire,
1558 417 1597 448 et

204 477 262 509 est
282 469 425 508 arreste
446 480 523 518 que
544 469 688 506 l'arrest
708 467 762 505 du
784 465 946 506 Conseil
967 464 1175 504 Ordinaire
1195 472 1254 504 est
1274 463 1408 503 bien..

272 556 361 600 No.
384 555 491 600 286.
533 553 837 597 confession
857 553 918 595 de
939 553 990 595 la
1010 551 1101 595 Foi
1123 584 1132 593 .
1157 583 1166 593 .
1191 583 1201 595 .
1226 551 1286 594 de
1307 548 1526 602 Geneve,

711 621 766 664 27
787 610 934 665 April
959 620 1080 664 1537,

259 693 317 743 (1)
347 694 411 731 De
447 693 558 731 verbo
597 692 772 730 Domzm
776 690 1043 740 —Princ1p10
1083 702 1155 740 pro
1194 687 1287 727 fidei
1325 695 1363 727 et
1400 686 1597 738 religionis

204 754 361 785 nostrae
390 748 534 797 regula,
566 759 638 784 nos
668 758 787 784 unam
818 744 1057 804 Scripturam
1087 743 1199 793 sequi
1227 743 1328 781 velle
1355 743 1595 792 profitemur,

203 814 334 850 neque
364 800 418 838 illi
447 799 655 839 admisceri
684 799 902 850 quidquam
931 797 1102 848 patimur
1125 796 1332 836 11011111111111
1352 809 1480 842 sensu,
1504 795 1600 834 citra

203 855 367 893 verbum
399 854 487 902 Dei,
509 853 797 904 excogitatum:
834 865 965 902 neque
993 852 1110 890 aliam
1136 850 1176 889 in
1203 850 1402 900 spirituale
1424 850 1597 900 regimen

204 908 425 947 doctrinam
447 907 722 958 amplectimur
742 920 861 957 quam
883 918 985 956 quae
1004 906 1055 944 ab
1076 918 1124 944 eo
1144 904 1265 943 verbo
1285 910 1442 955 sumpta
1461 903 1599 951 fuerit3

204 961 258 1000 ita
285 970 328 1000 ut
357 962 455 1000 nihil
483 963 652 1001 addatur
677 974 752 1000 nec
781 961 1017 1007 detrahatur,
1041 959 1380 1010 quemadmodum
1409 959 1599 996 docemur

206 1015 282 1054 Dei
302 1015 522 1055 interdicto.

259 1069 318 1120 (2)
347 1071 413 1108 De
450 1083 525 1107 uno
561 1070 870 1118 Dea—Itaque,
907 1075 950 1106 ut
987 1066 1208 1116 Scripturae
1245 1065 1425 1105 doctrina
1463 1077 1598 1103 sumus

204 1123 382 1170 instituti,
406 1125 539 1163 Deum
568 1136 692 1161 unum
721 1123 982 1172 agnoscimus,
1005 1134 1124 1171 quem
1154 1132 1292 1158 omnes
1322 1132 1394 1158 nos
1423 1120 1597 1165 adorare,

204 1177 269 1216 cui
298 1178 451 1224 servire,
475 1177 515 1215 in
545 1190 625 1227 quo
655 1184 779 1215 totam
808 1189 919 1236 spem
949 1183 988 1214 et
1008 1175 1194 1234 fiduciam
1216 1181 1388 1213 nostram
1409 1185 1599 1223 reponere

205 1231 514 1270 conveniat..
546 1239 666 1281 atque
695 1238 737 1269 ut
767 1230 923 1280 spiritus
953 1236 1023 1277 est,
1055 1228 1108 1267 ita
1136 1227 1177 1266 in
1205 1227 1366 1266 veritate
1395 1234 1434 1266 et
1463 1228 1599 1287 spiritu

205 1287 419 1324 colendum
441 1284 650 1324 credimus.
692 1284 864 1323 Proinde
884 1260 1223 1322 abominationem
1244 1295 1330 1320 esse
1350 1280 1544 1328 ducimus,
1567 1281 1597 1319 si

205 1339 293 1389 quis
310 1339 496 1378 fiduciam
518 1351 709 1389 spemque
726 1351 836 1377 suam
853 1338 893 1376 in
909 1344 1086 1376 creatura
1101 1343 1276 1386 reponat,
1294 1336 1458 1385 siquem
1477 1334 1597 1372 alium

204 1394 353 1440 adoret,
375 1395 436 1431 vel
456 1394 652 1451 angelum,
675 1393 735 1430 vel
755 1392 983 1438 hominem,
1021 1390 1050 1428 si
1073 1403 1192 1440 quem
1213 1388 1333 1427 alium
1354 1401 1424 1438 pro
1443 1387 1598 1426 animae

205 1459 299 1485 suae
332 1424 497 1485 domino
531 1445 702 1496 recipiat,
738 1445 819 1484 sive
853 1459 899 1483 ex
929 1443 1073 1483 sanctis
1108 1442 1282 1502 mortuis,
1313 1442 1394 1480 sive
1423 1456 1469 1480 ex
1502 1441 1598 1479 vivis

206 1499 445 1539 hominibus.
506 1501 712 1538 Praeterea
740 1499 771 1537 si
802 1500 952 1537 cultum
981 1497 1035 1535 illi
1059 1496 1238 1536 debitum
1273 1495 1314 1534 in
1342 1495 1598 1534 caeremoniis

205 1555 374 1592 externis
407 1561 445 1593 et
476 1553 698 1591 carnalibus
729 1551 1068 1591 observationibus
1103 1550 1190 1600 quis
1228 1549 1452 1596 constituat,
1483 1563 1528 1587 ac
1567 1549 1597 1587 si

206 1608 348 1646 talibus
387 1607 500 1657 nugis
542 1608 650 1645 Deus
690 1606 975 1653 oblectaretur,
1018 1605 1049 1643 si
1083 1611 1251 1643 statuam
1285 1610 1353 1641 aut
1386 1603 1597 1653 imaginem

205 1638 558 1712 repraesentaondae
581 1660 664 1699 eius
689 1660 882 1699 divinitati
906 1659 1037 1709 erigat,
1065 1666 1132 1697 aut
1158 1659 1236 1696 ulla
1263 1657 1413 1696 ratione
1435 1658 1599 1696 adoran-

205 1717 296 1754 dam
322 1722 517 1766 proponat

259 1769 319 1820 (3)
348 1771 433 1807 Lex
451 1770 534 1807 Dee
559 1769 689 1807 [stcz‘cma
693 1767 1087 1828 —Quandoquidem
1108 1767 1213 1805 solus
1234 1765 1298 1803 ille
1313 1772 1372 1803 est
1388 1764 1598 1811 Dominus,

206 1837 326 1873 penes
356 1836 473 1873 quem
506 1829 679 1872 potestas
709 1830 747 1860 et
772 1821 980 1872 imperium
1000 1821 1041 1858 in
1061 1818 1321 1858 conscientias
1341 1826 1493 1857 nostras
1514 1831 1599 1857 esse

206 1877 348 1915 debet:
389 1878 552 1926 quando
586 1876 669 1914 eius
703 1877 884 1914 voluntas
919 1888 1035 1913 unica
1069 1882 1127 1913 est
1165 1872 1391 1912 universalis
1429 1872 1598 1911 iustitiae

206 1932 349 1980 regula,
371 1932 489 1968 vitam
517 1937 689 1967 nostram
718 1931 768 1968 ad
795 1942 989 1968 canonem
1014 1935 1172 1966 sanctae
1191 1926 1316 1977 legis
1307 1926 1428 1976 ipsius
1448 1926 1599 1976 exigen-

206 1985 299 2022 dam
329 1997 414 2021 esse
444 1985 701 2021 confitemur:
741 1983 780 2020 in
810 1996 888 2032 qua
916 1982 1045 2021 omnis
1075 1980 1245 2020 iustitiae
1273 1979 1460 2029 perfectio
1494 1993 1599 2018 com-

206 2039 399 2088 prehensa
420 2044 487 2075 est.
547 2038 632 2074 Nec
653 2036 769 2074 aliam
791 2037 893 2074 bene
914 2044 1098 2085 recteque
1114 2033 1271 2073 vivendi
1290 2035 1462 2083 regulam
1483 2046 1599 2083 quae-

206 2091 350 2130 rimus:
386 2104 458 2129 nec
478 2089 723 2129 admittimus
744 2091 969 2139 quaerenda
989 2102 1074 2127 esse
1094 2088 1168 2126 alia
1188 2089 1294 2126 bona
1309 2100 1437 2137 opera,
1454 2087 1598 2137 quibus

251 2195 261 2214 ¹
285 2196 434 2238 Baptism
458 2195 502 2235 by
524 2204 650 2226 women
673 2204 740 2225 was
763 2193 896 2234 rejected
924 2194 965 2233 by
989 2194 1118 2231 Calvin,
1143 2192 1329 2232 Instzwtutzo,
1353 2192 1413 2224 IV.
1438 2203 1489 2230 xv,
1510 2194 1525 2229 §
1546 2201 1596 2230 20,

207 2240 270 2271 and
295 2241 339 2280 by
362 2240 417 2270 the
441 2239 590 2269 Puritans
614 2239 645 2268 in
671 2237 834 2277 England
852 2247 886 2268 as
910 2237 942 2267 in
966 2237 1020 2268 the
1039 2235 1257 2267 Admonz'tz'on
1279 2239 1309 2266 lo
1332 2236 1540 2267 Parlzamcnt
1564 2235 1602 2266 of

210 2291 304 2323 1572.
352 2283 403 2314 Cf.
423 2283 519 2313 Frere
536 2281 599 2312 and
616 2280 939 2321 1)0ug1as,sztan
956 2279 1148 2320 ΛΙαηζβεςίο
1138 2290 1176 2318 cs,
1195 2287 1246 2316 11,
1264 2279 1328 2310 and
1345 2279 1495 2317 Hooker‚
1509 2279 1596 2310 Eccl.

208 2327 278 2357 Pol.
304 2326 343 2357 V.
368 2326 436 2356 lxii.
485 2325 557 2356 The
584 2324 651 2356 real
676 2324 839 2363 objection
863 2334 929 2354 was
953 2329 986 2354 to
1013 2324 1158 2363 ‘dogma
1188 2321 1270 2353 illud
1293 2322 1380 2353 male
1402 2322 1596 2363 expositum,

208 2370 379 2411 Baptisma
418 2379 486 2400 esse
524 2368 564 2399 de
602 2368 791 2399 necessitate
829 2364 961 2398 salutis'
1000 2365 1111 2406 (lum,
1150 2366 1204 2398 loc.
1245 2365 1298 2397 cit.
1305 2366 1342 2407 )·
1333 2389 1342 2404 ‚
1379 2365 1520 2405 whence,
1563 2375 1598 2396 as

207 2414 238 2444 S.
254 2413 400 2444 lhomas
416 2411 563 2453 Aquinas
578 2411 703 2452 taught,
725 2410 796 2441 ‘Ad
813 2409 1069 2441 misericordiam
1085 2409 1153 2440 eius
1169 2409 1224 2458 qui
1236 2409 1304 2440 vult
1321 2419 1433 2440 omnes
1449 2408 1598 2439 homines

208 2456 253 2486 sal
259 2467 315 2487 xos
344 2456 410 2486 fieri
435 2456 575 2504 pertinet
599 2460 633 2486 ut
659 2455 691 2485 in
715 2453 766 2484 his
790 2464 872 2494 quae
895 2458 968 2484 sunt
993 2453 1033 2484 de
1063 2453 1250 2485 necessitate
1281 2451 1406 2490 salutis,
1425 2451 1524 2483 homo
1557 2451 1597 2482 de

208 2499 296 2531 sacili
316 2499 493 2530 remedium
512 2497 675 2529 inveniat'
694 2498 859 2536 (Summa,
879 2496 1048 2528 111.1xxii.
1071 2496 1116 2535 3).
