1715 2780
123 105 196 152 185
283 106 402 144 THE
434 107 852 149 DISPUTATIONS
882 111 957 149 AT
987 103 1216 161 ZURICH,
1255 126 1353 164 1523
1441 130 1514 163 411

176 210 323 248 Actum
343 217 382 249 et
402 210 509 250 urbis
529 219 686 252 nostrae
706 213 832 265 sigillo
853 215 1105 266 obsignatum
1127 216 1304 258 Sabbato
1325 226 1413 270 post
1442 221 1521 261 Cir-

122 263 407 304 cumcisionem
431 267 479 304 D.
503 267 711 307 Salvatoris
735 270 783 308 N.
801 270 830 307 Ι.
851 270 909 317 C.,
933 283 1038 310 anno
1060 283 1249 312 MDxx111.

249 368 340 412 No.
372 370 469 412 186.
520 371 779 425 Zwingli’s
809 372 1135 429 sixty-seven
1167 376 1404 430 Articles‚

645 441 698 483 19
731 430 845 483 Jan.
877 443 997 486 1523.

181 532 210 556 1.
243 518 484 570 Quicunque
519 521 765 571 Evangelion
794 522 891 561 nihil
922 536 1008 563 esse
1043 524 1192 574 dicunt,
1223 526 1295 565 nisi
1329 528 1519 569 ecclesiae

121 573 294 612 calculus
315 580 353 612 et
373 573 608 624 adprobatio
628 577 792 615 accedat
807 578 827 623 ¹,
852 586 979 616 errant
1000 586 1038 618 et
1056 581 1188 619 Deum
1210 580 1499 632 blasphemant.

178 640 211 665 2.
242 628 406 666 Summa
437 629 637 678 Evangelii
659 637 717 668 est
738 632 847 680 quod
868 632 1049 672 Christus
1073 634 1193 673 Filius
1218 636 1291 674 Dei
1312 636 1388 675 vivi
1410 637 1519 677 inno-

122 679 236 720 tuerit
257 681 372 720 nobis
392 683 637 722 voluntatem
659 684 783 723 Patris
805 686 983 725 caelestis
1005 695 1042 726 et
1068 689 1176 738 quod
1202 690 1429 731 innocentia
1449 706 1519 731 sua

121 748 194 774 nos
214 736 265 775 de
286 743 410 775 morte
430 744 588 776 aeterna
609 739 828 787 redemerit,
852 748 890 779 et
913 742 1001 780 Deo
1023 743 1343 784 reconciliaverit.

175 803 210 839 3.
253 791 360 829 Hinc
394 790 569 842 sequitur
599 793 799 832 Christum
831 808 917 833 esse
952 795 1108 835 unicam
1139 797 1240 836 viam
1274 800 1324 839 ad
1351 802 1517 840 salutern

120 843 298 883 omniurn
321 844 387 895 qui
409 846 576 893 fuerunt,
599 854 689 886 sunt
710 855 748 886 et
768 857 892 888 erunt.

174 911 208 946 4.
242 898 482 950 Quicunque
510 900 618 940 aliud
648 903 791 940 ostium
822 905 883 942 vel
913 904 1064 954 quaerit
1095 908 1153 945 vel
1184 909 1368 955 ostendit,
1393 918 1517 958 errat;

121 952 216 1002 quin
237 953 456 992 animarum
477 956 575 993 latro
596 964 654 994 est
675 964 713 994 et
734 958 803 995 fur.

175 1019 210 1056 5.
243 1007 485 1059 Quicunque
504 1022 596 1059 ergo
617 1009 710 1048 alias
732 1011 930 1050 doctrinas
952 1014 1170 1064 Evangelio
1186 1017 1246 1054 vel
1267 1023 1440 1066 aequant
1457 1018 1517 1056 vel

121 1063 355 1111 praeferunt,
378 1070 516 1110 errant,
541 1077 614 1102 nec
635 1063 856 1115 intelligunt
879 1066 975 1116 quid
997 1067 1045 1106 sit
1067 1069 1339 1119 Evangelium.

175 1117 208 1153 6.
250 1116 355 1155 Nam
385 1116 565 1156 Christus
596 1119 708 1157 Iesus
737 1121 817 1158 dux
851 1128 909 1158 est
941 1128 978 1160 et
1013 1121 1234 1173 imperator,
1266 1138 1289 1162 a
1324 1126 1413 1164 Deo
1446 1125 1517 1164 toti

118 1171 251 1220 generi
273 1171 448 1209 humano
469 1179 507 1210 et
527 1174 742 1221 promissus
764 1181 802 1212 et
822 1176 1041 1225 praestitus.

177 1235 208 1272 7.
242 1226 299 1264 Ut
319 1224 368 1263 sit
388 1224 472 1275 ipse
493 1227 596 1264 salus
617 1235 655 1265 et
677 1235 794 1278 caput
814 1229 993 1268 omnium
1018 1231 1264 1270 credentium
1286 1232 1353 1283 qui
1374 1247 1516 1284 corpus

119 1277 202 1316 eius
237 1285 338 1326 sunt,
372 1281 481 1330 quod
513 1280 674 1331 quidem
709 1282 861 1333 absque
893 1284 978 1334 ipso
1013 1293 1213 1324 mortuum
1248 1295 1320 1335 est,
1350 1295 1387 1326 et
1419 1288 1517 1326 nihil

119 1339 259 1382 potest.

173 1389 207 1425 8.
241 1388 300 1425 Ex
321 1388 380 1426 his
402 1388 576 1438 sequitur
596 1392 705 1440 quod
727 1404 865 1430 omnes
881 1391 948 1442 qui
969 1392 1007 1431 in
1025 1394 1099 1432 isto
1115 1394 1244 1445 capite
1260 1395 1406 1444 vivunt,
1426 1404 1517 1435 sunt

118 1441 296 1480 membra
315 1448 353 1480 et
374 1441 440 1480 filii
460 1442 546 1482 Dei.
591 1445 642 1482 Et
663 1445 760 1484 haec
777 1453 835 1484 est
851 1447 1017 1485 ecclesia
1033 1462 1101 1487 seu
1118 1449 1350 1488 communio
1364 1459 1516 1490 sancto-

118 1508 214 1542 rum,
238 1509 383 1546 sponsa
399 1495 561 1546 Christi,
580 1498 746 1537 ecclesia
767 1500 971 1540 catholica.

172 1563 207 1599 9.
249 1551 602 1599 Quemadmodum
632 1554 810 1593 membra
843 1555 1017 1606 corporis
1050 1555 1133 1596 sine
1172 1558 1513 1597 administratione

119 1603 255 1654 eapitis
286 1604 381 1642 nihil
411 1614 588 1655 possunt,
616 1606 671 1645 sic
702 1607 741 1646 in
770 1622 934 1660 corpore
965 1610 1109 1650 Christi
1146 1625 1264 1650 nemo
1294 1612 1511 1662 quidquam

120 1665 250 1706 potest
271 1657 355 1697 sine
376 1659 504 1709 capite
525 1660 620 1707 eius,
641 1661 810 1701 Christo.

177 1725 234 1750 10.
267 1713 403 1761 Quum
426 1714 602 1752 membra
622 1716 772 1766 absque
793 1716 921 1767 capite
941 1717 1091 1768 aliquid
1108 1726 1330 1769 operantur,
1349 1727 1400 1767 ut,
1417 1721 1512 1759 dum

119 1779 204 1804 sese
219 1767 391 1805 lacerant
410 1775 477 1805 aut
498 1770 678 1817 perdunt,
697 1771 862 1809 demens
884 1779 941 1809 est
963 1773 1084 1810 horno
1101 1788 1106 1811 z
1138 1773 1203 1820 sic,
1223 1775 1318 1812 dum
1337 1775 1514 1813 membra

119 1819 263 1859 Christi
296 1820 380 1859 sine
406 1821 534 1871 capite
563 1822 723 1862 Christo
752 1823 900 1874 aliquid
931 1832 1095 1874 tentant,
1127 1827 1264 1866 insana
1295 1836 1395 1875 sunt,
1429 1841 1514 1867 sese

118 1882 278 1923 gravant
300 1882 338 1913 et
359 1876 528 1925 perdunt
549 1876 865 1927 imprudentibus
887 1879 1048 1929 legibus.

176 1941 233 1966 11.
274 1928 507 1979 Colligimus
540 1930 631 1969 hinc
666 1932 1019 1972 ecclesiasticorum
1055 1934 1173 1986 (quos
1204 1935 1365 1987 vocant)
1400 1936 1514 1975 tradi-

119 1982 245 2021 tiones
262 1990 300 2021 et
313 1984 426 2033 leges,
444 1984 588 2034 quibus
603 1986 758 2034 fastum,
776 1986 942 2034 divitias,
967 1989 1148 2036 honores,
1164 1989 1310 2037 titulos,
1330 1991 1514 2040 legesque

119 2049 208 2074 suas
228 2036 394 2075 fulciunt
424 2046 461 2076 et
492 2039 720 2087 defendunt,
745 2054 903 2080 causam
930 2056 1015 2081 esse
1039 2044 1168 2081 omnis
1190 2044 1393 2092 insaniae3
1422 2059 1513 2083 nam

119 2089 237 2140 capiti
258 2090 416 2130 Christo
438 2106 517 2130 non
539 2103 770 2133 consonant.

177 2158 234 2182 12.
266 2147 412 2184 Adhuc
433 2159 524 2196 ergo
545 2146 745 2186 insaniunt
767 2162 846 2187 non
878 2163 948 2199 pro
969 2150 1106 2201 capite,
1131 2153 1240 2201 quod
1262 2165 1330 2202 per
1350 2151 1512 2201 gratiam

123 2197 197 2236 Dei
227 2199 280 2248 pii
310 2213 449 2239 omnes
477 2214 634 2240 summo
664 2203 795 2242 studio
816 2212 1009 2242 conantur
1030 2207 1187 2255 erigere,
1212 2208 1280 2244 sed
1302 2207 1410 2255 quod
1434 2219 1512 2243 non

120 2252 396 2300 permittuntur
427 2254 596 2294 insanire
624 2263 660 2294 ct
693 2258 828 2296 surcrc.
895 2260 1044 2297 Volunt
1072 2259 1176 2298 enim
1206 2260 1258 2311 pii
1291 2259 1360 2297 soli
1394 2259 1511 2309 capiti

119 2305 276 2345 Christo
296 2309 527 2347 auscultare.

165 2402 170 2418 ¹
197 2403 348 2435 Contrast
377 2405 470 2445 ‘Ego
498 2407 668 2447 evangelio
696 2418 759 2438 non
786 2409 960 2446 crederem,
983 2410 1044 2440 nisi
1072 2420 1122 2440 mc
1149 2408 1333 2440 catholicae
1359 2409 1514 2442 ccclesiae

120 2452 337 2478 commoveret
370 2450 581 2488 auctoritas-3
612 2452 645 2482 S.
675 2453 759 2490 Aug.
798 2454 921 2483 (Ἀκτῖνα
955 2453 1063 2492 Epist.
1093 2452 1298 2490 Alanislmct',
1334 2455 1348 2489 ξ
1374 2452 1414 2485 6:
1451 2456 1514 2485 and

121 2489 268 2527 Hooker,
289 2491 331 2521 E.
347 2491 382 2522 l'.
400 2492 461 2524 111.
481 2494 545 2524 viii.
571 2503 617 2533 14.
