1715 2780
222 112 295 148 332
383 101 502 138 THE
535 99 1015 139 LUTHERANIZING
1045 99 1116 137 or*
1148 99 1448 144 DENMARK,
1508 107 1619 144 132a

278 204 336 255 (3)
377 205 494 242 From
526 204 593 243 the
623 204 741 242 Ritus
775 203 1043 242 ordinationis
1074 202 1621 252 Superintendentzs.—Hisce

223 257 457 296 ceremoniis
483 257 730 297 ordinabitur
759 256 917 308 publice
949 255 1299 308 Superintendens‚
1327 255 1528 295 dominica
1556 255 1621 295 die

222 320 289 350 aut
319 313 430 351 festo.

277 367 399 405 Lecta
420 366 599 417 Epistola
619 365 659 404 in
688 365 812 404 Missa
840 365 980 415 aliquis
1002 364 1254 404 Praedicator
1274 366 1335 404 vel
1356 363 1618 415 Praepositus,

223 432 443 459 conscenso
477 427 673 471 suggestu,
710 419 805 458 dicit
826 421 987 470 populo,
1022 421 1078 458 N.
1119 432 1192 458 esse
1223 421 1376 458 electum
1406 419 1448 457 in
1483 419 1620 468 Super-

222 475 482 521 attendentem,
505 476 618 524 pium
648 475 787 521 virum,
819 474 1064 520 industrium,
1099 475 1312 521 modestum,
1348 474 1506 520 doctum,
1539 473 1617 511 &a

221 530 311 566 Ideo
343 542 379 566 se
412 530 612 566 admonere
644 533 688 565 nt
723 533 831 566 orent
850 535 927 578 pro
964 541 1003 565 eo
1035 534 1071 566 et
1107 529 1212 566 verbi
1245 527 1464 574 ministerio,
1499 528 1623 565 Pater

222 588 356 629 noster,
390 584 469 621 ὅγε.

279 638 375 674 Mox
400 636 551 675 canitur
582 637 682 683 Veni,
706 637 850 683 Sancte,
882 637 953 674 ἃς.
1014 635 1177 674 Interim
1208 634 1422 686 ingreditur
1449 635 1619 685 populus

222 692 272 729 ad
300 692 475 738 chorum,
498 692 559 729 vel
586 704 718 741 prope,
742 699 783 729 ut
809 690 911 729 lieet.
971 691 1183 729 Ordinator
1209 697 1352 737 autem,
1382 688 1541 740 propius
1561 702 1621 727 ac-

223 746 370 783 cedens
389 746 439 783 ad
460 746 652 795 populum
674 752 716 783 ut
736 745 859 795 possit
887 744 1070 791 exaudiri,
1096 744 1258 783 indutus
1279 742 1562 794 superpelliceo
1583 751 1620 782 et

223 812 349 849 eappa
369 799 526 846 chorali,
551 807 592 837 ut
612 807 765 846 vocant,
787 812 877 836 cum
907 799 1141 846 ordinando,
1163 798 1303 837 induto
1324 796 1618 848 superpelliceo,

224 861 262 892 et
291 853 375 891 aliis
405 853 650 903 presbyteris,
673 852 957 902 superpelliceo
986 853 1144 900 indutis,
1177 853 1244 902 qui
1273 853 1411 891 adesse
1440 859 1618 901 possunt,

225 907 332 945 iubet
354 908 523 957 primum
546 906 656 954 orari,
678 909 801 945 Pater
829 913 954 944 noster
970 922 979 954 3
1008 915 1051 945 ut
1077 907 1179 945 adsit
1205 908 1314 945 Deus
1334 907 1426 944 huic
1447 906 1617 956 negotio.

226 963 322 1000 Mox
343 974 504 1011 surgens
526 969 562 999 et
588 970 694 999 stans
715 962 970 999 commendat
992 960 1174 999 brevibus
1194 977 1200 999 :
1230 961 1498 998 Mz‘m‘sterz'um
1518 960 1624 998 verbi

223 1017 514 1062 sanctissimum,
546 1016 804 1062 utilissimum,
827 1016 1085 1062 necessarium,
1110 1016 1188 1053 &a
1246 1015 1397 1063 [lsagno
1416 1015 1620 1063 praeconio

225 1070 396 1119 Spiritus
430 1071 593 1109 Sanctus
626 1071 668 1107 in
708 1071 834 1107 Panlo
865 1070 1005 1107 tondat
1035 1070 1101 1107 lzoc
1132 1069 1398 1115 minhteriunz,
1432 1069 1621 1106 Ecclesiae

223 1137 246 1160 α
266 1124 422 1161 Christo
436 1124 648 1173 glorificato
662 1125 807 1170 datmn,
824 1124 972 1161 dicens:
999 1124 1213 1161 Ascendens
1230 1123 1408 1162 Christus
1426 1123 1467 1160 in
1483 1123 1616 1169 altum,

222 1178 325 1215 dedit
342 1178 557 1216 hominibus
571 1179 683 1224 dona,
703 1179 886 1227 quosdam
901 1179 1111 1228 Apostolos,
1133 1178 1227 1215 alios
1243 1176 1523 1226 Evangelistas,
1540 1177 1617 1214 &⁸⁶2

223 1232 279 1269 ita
309 1237 360 1277 nt,
383 1233 420 1269 si
444 1232 516 1269 linc
544 1233 730 1281 respicias,
762 1233 892 1269 merito
921 1233 1022 1270 inter
1034 1232 1141 1281 festa
1177 1232 1328 1270 Clzristi
1352 1231 1457 1269 nobis
1472 1230 1619 1278 festum

223 1286 451 1323 Pentecostes
483 1287 613 1323 debeat
643 1299 715 1323 esse
746 1287 971 1325 maximnm.
1030 1287 1222 1324 Nascitur
1247 1286 1395 1334 quidem
1429 1284 1618 1330 Christus,

214 1340 375 1388 patitur
401 1345 438 1377 et
472 1341 638 1388 resm-gy't
650 1354 669 1383 ;
708 1341 773 1377 sed
802 1340 897 1388 qnid
927 1341 1068 1377 mundo
1091 1341 1305 1388 prodesset-
1318 1340 1385 1377 iste
1419 1339 1622 1376 thesaurus

225 1393 304 1430 nisi
326 1394 366 1430 in
385 1393 488 1442 sesto
508 1395 735 1431 Pentecostes
763 1399 799 1431 et
816 1400 948 1443 postea
979 1407 1093 1442 nsque
1120 1393 1310 1442 adfinem
1341 1393 1485 1438 mnndi,
1506 1398 1620 1441 prae-
1670 1435 1676 1439 ,

223 1447 406 1484 dicatores
443 1453 479 1484 et
506 1449 668 1485 doctores
704 1448 812 1485 verbi
833 1447 989 1496 faceret,
1024 1448 1094 1496 qni
1128 1447 1347 1484 tlzesaurmn
1379 1447 1518 1484 mundo
1547 1452 1623 1495 per

224 1501 376 1538 verbnm
396 1502 674 1548 distribuerent,
697 1503 741 1538 de
759 1502 895 1549 qnilms
917 1503 984 1548 ait,
1013 1502 1095 1550 Qni
1114 1513 1179 1540 vos
1197 1501 1336 1538 audit?
1356 1502 1431 1538 &a
1490 1501 1621 1548 [gitur

215 1562 293 1604 pro
321 1555 392 1592 Ιῑαι·
418 1556 571 1593 dioecesi
596 1557 726 1593 electus
755 1561 809 1593 est
835 1555 894 1593 ln‘c
920 1557 975 1593 N.
1007 1556 1071 1593 vir
1096 1556 1224 1602 bonus,
1247 1555 1351 1604 pius,
1375 1555 1452 1592 ch.

280 1609 381 1647 Inde
401 1609 552 1647 canitur
574 1611 762 1656 Psalmus‚
780 1610 956 1656 Domine,
974 1609 1168 1647 Dominus
1188 1614 1322 1655 noster,
1338 1610 1411 1646 &o
1459 1610 1518 1646 Ex
1538 1621 1618 1657 quo

225 1675 316 1701 mox
336 1675 459 1701 unum
477 1671 514 1701 et
529 1665 694 1702 alterum
710 1676 863 1701 versum
882 1663 1094 1702 Ordinator
1109 1662 1393 1713 interpretatur,
1407 1663 1457 1701 de
1473 1661 1617 1702 Christi

224 1716 559 1766 praedicatoribus
599 1725 637 1756 et
676 1731 796 1767 regno
836 1717 993 1764 Christi,
1035 1716 1273 1755 brevissime.
1347 1716 1476 1755 Debet
1510 1715 1615 1754 enim

225 1770 438 1809 Ordinator
477 1784 622 1819 cavere,
658 1784 708 1810 ne
740 1771 959 1821 prolixitate
990 1770 1121 1810 taedio
1147 1770 1335 1809 afficiatur
1366 1771 1547 1820 populus,
1579 1777 1617 1808 et

224 1832 454 1863 contemnat
483 1826 558 1863 hoe
587 1825 801 1875 negotium.

281 1880 377 1916 Mox
408 1880 500 1928 legit
537 1879 882 1929 Superintendenti
922 1879 1050 1917 officia
1081 1878 1213 1929 ipsius,
1251 1891 1297 1916 ex
1330 1877 1590 1917 ordinatione
1608 1891 1618 1924 5

226 1931 393 1970 maxime
413 1945 458 1970 ex
479 1933 606 1981 capite
632 1935 681 1971 de
702 1933 806 1971 victu
833 1940 870 1971 et
898 1933 1036 1971 salario
1063 1931 1463 1982 Superintendentum
1486 1962 1493 1969 .
1518 1963 1524 1970 .
1548 1962 1555 1969 .
1577 1938 1616 1970 et

224 1993 361 2035 postea
391 1987 551 2024 mandat
581 1987 614 2024 ei
645 1993 689 2024 nt
714 1988 852 2024 sincere
879 1989 1006 2024 doceat
1030 1987 1300 2035 Evangelinm,
1329 1986 1373 2023 id
1397 1991 1460 2032 est,
1491 1986 1616 2023 remis-

223 2040 359 2077 sionem
374 2046 610 2088 peccatorum
639 2046 676 2077 et
700 2041 816 2078 vitam
844 2046 1034 2078 aeternam
1060 2041 1100 2078 in
1135 2041 1289 2078 Christo
1314 2039 1400 2077 Iesn
1417 2039 1509 2088 filio
1537 2039 1621 2076 Dei

224 2094 342 2130 solnm
360 2108 377 2136 ,·
422 2095 519 2140 item,
559 2095 602 2131 de
639 2095 807 2141 caritate,
849 2107 961 2140 cruce,
984 2094 1229 2142 poenitentia,
1263 2094 1505 2142 magistratu,
1536 2093 1614 2130 obe-

224 2147 367 2186 dientia
397 2160 443 2184 er
468 2149 577 2185 verbo
606 2149 718 2187 Dei:
748 2149 847 2194 item,
869 2149 912 2185 de
941 2148 1185 2185 sacramentis
1208 2160 1258 2185 ex
1287 2147 1441 2185 Clzristi
1465 2147 1616 2184 institn-

224 2202 332 2248 tione,
355 2214 428 2238 non
458 2202 572 2238 alind
587 2207 658 2239 ant
679 2203 802 2239 aliter.
855 2202 1089 2240 Promittls?
1148 2202 1392 2251 Respondet,
1414 2201 1612 2239 Pronzitto.

225 2254 439 2293 Ordinator
458 2254 591 2293 addit:
622 2257 692 2292 Da
713 2257 910 2292 dexteram
929 2270 936 2301 ;
966 2263 1003 2293 et
1024 2255 1088 2293 ille
1109 2256 1188 2293 dat.

278 2309 461 2359 Sequitur
493 2308 622 2347 statim
657 2310 834 2347 Psalmus
869 2310 934 2359 qui
967 2310 1129 2355 canitur,
1168 2310 1262 2347 Ecce
1296 2321 1396 2346 nnnc
1421 2308 1615 2346 benedicite

223 2364 399 2409 Domino,
425 2364 500 2400 ἑνί.
562 2364 654 2401 Post
678 2363 875 2401 Psalmum
897 2362 991 2401 dicit
1012 2362 1246 2401 Ordinator:
1280 2363 1386 2400 Vobis
1394 2362 1616 2411 pastoribus

222 2417 376 2454 canitur
403 2417 463 2454 llic·
489 2418 678 2463 Psczlmns,
710 2422 755 2454 nt
780 2418 907 2455 levetis
941 2430 1085 2463 manns,
1115 2417 1158 2454 id
1187 2422 1250 2464 est,
1282 2417 1393 2454 oretis
1413 2421 1450 2453 et
1475 2416 1614 2454 benedi-

221 2472 314 2508 catis
333 2472 513 2518 Domino,
537 2472 580 2508 id
596 2477 657 2518 est,
672 2472 898 2520 praedicetis
917 2472 1194 2509 benedictionem
1215 2471 1256 2509 in
1276 2471 1411 2508 semine
1431 2469 1614 2507 Abrahae

1703 2507 1708 2545 -r
1703 2419 1710 2482 Ἢ...

1713 994 1715 1073 ι
