1715 2780
129 124 156 163 6
191 123 427 171 ALBERT‚
461 120 725 162 ELECTOR
756 114 1126 159 ARCHBISH‘OP
1157 115 1229 155 oF
1260 115 1443 153 MAINZ
1488 125 1531 161 17

183 229 369 269 Secunda
391 228 557 267 facultas
577 233 637 266 est
667 223 911 277 dispensatio
935 229 974 263 et
1000 219 1274 274 compensatio
1301 232 1392 259 cum
1418 218 1533 258 simo-

128 283 250 322 niacis
272 290 310 322 et
329 281 604 333 irregularibus
626 312 634 320 .
658 312 665 320 .
690 312 697 320 .
719 281 874 319 solvant
893 280 1041 317 fructus
1063 278 1179 316 unius
1196 275 1289 315 anni
1310 305 1317 313 .
1342 305 1350 313 .
1374 299 1380 313 ε

183 337 317 377 Tertia
343 338 507 376 facultas
534 343 593 376 est
618 333 890 386 componendi
920 346 1036 384 super
1063 333 1166 371 male
1192 329 1345 377 ablatis,
1375 327 1533 367 incertis

129 393 191 431 vel
212 391 331 431 etiam
351 390 478 439 certis,
501 391 542 430 in
563 390 761 441 aliquibus
782 388 939 428 casibus
961 416 970 426 .
993 417 1000 425 .
1025 416 1033 424 .
1066 388 1114 425 In
1136 386 1197 424 his
1217 384 1324 425 enim
1346 382 1533 422 omnibus

128 446 287 486 casibus
314 445 508 485 restitutio
534 445 617 485 fieri
644 445 817 492 deberet,
841 451 880 482 et
906 441 1079 482 nescitur
1108 440 1186 480 cui.v
1243 440 1365 480 Unde
1393 436 1534 477 exami-

129 508 225 540 nent
256 499 541 540 conscientiam
576 513 688 539 suam
722 498 763 537 in
795 511 915 549 quam
955 509 1151 536 summam
1190 501 1354 546 possent
1388 491 1534 530 habere

129 556 232 595 male
245 554 389 603 ablata,
402 562 440 594 et
452 555 735 606 componendo
747 553 798 592 ab
812 552 921 591 omni
936 552 1038 591 male
1051 550 1274 590 ablatorum
1289 546 1536 587 restitutione

129 609 400 649 liberabuntur
421 639 429 648 .
451 639 459 648 .
484 639 491 648 .

185 665 337 715 Quarta
365 665 529 703 facultas
560 670 618 702 est
648 660 907 713 dispensandi
937 674 1029 700 cum
1059 659 1115 699 eis
1145 658 1214 710 qui
1243 665 1335 697 ante
1364 663 1534 695 aetatem

131 718 346 770 legitimam
387 717 471 757 sine
513 717 811 768 dispensatione
849 717 900 755 ad
938 715 1098 755 ordines
1146 726 1277 753 sacros
1318 719 1409 751 sunt
1451 723 1536 761 pro-

130 772 228 812 moti
254 786 371 824 super
398 771 688 824 irregularitate,
715 779 753 811 et
780 778 823 809 ut
850 770 1003 822 possint
1032 769 1072 808 in
1107 767 1301 818 susceptis
1330 764 1537 805 ordinibus

131 835 352 866 m1n1strare
372 858 380 866 .
403 857 413 866 .
437 858 445 866 .

186 880 338 931 Quinta
366 883 530 921 facultas
560 888 619 921 est
647 879 906 932 dispensandi
933 892 1025 918 cum
1053 877 1113 917 his
1138 876 1206 928 qui
1236 876 1276 915 in
1303 875 1425 927 gradu
1453 887 1538 925 pro-

131 936 262 996 bibito
289 935 642 987 consanguinitatis
669 943 708 975 et
736 934 935 974 affinitatis
965 939 1256 979 contraxerunt,
1283 930 1452 970 scienter
1476 929 1537 967 vel

131 998 356 1041 ignoranter
376 1021 383 1030 .
407 1021 415 1029 .
440 1022 448 1030 .

186 1046 304 1085 Sexta
333 1046 498 1084 facultas
537 1052 596 1084 est
635 1042 905 1095 componendi
944 1056 1035 1082 cum
1070 1041 1215 1081 iniuste
1248 1036 1537 1091 occupantibus

131 1100 238 1152 bona
258 1101 512 1151 ecclesiarum
532 1100 595 1138 vel
614 1098 945 1138 monasteriorum
965 1127 974 1136 .
997 1127 1004 1136 .
1030 1127 1037 1135 .

186 1153 363 1205 Septima
382 1155 546 1193 facultas
567 1162 626 1193 est
645 1151 974 1204 apprehendendi
994 1159 1032 1190 et
1053 1152 1104 1190 de
1124 1150 1207 1189 iure
1227 1146 1466 1200 assequendi
1486 1147 1537 1185 ad

133 1221 249 1247 usum
270 1208 400 1248 dictae
420 1208 592 1247 fabricae
608 1207 744 1247 onmia
764 1207 871 1246 bona
891 1220 952 1245 res
969 1214 1007 1245 et
1021 1205 1210 1257 pecunias
1227 1217 1329 1255 quae
1345 1204 1538 1241 hactenus

132 1262 267 1302 relicta
296 1269 388 1302 sunt
407 1270 446 1302 et
475 1264 642 1302 durante
674 1263 782 1302 dicto
817 1260 1005 1300 octennio
1035 1261 1306 1310 relinquentur
1334 1270 1406 1308 pro
1437 1256 1539 1294 male

132 1317 354 1356 ablatorum
376 1316 624 1356 restitutione
644 1316 684 1355 in
711 1329 952 1366 quacunque
979 1314 1118 1353 ultima
1143 1315 1360 1360 voluntate,
1380 1310 1540 1361 quibus-

132 1385 291 1422 cunque
311 1371 469 1411 incertis
490 1370 665 1411 ecclesiis
686 1378 753 1410 aut
774 1370 848 1421 piis
869 1369 966 1409 locis
993 1377 1032 1409 et
1059 1367 1238 1420 personis
1259 1398 1266 1406 .
1290 1398 1298 1406 .
1323 1397 1330 1404 .
1354 1364 1540 1405 Similiter

132 1425 304 1477 applicat
334 1428 443 1477 Papa
473 1427 602 1466 dictae
636 1425 808 1465 fabricae
843 1424 978 1463 omnia
1011 1424 1119 1463 bona
1150 1435 1252 1474 quae
1286 1434 1355 1472 per
1385 1420 1540 1469 aliquos

132 1479 277 1520 iniuste
296 1480 548 1521 detinentur:
578 1481 649 1520 sed
673 1479 727 1519 illi
748 1479 893 1531 quibus
920 1479 985 1518 illa
1000 1478 1108 1518 bona
1134 1475 1379 1517 restituenda
1408 1480 1540 1513 essent

133 1533 266 1586 aliqua
285 1535 436 1574 ratione
457 1549 539 1575 non
559 1542 726 1586 possunt
748 1534 814 1573 illa
833 1541 1010 1585 repetere
1032 1564 1039 1572 .
1064 1564 1071 1572 .
1096 1564 1104 1572 .

140 1694 143 1697 Α
172 1617 283 1696 ΙΝο.
317 1661 354 1705 7.
413 1650 633 1695 Tetzel’s
664 1649 935 1694 Instructio
969 1647 1048 1692 for
1078 1646 1258 1702 parish
1287 1645 1491 1700 priests.

259 1728 541 1778 Fragmentum
562 1726 798 1766 summariae
819 1722 1089 1764 instructionis
1112 1724 1170 1762 Io.
1192 1720 1340 1762 Tezelii
1361 1733 1432 1772 pro

697 1779 980 1820 sacerdotibus.

190 1846 362 1886 Possunt
394 1846 547 1887 absolvi
585 1853 624 1886 et
661 1845 881 1897 dispensari
919 1858 943 1883 a
982 1855 1222 1895 quacunque
1260 1838 1541 1891 irregularitate

135 1908 348 1950 contracta,
370 1901 544 1953 exceptis
573 1900 899 1952 provenientibus
929 1912 976 1938 ex
1006 1897 1225 1937 homicidio
1249 1893 1471 1936 voluntario
1503 1900 1541 1931 et

135 1954 317 2006 bigamia.

191 2011 306 2058 Item,
338 2011 404 2061 qui
439 2009 572 2061 aliqua
600 2008 895 2055 coniunctione,
927 2006 1117 2058 spirituali
1147 2007 1209 2045 vel
1248 2004 1405 2051 carnali,
1436 2002 1541 2041 vide-

135 2063 226 2103 licet
255 2064 295 2103 in
325 2064 440 2104 tertio
469 2066 530 2104 vel
559 2072 700 2115 quarto
729 2065 852 2115 gradu
877 2060 1230 2113 consanguinitatis
1255 2061 1316 2099 vel
1342 2056 1541 2098 affinitatis

136 2117 316 2169 impediti
364 2118 662 2158 matrimonium
706 2124 996 2165 contraxerunt,
1035 2115 1187 2155 absolvi
1235 2122 1274 2154 et
1321 2110 1541 2164 dispensari

134 2180 312 2223 possunt,
331 2180 369 2212 et
388 2175 428 2212 in
449 2180 654 2213 contracto
670 2171 923 2211 matrimonio
943 2179 1158 2217 remanere,
1176 2177 1215 2209 et
1235 2170 1369 2208 denuo
1391 2166 1422 2205 si
1442 2178 1542 2216 opus

136 2227 209 2266 fuit
240 2229 472 2267 contrahere
506 2228 706 2273 valebunt,
742 2228 895 2277 prolem
923 2232 1148 2276 susceptam
1179 2231 1217 2263 et
1246 2221 1539 2273 suscipiendam

136 2280 352 2331 legitimam
373 2283 455 2321 fore
476 2282 729 2321 declarando.
1145 2321 1148 2323 .

193 2336 308 2384 Item,
330 2337 380 2375 de
407 2336 594 2376 omnibus
619 2337 722 2375 male
750 2334 902 2383 ablatis,
926 2333 1083 2374 incertis
1105 2340 1142 2373 et
1170 2332 1288 2372 etiam
1316 2329 1443 2377 certis,
1473 2341 1542 2379 per

138 2389 353 2429 usurariam
374 2390 607 2442 pravitatem
628 2389 827 2441 quaesitis.
1262 2394 1265 2396 ’
1314 2393 1317 2394 ’

193 2442 308 2491 Item,
331 2446 382 2484 de
402 2444 589 2483 omnibus
610 2444 746 2494 legatis
767 2445 817 2484 ad
845 2443 930 2495 pios
952 2453 1045 2482 usus
1074 2441 1217 2481 relictis
1244 2436 1481 2490 compositio
1504 2444 1541 2475 et

137 2496 380 2547 dispensatio
402 2498 482 2537 fieri
503 2506 646 2548 potest.

193 2579 258 2610 944
830 2575 853 2600 C
