1715 2780
196 153 271 190 472
677 139 902 183 CAPPEL,
939 150 1113 188 1529-31
1511 148 1591 186 224

197 253 338 291 essent,
362 245 474 283 facile
495 250 595 282 esset
626 242 742 281 rebus
775 241 920 280 mederi
952 250 993 280 ut
1023 242 1183 280 tandem
1204 241 1365 291 puerilia
1386 241 1450 280 illa
1470 248 1592 280 muta-

198 307 340 338 rentur.
400 299 532 346 Quare
565 295 870 335 clementissime
898 309 921 334 a
952 305 989 334 te
1028 295 1198 345 petimus
1227 304 1269 334 ut
1297 303 1434 334 auctor
1463 297 1514 334 sis
1555 304 1591 334 et

198 367 316 403 quam
354 352 522 390 maxime
560 350 768 389 nobiscum
808 349 995 388 annitaris
1033 359 1075 388 111
1106 357 1319 388 vestratum
1351 363 1425 388 nec
1463 351 1593 388 minus

199 409 515 446 Lutheranorum
562 404 683 454 aliqui
721 412 896 453 tempore
933 411 970 442 et
1007 405 1097 442 loco
1135 403 1243 442 dicto
1280 411 1480 454 cogantur,
1513 417 1593 453 quo

198 461 332 512 magis,
355 469 396 498 ut
418 472 534 519 supra
554 458 643 505 dixi,
667 459 745 496 (16
738 458 782 495 115
802 458 919 496 rebus
945 458 997 496 ad
1016 470 1252 496 consensum
1275 457 1316 495 in
1336 457 1439 496 iusto
1458 458 1594 496 funda-

199 523 334 553 mento
372 513 544 564 positum
582 520 621 552 et
660 511 893 551 Christianis
931 511 1095 561 dignum
1133 512 1405 561 perducamur
1469 511 1592 551 Cuius

198 569 314 607 officii
334 568 405 607 tibi
425 569 639 606 clementer
660 579 854 604 memores
874 566 992 604 futuri
1012 578 1159 604 sumus.

197 689 288 733 No.
305 700 404 742 225.
439 690 593 731 From
613 687 877 740 Zwingli’s
899 690 910 710 ⁴
924 686 1064 730 Fidei
1085 686 1236 730 Ratio
1251 687 1278 738 ’,
1295 687 1321 729 8
1334 686 1455 741 July
1467 697 1593 740 1530.

253 781 386 819 Primo
415 779 540 830 igitur,
562 787 600 817 et
629 780 748 818 credo
778 786 816 817 et
847 778 929 817 scio
959 792 1082 816 unum
1112 791 1157 817 ac
1188 780 1317 816 solum
1346 792 1431 817 esse
1462 780 1592 817 Deum

200 849 372 886 eumque
393 847 479 873 esse
500 841 638 872 natura
662 834 829 881 bonum,
849 845 996 880 verum,
1020 840 1236 882 potentem,
1258 832 1418 880 iustum,
1445 832 1595 883 sapien-

199 898 291 937 tem,
315 896 531 927 creatorem
557 895 596 926 et
625 895 844 925 curatorem
876 899 1005 925 rerum
1035 887 1214 925 omnium
1235 886 1447 925 visibilium
1475 895 1595 937 atque

199 943 467 982 invisibilium.
536 943 633 980 Esse
682 943 849 987 Patrem,
902 940 1045 978 Filium
1093 948 1131 979 et
1179 940 1366 991 Spiritum
1414 948 1592 979 sanctum

200 1000 392 1037 Personas
427 997 587 1046 quidem
620 1005 707 1041 tres,
741 995 811 1033 sed
842 994 1054 1033 essentiam
1086 995 1226 1033 horum
1265 1008 1384 1033 unam
1422 1008 1468 1033 ac
1507 994 1594 1033 sim-

199 1051 353 1102 plicem.
413 1053 463 1089 Et
492 1049 657 1088 omnino
686 1049 792 1087 iuxta
821 1048 1106 1098 expositionem
1135 1048 1311 1098 Symboli
1340 1057 1420 1087 tam
1451 1048 1594 1087 Niceni

199 1119 318 1156 quam
332 1103 591 1143 Athanasiani
605 1117 673 1154 per
688 1103 840 1152 singula
853 1104 903 1141 de
925 1101 1129 1141 Numine
1120 1115 1206 1153 1pso
1222 1103 1352 1152 deque
1365 1102 1594 1141 nominibus

199 1160 279 1198 sive
301 1158 483 1198 Personis
504 1157 628 1196 tribus
649 1157 788 1196 5611110.
846 1155 988 1195 Filium
1009 1169 1167 1195 carnem
1187 1157 1456 1206 adsumpsisse
1476 1158 1594 1195 credo

200 1223 237 1253 et
257 1214 446 1273 intelligo
480 1213 589 1262 quod
621 1213 836 1250 humanam
876 1218 1068 1257 naturam,
1105 1210 1185 1249 imo
1215 1218 1342 1249 totum
1375 1210 1590 1258 hominem,

199 1267 265 1318 qui
301 1281 347 1306 ex
379 1279 541 1317 corpore
582 1274 619 1304 et
658 1265 792 1303 animo
831 1272 997 1311 constat,
1031 1278 1120 1303 vere
1151 1278 1197 1303 ex
1228 1264 1479 1303 immaculata
1513 1278 1594 1315 per-

199 1331 397 1372 petuaque
413 1320 560 1370 virgine
584 1319 709 1358 Maria
729 1318 1031 1368 adsumpserit..
1085 1320 1176 1357 ‚Ad
1189 1320 1295 1357 1111116
1316 1331 1408 1368 ergo
1429 1320 1593 1357 modum

199 1389 279 1414 non
302 1377 407 1414 solus
429 1374 556 1413 sentio
584 1375 653 1412 sed
679 1373 734 1411 516
763 1380 968 1411 561156111111
989 1381 1069 1410 tam
1090 1374 1140 1411 (16
1166 1372 1252 1422 ipso
1278 1372 1453 1411 Numine
1473 1385 1592 1432 quam

199 1431 248 1468 de
282 1428 465 1467 Personis
500 1429 630 1477 deque
669 1428 879 1476 adsumpta
918 1434 1055 1464 natura
1093 1425 1301 1465 orthodoxi
1336 1439 1474 1465 omnes
1513 1426 1594 1465 sive

200 1483 314 1533 prisci
351 1482 431 1521 sive
464 1481 679 1520 neoterici:
722 1480 776 1519 516
815 1479 989 1518 56111111111
1024 1479 1090 1530 qui
1125 1479 1327 1519 veritatem
1367 1479 1594 1519 etiamnunc

197 1545 426 1587 agnoscunt.

254 1591 450 1630 Secundo.
510 1590 600 1627 Scio
631 1589 793 1626 Numen
823 1587 927 1626 istud
959 1601 1171 1634 summum,
1204 1589 1312 1638 quod
1344 1589 1453 1626 Deus
1483 1601 1594 1626 meus

200 1654 272 1692 est,
291 1644 412 1683 libere
443 1643 679 1682 constituere
709 1643 760 1681 de
789 1643 906 1681 rebus
936 1642 1135 1688 universis,
1160 1641 1212 1680 ita
1241 1650 1283 1680 ut
1312 1655 1392 1680 non
1422 1643 1593 1692 pendeat

199 1698 408 1738 consilium
439 1697 521 1736 eius
555 1697 606 1735 ab
637 1696 753 1735 ullius
788 1704 986 1735 creaturae
1016 1695 1250 1744 occasione3
1289 1697 1364 1735 hoc
1395 1695 1500 1735 enirn
1536 1704 1593 1734 est

201 1752 361 1791 mutilae
409 1751 510 1790 illius
559 1753 756 1788 humanae
803 1750 1017 1800 sapientiae
1069 1749 1282 1800 proprium,
1331 1751 1594 1800 praecedente

200 1806 378 1845 discursu
399 1814 466 1844 aut
491 1806 672 1854 exemplo
693 1812 874 1843 statuere.
900 1835 906 1841 .
928 1834 935 1842 .
960 1833 965 1840 .
989 1803 1098 1841 Hinc
1122 1811 1181 1842 est
1205 1812 1246 1841 ut
1266 1803 1445 1853 quamvis
1466 1803 1593 1842 sciens

199 1874 244 1898 ac
283 1861 455 1910 prudens
495 1858 698 1897 hominem
737 1857 929 1908 principio
969 1859 1151 1896 formaret
1183 1857 1250 1907 qui
1284 1859 1461 1907 lapsurus
1500 1866 1592 1904 erat,

200 1915 315 1951 simul
337 1922 469 1951 tamen
490 1912 744 1951 constitueret
774 1911 914 1950 Filium
937 1925 1050 1950 suum
1076 1912 1248 1950 humana
1278 1919 1416 1950 natura
1434 1910 1593 1950 amicire

199 1967 264 2017 qui
286 1969 439 2015 lapsum
460 1974 664 2016 repararet.
688 1995 693 2002 .

254 2020 402 2059 Tertio.
460 2019 549 2058 Scio
589 2021 736 2057 nullam
782 2019 897 2057 aliam
942 2032 1026 2057 esse
1070 2020 1352 2069 expiandorum
1400 2019 1591 2057 scelerum

200 2075 368 2112 hostiam
403 2086 522 2123 quam
562 2073 773 2111 Christum.
806 2102 812 2109 .
847 2103 854 2111 .
886 2104 892 2110 .
926 2072 1218 2122 Relinquuntur
1256 2085 1348 2122 ergo
1395 2071 1458 2110 hic
1501 2085 1591 2110 curn

200 2141 364 2178 operum
394 2135 617 2165 nostrorum
649 2126 873 2164 iustificatio
912 2135 949 2164 et
989 2126 1212 2172 satisfactio,
1243 2135 1327 2164 tum
1366 2133 1591 2164 sanctorum

201 2183 391 2227 omnium,
423 2182 504 2219 sive
534 2180 572 2217 in
603 2188 701 2218 terra
731 2180 810 2218 sive
841 2180 879 2217 in
910 2180 1030 2218 coelis
1059 2179 1299 2230 degentium,
1330 2181 1380 2218 de
1415 2179 1592 2218 bonitate

201 2245 238 2274 et
287 2234 554 2273 misericordia
603 2233 677 2272 Dei
726 2235 895 2282 expiatio
942 2242 1009 2271 aut
1059 2233 1297 2272 intercessio.
1357 2233 1437 2271 Hic
1485 2232 1590 2272 enim

202 2303 302 2327 unus
331 2302 377 2327 ac
402 2290 507 2326 solus
538 2287 730 2326 mediator
753 2287 827 2325 Dei
859 2296 895 2325 et
928 2288 1134 2326 hominum
1166 2296 1233 2335 est,
1262 2289 1371 2326 Deus
1402 2295 1439 2325 et
1469 2288 1591 2325 homo

201 2343 380 2382 Christus
402 2342 524 2380 Iesus.

256 2398 418 2445 Quarto
443 2426 450 2434 .
478 2426 485 2434 .
508 2425 514 2432 .
538 2398 746 2434 Peccatum
783 2394 980 2444 originale,
1013 2405 1052 2433 ut
1085 2404 1142 2433 est
1170 2396 1209 2432 in
1237 2395 1324 2432 filiis
1355 2395 1478 2440 Adae,
1510 2406 1590 2432 non

202 2450 356 2500 proprie
385 2458 590 2499 peccatum
622 2462 707 2487 esse
728 2479 735 2486 .
760 2480 765 2486 .
790 2480 795 2486 .
817 2462 896 2486 non
924 2450 1027 2487 enim
1050 2457 1106 2487 est
1128 2448 1277 2486 facinus
1297 2456 1433 2486 contra
1453 2449 1590 2497 legem.

206 2504 370 2545 Morbus
399 2503 513 2554 igitur
534 2512 591 2542 est
613 2503 768 2554 proprie
790 2511 827 2540 et
848 2502 1037 2541 conditio.
1097 2502 1274 2548 Morbus,
1297 2503 1387 2552 quia
1408 2501 1506 2539 sicut
1528 2500 1591 2539 ille
