1715 2780
192 131 266 156 120
587 116 809 156 ADRIAN
838 117 897 154 VI
928 116 1048 155 AND
1077 116 1197 153 THE
1537 117 1586 155 61

191 221 308 260 nibus
340 220 557 271 praepediti
594 221 733 268 forent,
768 220 1009 259 commode.
1033 248 1042 258 .
1065 250 1072 258 .
1096 221 1224 270 legere
1244 251 1252 260 .
1281 251 1289 259 .
1318 251 1325 258 .
1351 219 1584 272 potuissent.

191 277 308 314 Adde
329 276 438 325 quod
458 274 602 313 feriatis
623 287 782 325 quoque
802 274 954 320 diebus,
978 273 1045 324 qui
1065 273 1190 313 dubio
1209 275 1345 324 procul
1365 275 1474 314 bono
1494 287 1586 313 con-

190 329 277 368 silio
300 342 346 367 ac
376 329 415 367 in
448 329 523 367 Dei
545 329 638 379 Opt.
663 330 767 366 Max.
791 329 980 366 honorem
1010 327 1180 378 primum
1210 329 1312 367 bene
1338 336 1428 367 sunt
1447 327 1582 376 feriati,

189 383 395 421 innumera
410 390 680 433 perpetrantur
701 381 844 420 delicta
863 411 870 420 .
894 412 900 420 .
927 413 933 420 .
957 382 1087 432 potius
1104 395 1223 432 quam
1244 382 1304 421 his
1321 382 1585 432 Omnipotens

189 438 348 476 colatur.
374 467 381 474 .
404 466 412 475 .
436 467 443 474 .
469 438 648 486 Eamque
669 437 721 474 ob
743 448 901 474 causam
922 437 960 474 S.
982 437 1030 474 R.
1055 437 1086 474 I.
1109 437 1239 474 Status
1259 436 1348 475 laici
1368 436 1585 475 consultius

188 498 339 541 putant,
362 490 393 528 si
423 490 577 529 effrenis
608 489 788 529 feriarum
817 520 824 528 .
852 520 858 528 .
891 519 898 528 .
924 491 1192 540 festorumque
1219 490 1371 529 dierum
1398 503 1584 529 numerus

188 546 306 595 paulo
328 552 562 583 coerceatur.
587 575 593 582 .
617 575 624 582 .
649 575 656 582 .

246 613 306 648 39.
337 600 402 636 De
424 599 596 636 oneribus
618 599 656 637 S.
679 600 728 636 R.
752 599 786 636 l.
813 599 994 637 Statuam
1024 598 1206 636 laicorum
1231 604 1362 636 contra
1392 599 1588 649 Arckiepz'-

189 660 320 701 scopos,
335 654 377 690 E
369 653 540 702 piscopos
557 658 786 701 caeterosque
800 653 1003 690 Praelatos
1018 652 1280 699 ecclesiasticos,
1297 665 1424 690 eorum
1444 665 1588 702 quoque

194 707 379 756 Capitula
409 719 453 744 ac
475 737 482 744 .
515 736 521 744 .
556 736 563 744 .
594 707 741 744 Iudices
769 707 1020 744 ecclesiasticos
1039 703 1108 759 [cf.
1129 707 1168 755 ἐξ
1189 703 1350 758 39—85].

246 762 306 798 86.
338 762 403 798 De
429 773 503 797 ason
520 760 695 809 ferendis
724 762 829 797 ultra
858 761 1032 798 oneribus
1058 761 1194 809 quibus
1222 761 1359 798 misera
1381 761 1490 810 plebs
1508 766 1586 810 pro

189 820 511 852 sacramentorum
540 815 873 851 admzffmstratzmze
895 819 1100 863 gravatur.
1159 815 1374 874 Pleraeque
1400 815 1494 853 item
1523 827 1587 865 pa-

191 867 381 907 rochiales
413 867 602 906 ecclesiae
637 867 882 906 monasteriis
916 876 988 906 etc.
1021 867 1347 918 incorporationis
1376 898 1385 906 .
1424 898 1431 907 .
1465 897 1474 906 .
1504 867 1587 907 iure

191 921 372 960 subditae
389 929 490 969 sunt,
505 935 625 971 quas.
651 952 658 959 .
681 929 787 959 .tam
804 921 1031 960 enormibus
1047 921 1313 960 absentiarum
1329 921 1587 982 pensionibus

274 1005 280 1013 .
313 983 477 1014 onerant
503 984 545 1013 ut
575 975 807 1014 conductitii
831 975 893 1013 isti
920 975 1080 1025 parochi
1100 989 1316 1025 eorumque
1336 975 1468 1014 vicarii
1498 1006 1506 1014 .
1539 1006 1546 1014 .
1577 1005 1586 1014 .

192 1037 485 1080 competentem
507 1029 862 1068 sustentationem.
886 1059 893 1067 .
917 1029 1038 1068 .inde
1059 1030 1204 1068 habere
1224 1037 1434 1079 nequeant.
1493 1031 1586 1079 Quo

192 1085 234 1121 fit
256 1114 263 1122 .
286 1113 294 1121 .
318 1114 324 1121 .
349 1092 391 1121 ut
412 1083 553 1121 illicitis
584 1083 854 1122 exactionibus
884 1085 1030 1122 locatas
1058 1083 1133 1122 sibi
1160 1083 1332 1122 oviculas
1354 1083 1494 1122 misere
1514 1114 1521 1122 .
1545 1114 1553 1122 .
1578 1115 1585 1122 .

191 1137 392 1176 dilanient.
452 1139 667 1187 Postquam
694 1137 797 1175 enim
826 1137 955 1175 altaris
976 1136 1241 1187 baptismique
1260 1145 1503 1176 sacramenta
1522 1139 1587 1176 ad-

192 1191 449 1229 ministranda
463 1198 562 1238 sunt,
581 1191 740 1240 primus,
758 1191 958 1241 septimus,
976 1190 1206 1238 tricesimus,
1224 1190 1587 1242 anniversariusque

191 1245 275 1283 dies
305 1246 561 1295 peragendus
593 1244 817 1283 auricularis
847 1245 1043 1283 confessio
1074 1244 1282 1293 audienda,
1313 1245 1454 1283 mortui
1482 1258 1588 1295 sepe-

191 1299 323 1345 liendi,
340 1307 378 1337 et
398 1298 587 1348 quicquid
608 1298 780 1348 denique
796 1298 989 1348 reliquum
1006 1306 1064 1337 est
1079 1300 1188 1348 quod
1203 1300 1254 1337 ad
1270 1299 1347 1340 vita
1362 1300 1586 1338 functorum

192 1352 435 1391 ceremonias
455 1352 720 1390 observandas
742 1365 883 1402 operae
904 1352 1071 1401 pretium
1092 1351 1336 1400 arbitrantur,
1360 1352 1400 1391 id
1420 1353 1588 1403 gratuito

192 1406 340 1444 faciunt
365 1419 617 1455 nequaquam
647 1407 716 1444 sed
746 1413 898 1444 tantum
923 1406 1081 1456 exigunt
1112 1435 1119 1443 .
1154 1436 1161 1444 .
1194 1437 1201 1444 .
1233 1413 1425 1456 quantum
1447 1406 1588 1446 misera

193 1461 398 1510 plebecula
414 1461 475 1497 vel
496 1473 586 1497 cum
607 1472 763 1497 summo
787 1473 859 1498 suo
880 1459 1089 1509 dispendio
1110 1467 1304 1510 praestare
1326 1490 1334 1498 .
1357 1490 1365 1498 .
1390 1490 1398 1498 .
1417 1468 1558 1511 potest.

248 1516 309 1562 87.
350 1514 456 1552 Utob
468 1514 640 1551 stsz'ssas.
666 1543 672 1551 .
696 1544 703 1552 .
728 1515 910 1562 legendas,
920 1515 1122 1563 pecuniam
1142 1515 1308 1563 exigant.
1352 1515 1494 1564 Neque
1511 1516 1587 1553 hoc

192 1567 391 1618 praeteriri
413 1574 566 1616 potest.
586 1595 594 1605 .
614 1598 620 1605 .
640 1569 748 1617 quod
773 1568 996 1606 sacerdotes
1017 1567 1132 1605 unius
1153 1567 1231 1606 diei
1252 1567 1403 1616 missas,
1422 1569 1473 1606 ad
1490 1581 1586 1618 quas

193 1622 287 1660 alias
303 1620 545 1659 fundationis
568 1651 575 1658 .
597 1650 605 1659 .
631 1650 638 1659 .
661 1621 742 1659 iure
758 1621 1013 1660 celebrandas
1028 1621 1260 1671 obligantur,
1279 1634 1360 1660 non
1381 1623 1501 1660 semel
1518 1623 1588 1661 sed

219 1706 225 1713 ,
241 1706 248 1713 .
265 1674 475 1725 quinquies
491 1674 684 1725 pluriesve
696 1676 926 1713 venundant
941 1690 948 1713 :
980 1688 1138 1725 unaque
1151 1675 1269 1714 missa
1281 1676 1449 1723 duobus,
1464 1675 1587 1714 tribus

192 1737 259 1767 aut
279 1729 456 1778 pluribus
477 1728 750 1767 ecclesiasticis
770 1728 972 1767 beneficiis
993 1728 1214 1768 satisfacere
1235 1737 1500 1779 praesumunt.

248 1797 309 1831 90.
349 1784 404 1821 Ut
420 1784 595 1831 plerique
624 1783 854 1820 ecclesiastici
878 1784 998 1821 vitam
1030 1784 1168 1820 laicam
1188 1785 1380 1833 planeque
1416 1785 1588 1822 rixosam

192 1842 322 1884 agant.
382 1837 467 1874 Nec
488 1836 617 1874 minus
642 1836 759 1874 etiam
781 1836 988 1875 Germanis
1009 1838 1219 1875 molestum
1240 1845 1308 1884 est,
1332 1838 1440 1887 quod
1460 1837 1589 1887 potior

192 1890 465 1940 parochorum,
489 1891 749 1937 sacerdotum,
773 1892 1058 1929 monachorum
1080 1920 1088 1929 .
1110 1920 1118 1928 .
1141 1921 1149 1929 .
1172 1904 1259 1941 pars
1289 1891 1328 1928 in
1355 1890 1588 1937 diversoriis,

194 1942 356 1981 stabulis
376 1956 422 1980 ac
443 1943 606 1990 choreis,
629 1945 866 1993 populorum
888 1944 1010 1982 turbis
1040 1958 1081 1983 se
1110 1944 1333 1983 immiscent
1349 1959 1359 1992 3
1389 1946 1428 1982 in
1449 1945 1586 1995 plateis

193 1998 286 2035 item
308 1996 445 2034 habitu
467 1997 596 2034 minus
617 1997 784 2044 decenti,
804 2006 943 2047 utputa
962 1998 1111 2048 gladiis,
1130 1998 1384 2048 vestibusque
1404 1998 1563 2038 ludicris
1577 2013 1587 2047 3

192 2057 391 2101 praeterea
424 2049 512 2087 rixis
542 2080 548 2087 .
574 2080 582 2088 .
613 2079 621 2088 .
653 2050 772 2089 laicos
799 2052 849 2089 ad
881 2051 976 2089 iram
1011 2059 1048 2090 et
1080 2059 1367 2101 consequenter
1399 2053 1450 2091 ad
1480 2066 1587 2090 arma

192 2110 419 2154 provocant.
442 2134 449 2141 .
480 2133 488 2140 .
515 2134 522 2141 .
548 2103 650 2142 Dein
681 2104 1099 2143 excommunicationis
1126 2105 1289 2144 fulmine
1314 2136 1321 2143 .
1346 2135 1354 2144 .
1378 2136 1384 2144 .
1411 2119 1587 2156 eousque

192 2158 375 2196 divexant
396 2170 603 2206 quousque
626 2186 631 2193 .
656 2187 662 2193 .
688 2187 694 2194 .
718 2157 804 2195 laici
826 2171 866 2196 se
887 2172 977 2195 cum
999 2158 1058 2196 his
1079 2160 1383 2208 composuerint.

247 2225 308 2260 91.
342 2212 443 2249 Item
472 2241 478 2248 .
511 2240 518 2247 .
544 2240 552 2248 .
581 2210 755 2260 episcopi
781 2241 788 2248 .
818 2241 825 2249 .
854 2241 862 2248 .
886 2224 965 2249 non
991 2213 1118 2249 solum
1145 2213 1394 2250 sacerdotum
1420 2214 1587 2252 tolerant

194 2264 513 2310 concubinatum,
555 2265 776 2302 dummodo
814 2272 918 2302 certa
952 2267 1194 2314 persolvatur
1225 2265 1403 2314 pecunia,
1440 2268 1509 2305 sed
1548 2275 1587 2306 et

193 2319 415 2357 sacerdotes
449 2317 697 2356 continentes
727 2347 733 2355 .
768 2348 774 2354 .
806 2347 814 2356 .
846 2318 1132 2356 concubinatus
1167 2331 1329 2356 censum
1368 2321 1588 2369 persolvere

193 2380 358 2422 cogunt3
378 2379 594 2409 asserentes
608 2371 838 2421 episcopum
856 2371 1048 2421 pecuniae
1062 2371 1239 2421 indigum
1254 2385 1349 2420 esse,
1368 2385 1446 2422 qua
1459 2375 1586 2412 soluta

192 2426 308 2464 licere
338 2425 606 2464 sacerdotibus
636 2433 677 2462 ut
699 2426 757 2462 vel
789 2424 960 2463 coelibes
987 2433 1242 2475 permaneant
1262 2427 1322 2464 vel
1344 2426 1586 2466 concubinas

193 2481 309 2517 alant.
333 2509 339 2517 .
365 2509 371 2517 .
395 2509 403 2517 .
427 2480 559 2525 Quam
580 2492 639 2517 res
660 2479 756 2516 haec
778 2478 826 2516 sit
847 2480 1030 2527 nefanda,
1047 2492 1165 2517 nemo
1186 2492 1267 2517 non
1289 2479 1478 2529 intelligit.
