1715 2780
177 138 221 175 72
387 126 507 163 THE
547 124 745 162 THREE
789 123 1098 161 TREATISES
1142 121 1213 160 OF
1250 132 1348 171 1520
1523 123 1577 168 36

171 230 333 268 verbum
361 227 642 279 promissionis,
665 226 733 266 ubi
754 226 933 266 Christus
961 225 1055 265 dicit
1081 227 1194 264 Matt
1218 225 1278 263 xvi
1301 223 1412 278 [19]:
1443 226 1579 274 Quod—

171 297 329 333 cunque
349 282 535 332 ligaveris,
551 289 650 320 etc.·
641 288 708 329 ,et
721 280 809 318 xviii
824 278 934 333 [18]:
956 281 1237 329 Quodcunque
1250 279 1468 329 llgaveritis,
1484 287 1578 318 etc.-
1570 311 1579 327 ,

171 345 209 376 et
232 338 318 375 Ioh.
341 338 434 375 ult.:
470 337 651 385 Quorum
679 334 901 374 remiseritis
930 341 1101 384 peccata,
1131 333 1381 372 remittuntur
1404 333 1458 372 eis
1489 342 1575 381 etc,

171 391 315 441 quibus
330 398 563 441 provocatur
580 391 676 428 fides
693 387 979 439 poenitentium
997 401 1067 438 pro
1083 386 1312 426 remissione
1325 395 1576 447 peccatorum

172 445 428 495 impetranda,
468 457 560 482 suae
592 442 787 493 tyrannidi
820 449 1063 492 aptaverunt.
1122 440 1326 481 Universis
1358 443 1463 479 enim
1497 441 1576 479 suis

171 498 288 546 libris,
316 498 465 545 studiis,
495 496 741 536 sermonibus
769 509 849 534 non
880 497 956 534 hoc
987 502 1159 545 egerunt,
1192 502 1234 534 ut
1263 496 1451 534 docerent
1480 495 1577 545 quid

171 552 402 592 Christianis
423 552 462 590 in
478 551 538 589 his
553 550 680 589 verbis
698 549 932 600 promissum
955 556 1067 596 esset,
1085 548 1180 599 quid
1200 550 1358 588 credere
1375 549 1576 596 deberent,

170 615 208 645 et
229 614 419 656 quantum
450 604 731 644 consolationis
760 604 961 651 haberent,
983 604 1051 641 sed
1082 616 1201 653 quam
1227 604 1315 650 late,
1338 604 1464 653 longe,
1494 616 1577 652 pro-

171 662 293 699 funde
320 659 393 710 ipsi
421 660 596 710 potentia
617 667 654 697 et
676 657 860 696 violentia
881 656 1177 707 tyrannizarent,
1199 657 1328 696 donec
1349 656 1511 707 quidam
1537 664 1576 695 et

170 714 318 764 angelis
349 715 387 751 in
418 715 530 752 coelo
551 711 761 772 coeperint
792 712 978 750 mandare
1008 718 1046 749 et
1075 712 1248 749 iactent.
1273 741 1280 748 .
1303 741 1310 749 .
1334 724 1375 749 se
1395 712 1576 749 coelestis

169 776 207 806 et
237 767 378 806 terreni
408 766 559 817 imperii
589 766 672 804 iura
700 780 739 803 111
770 765 829 803 1115
858 766 1068 815 accepisse,
1095 772 1214 814 atque
1244 764 1283 802 in
1309 764 1428 803 coelis
1458 764 1574 803 etiam

168 821 316 872 ligandi
344 829 578 871 potestatem
609 820 885 858 habere.1ta
918 832 1074 868 prorsus
1104 818 1201 856 nihil
1232 820 1282 858 de
1313 819 1392 878 ,fide
1421 818 1577 857 salutari

170 875 317 925 populi,
340 877 409 914 sed
439 876 489 914 de
516 882 709 924 potestate
735 873 935 923 tyrannica
961 872 1193 922 pontificum
1214 871 1347 911 omnia
1370 872 1573 918 blaterant,

170 943 261 968 cum
290 930 468 969 Christus
500 928 595 967 nihil
635 929 685 966 de
718 934 912 977 potestate
947 928 1015 965 sed
1046 928 1096 965 de
1127 927 1204 965 fide
1233 926 1367 965 omnia
1395 934 1512 976 agat.

226 985 319 1022 Non
341 985 416 1021 hoc
437 990 624 1021 contenta
652 981 871 1031 Babylonia
898 988 1029 1019 nostra
1056 981 1176 1019 fldem
1202 993 1362 1030 quoque
1387 981 1489 1019 adeo
1516 994 1576 1019 ex-

171 1037 315 1083 stinxit,
346 1045 387 1075 ut
418 1035 637 1086 impudenti
669 1036 796 1073 fronte
825 1048 912 1073 eam
943 1042 1100 1093 negaret
1130 1033 1388 1073 necessariam
1419 1047 1504 1073 esse
1535 1034 1574 1072 in

170 1098 416 1129 sacramento
442 1090 526 1137 isto,
550 1090 630 1128 imo
654 1088 918 1127 antichristica
944 1087 1145 1138 impietate
1175 1087 1355 1126 definiret
1385 1088 1574 1126 haeresim

169 1158 264 1191 esse,
298 1144 328 1183 si
361 1145 479 1183 fidem
514 1142 773 1182 necessariam
807 1143 893 1192 quis
927 1155 1013 1181 esse
1046 1149 1293 1180 assereret..
1317 1172 1325 1180 .
1348 1141 1576 1181 Obliteratis

168 1199 300 1247 itaque
329 1211 374 1236 ac
405 1199 598 1236 subversis
627 1196 887 1247 promissione
917 1204 954 1234 et
985 1197 1062 1234 fide
1089 1195 1291 1234 videamus
1314 1195 1410 1245 quid
1438 1195 1576 1234 substi-

169 1252 312 1290 tuerint
343 1252 382 1289 in
411 1253 542 1290 10011111
578 1264 722 1290 earum.
782 1252 879 1288 Tres
910 1257 1038 1299 partes
1072 1250 1266 1288 dederunt
1296 1249 1572 1299 poenitentiae,

168 1306 458 1352 contritionem,
477 1304 778 1351 confessionem,
794 1303 1114 1347 satisfactionem,
1134 1304 1204 1342 sed
1224 1303 1280 1341 sic
1309 1311 1350 1341 ut
1379 1302 1418 1341 in
1448 1303 1575 1353 singu-

170 1360 215 1397 lis
246 1359 275 1397 si
311 1359 406 1409 quid
437 1358 531 1397 boni
562 1360 705 1397 inesset
737 1359 926 1405 tollerent,
958 1365 996 1396 et
1026 1359 1065 1395 in
1095 1356 1243 1396 eisdem
1274 1361 1433 1407 q'uoque
1463 1370 1573 1395 suam

169 1413 374 1451 libidinem
397 1420 434 1451 et
456 1412 701 1462 tyrannidem
723 1413 1016 1450 constituerent.

226 1466 433 1516 Principio,
453 1465 726 1504 contritionem
744 1467 798 1503 sic
815 1467 1034 1504 docuerunt
1047 1472 1088 1503 ut
1104 1478 1190 1503 eam
1213 1465 1290 1503 fide
1306 1464 1575 1515 promissionis

170 1522 338 1570 priorem
371 1521 554 1566 facerent,
586 1528 623 1558 et
655 1521 770 1569 longe
801 1520 988 1566 viliorem,
1021 1526 1063 1557 ut
1093 1532 1194 1568 quae
1227 1531 1306 1556 non
1346 1525 1454 1557 esset.
1483 1518 1572 1557 fidei

170 1587 269 1623 opus
309 1574 378 1612 sed
419 1573 623 1620 meritum,
665 1574 743 1611 imo
783 1586 863 1610 non
903 1580 1169 1611 memorantur
1207 1585 1305 1610 eam.
1364 1571 1428 1610 Sic
1466 1571 1572 1610 enim

170 1627 353 1677 operibus
402 1627 653 1665 inhaeserunt
701 1635 738 1665 et
785 1626 972 1676 exemplis
1016 1625 1311 1676 Scripturarum,
1352 1625 1391 1663 in
1431 1625 1574 1675 quibus

171 1683 351 1731 leguntur
383 1680 493 1719 multi
526 1681 679 1719 veniam
714 1680 916 1719 consecuti
948 1688 1106 1730 propter
1134 1679 1262 1718 cordis
1297 1679 1572 1718 contritionem

170 1744 207 1773 et
228 1735 501 1782 humilitatem,
525 1736 593 1773 sed
622 1748 703 1773 non
730 1736 939 1773 advertunt
962 1735 1081 1772 fidem
1110 1747 1211 1783 quae
1231 1732 1507 1772 contritionem
1535 1741 1573 1771 et

171 1790 347 1827 dolorem
378 1789 506 1827 cordis
545 1796 703 1837 operata
732 1796 801 1835 est,
833 1787 932 1826 sicut
973 1789 1023 1826 de
1062 1786 1247 1825 Ninivitis
1283 1788 1406 1826 Ionae
1439 1786 1479 1824 iii
1514 1785 1572 1838 [5]

170 1842 372 1880 scribitur:
418 1844 467 1879 Et
498 1843 748 1880 crediderunt
779 1841 847 1879 viri
882 1840 1081 1879 Ninivitae
1113 1840 1152 1878 in
1183 1839 1370 1887 Domino,
1402 1848 1440 1879 et
1468 1853 1574 1889 prae-

169 1896 397 1934 dicaverunt
426 1895 627 1942 ieiunium,
649 1903 721 1934 etc.
782 1895 856 1932 His
881 1896 1110 1933 audaciores
1138 1901 1175 1932 et
1200 1894 1352 1944 peiores
1379 1895 1573 1932 finxerunt

170 1950 369 1998 quandam
408 1948 658 1995 attritionem,
691 1962 791 1998 quae
828 1948 968 1986 virtute
1007 1948 1174 1986 clavium
1205 1947 1341 1997 (quam
1376 1947 1572 1997 ignorant)

171 2004 278 2042 fieret
299 2001 492 2048 contritio,
515 2015 601 2040 63111
623 2003 772 2040 donant
794 2001 922 2051 impiis
942 2009 980 2040 et
1001 2000 1222 2048 incredulis,
1245 2008 1287 2039 ut
1312 2000 1367 2038 510
1393 2002 1573 2040 universa

169 2055 352 2095 contritio
373 2056 603 2094 aboleretur.
663 2056 698 2094 O
724 2055 819 2093 iram
849 2054 923 2093 Dei
945 2054 1295 2101 insustentabilem,
1317 2053 1505 2092 haeccine
1532 2055 1572 2092 in

169 2109 334 2149 ecclesia
355 2109 499 2148 Christi
521 2108 683 2147 doceri?
738 2108 801 2146 Sic
823 2107 947 2146 securi
967 2116 1004 2146 et
1026 2109 1104 2146 fide
1125 2116 1162 2146 et
1183 2120 1300 2157 opere
1320 2106 1402 2145 eius
1423 2107 1571 2147 abolito

170 2164 208 2202 in
236 2162 423 2202 doctrinis
450 2170 487 2200 et
517 2161 769 2211 opinionibus
797 2161 1001 2199 hominum
1026 2161 1257 2208 incedimus,
1279 2162 1358 2199 imo
1384 2160 1569 2210 perimus.

172 2219 319 2267 Magna
338 2230 397 2255 res
417 2224 475 2254 est
496 2229 563 2253 001
582 2215 805 2262 contritum,
828 2228 901 2253 nec
922 2214 995 2252 nisi
1014 2215 1185 2253 ardentis
1206 2214 1246 2252 in
1269 2214 1570 2264 promissionem

170 2279 207 2310 et
224 2269 573 2309 comminationem
588 2268 760 2307 divinam
776 2268 877 2315 fidei,
897 2282 997 2317 quae
1014 2267 1215 2306 veritatem
1234 2267 1310 2305 Dei
1324 2268 1568 2307 immobilem

169 2324 309 2363 intuita
333 2324 559 2369 tremefacit,
582 2329 756 2368 exterret,
787 2329 823 2360 et
853 2321 908 2359 sic
934 2321 1099 2359 conterit
1124 2320 1416 2368 conscientiam,
1440 2335 1569 2360 rursus

169 2379 311 2417 exaltat
332 2385 369 2416 et
390 2378 535 2416 solatur
555 2383 759 2425 servatque
779 2374 996 2421 contritam,
1021 2382 1061 2412 ut
1085 2374 1224 2412 veritas
1251 2373 1569 2414 comminationis

169 2432 217 2470 sit
238 2445 355 2470 causa
375 2429 630 2476 contritionis,
653 2429 791 2467 veritas
812 2427 1080 2478 promissionis
1101 2427 1149 2466 sit
1169 2427 1306 2474 solatii,
1325 2427 1356 2466 si
1377 2429 1567 2476 credatur,

168 2493 206 2525 et
228 2487 301 2524 hac
323 2485 400 2524 fide
421 2485 543 2524 homo
564 2490 755 2522 mereatur
780 2489 1030 2537 peccatorum
1059 2481 1338 2521 remissionem.
1399 2481 1569 2522 Proinde
