1715 2780
112 110 170 148 66
199 110 318 148 THE
341 110 467 148 NEW
490 110 966 151 ECCLESIASTICAL
989 113 1217 162 SVSTEM‚
1247 128 1400 165 1523—4
1436 131 1502 166 131

111 215 242 260 altare,
265 221 440 264 repertus
457 222 515 253 est
531 222 568 253 et
586 215 740 253 chorus.
794 216 887 254 Non
904 217 1013 266 quod
1027 218 1134 267 apud
1149 219 1281 256 Deum
1296 220 1445 270 aliquid
1460 222 1507 260 sit

114 266 177 306 hie
197 269 257 306 vel
278 267 357 308 illic
378 268 532 308 stetisse
554 300 560 307 .
586 300 593 308 .
619 299 626 307 .
651 270 720 309 sed
748 271 858 320 quod
886 278 1065 321 oporteat
1086 285 1154 310 eos
1175 275 1303 323 palan]
1327 273 1449 313 videri
1471 284 1508 314 et

112 320 222 361 nosci
242 328 322 361 tam
343 323 394 362 ab
414 322 459 361 iis
481 323 547 374 qui
568 325 865 363 communicant
893 337 1013 374 quam
1039 326 1090 365 ab
1118 326 1173 365 eis
1200 329 1268 377 qui
1296 341 1377 367 non
1405 342 1509 368 corn-

113 375 326 425 municant‚
363 390 444 428 quo
477 377 624 417 deinde
658 391 794 416 eorum
828 378 907 417 vita
940 392 1101 430 quoque
1140 381 1279 420 melius
1314 382 1435 422 videri
1471 392 1508 423 et

111 430 268 481 probari
297 439 335 470 et
364 431 479 482 prodi
508 431 643 483 possit.
676 462 682 470 .
714 461 722 471 .
757 463 764 471 .

166 486 230 525 De
267 485 517 525 confessione
555 499 647 525 vero
685 486 834 537 privata
871 495 963 526 ante
1001 489 1325 530 communionem
1366 494 1504 540 sentio,

110 537 211 579 sicut
240 540 430 579 hactenus
460 540 590 588 docui,
623 554 708 580 esse
739 554 826 580 eam
862 541 1010 582 scilicet
1040 556 1114 582 nec
1143 545 1405 585 necessariam
1433 561 1507 587 nec

110 592 355 644 exigendam,
377 594 514 634 utilem
535 602 668 634 tamen
689 602 727 635 et
747 608 828 634 non
849 599 1197 638 contemnendam.
1231 629 1237 636 .
1270 631 1277 638 .
1309 631 1317 639 .

164 647 229 687 Sic
255 649 306 687 de
332 648 629 699 praeparatione
649 651 701 688 ad
722 651 901 690 Coenam
929 652 1032 690 hanc
1059 652 1245 703 sapimus,
1272 662 1314 694 ut
1340 655 1506 696 liberum

110 700 159 740 sit
179 701 327 741 ieiunio
343 710 381 741 et
395 703 639 742 orationibus
656 717 741 742 sese
757 718 1009 754 componere.
1048 707 1209 746 Sobrios
1230 717 1335 748 certe
1352 719 1507 760 oportet

110 756 249 795 adesse
273 763 311 795 et
338 758 498 796 sedulos
529 770 575 796 ac
607 757 826 808 diligentes,
857 767 899 797 ut
930 759 1099 799 maxime
1129 761 1226 800 nihil
1257 762 1407 803 ieiunes
1440 773 1505 803 aut

110 822 247 860 parum
286 824 383 849 ores.
417 841 424 849 .
457 841 464 850 .
497 841 504 850 .
538 813 642 850 Nam
686 812 837 862 optima
879 814 1123 863 praeparatio
1168 823 1226 854 est
1257 847 1263 855 .
1298 846 1305 854 .
1337 849 1343 856 .
1376 820 1508 857 anima

109 865 291 913 peccatis,
342 872 491 912 morte,
528 865 811 905 tentationibus
858 867 1012 916 agitata,
1064 869 1238 908 esuriens
1287 878 1324 909 et
1373 872 1507 911 sitiens

110 918 305 957 medelam
335 927 373 957 et
403 919 530 958 robur.
565 951 571 958 .
604 951 610 958 .
644 950 651 958 .

164 973 213 1011 Id
244 985 350 1011 nunc
385 973 578 1024 reliquum
614 982 683 1021 est,
717 988 766 1013 an
807 983 1013 1026 utramque
1052 976 1237 1028 speciem,
1275 987 1317 1017 ut
1351 990 1505 1028 vocant,

110 1027 258 1076 populo
293 1027 501 1066 ministrari
535 1031 746 1078 oporteat?
804 1029 884 1068 Hic
919 1030 974 1068 sic
1008 1031 1109 1078 dico,
1147 1040 1358 1083 postquam
1395 1049 1507 1073 evan-

108 1079 254 1130 gelium
293 1094 399 1119 nunc
443 1081 604 1121 biennio
644 1090 728 1121 toto
766 1085 872 1133 apud
912 1097 985 1123 nos
1023 1085 1264 1124 inculcatum
1304 1096 1373 1135 est,
1415 1090 1507 1127 satis

110 1133 226 1172 simul
246 1134 443 1174 indultum
468 1166 474 1174 .
497 1166 504 1174 .
529 1167 536 1174 .
559 1144 618 1175 est
645 1136 870 1176 infirmitati.
895 1169 902 1176 .
927 1169 933 1176 .
957 1169 965 1176 .
1000 1140 1133 1187 Quare
1154 1140 1381 1191 simpliciter
1402 1143 1507 1182 iuxta

110 1187 331 1227 institutum
354 1189 501 1229 Christi
521 1198 686 1240 utraque
707 1191 858 1241 species
876 1200 913 1230 et
928 1200 1081 1242 petatur
1102 1201 1140 1232 et
1162 1194 1412 1235 ministretur.
1437 1228 1443 1235 .
1464 1229 1472 1237 .
1498 1229 1503 1236 .

164 1242 330 1282 Cantica
360 1243 477 1283 velim
509 1244 626 1282 etiam
662 1245 777 1283 nobis
812 1259 897 1284 esse
928 1249 1137 1286 vernacula
1172 1261 1291 1298 quarn
1327 1251 1505 1300 plurima,

111 1309 211 1347 quae
231 1298 402 1348 populus
432 1298 506 1337 sub
537 1300 662 1337 Missa
696 1306 882 1347 cantaret,
914 1303 975 1339 vel
1011 1300 1116 1340 iuxta
1151 1302 1387 1352 Gradualm,
1412 1305 1505 1344 item

110 1350 216 1389 iuxta
229 1352 393 1390 Sanctus
413 1359 451 1391 et
466 1354 606 1402 Agnus
619 1354 710 1392 Dei.
761 1354 861 1402 Quis
883 1354 988 1393 enim
1009 1356 1165 1394 dubitat
1185 1370 1251 1395 eas
1272 1358 1366 1396 olim
1388 1360 1507 1399 fuisse

109 1418 226 1444 voces
253 1406 372 1444 totius
400 1406 536 1457 populi
564 1420 665 1457 quae
691 1421 798 1446 nunc
825 1409 931 1446 solus
952 1410 1095 1448 chorus
1116 1419 1248 1450 cantat
1270 1441 1276 1448 .
1302 1443 1310 1450 .
1332 1415 1372 1451 ,Ρ
1428 1416 1507 1453 Sed

110 1466 250 1509 poetae
269 1489 276 1497 .
300 1490 308 1498 .
332 1489 340 1497 .
361 1460 476 1499 nobis
497 1461 651 1508 desunt,
674 1468 742 1500 aut
769 1463 950 1501 nondum
978 1463 1125 1514 cogniti
1155 1473 1247 1504 sunt
1277 1466 1343 1516 qui
1364 1467 1448 1517 pias
1469 1476 1507 1507 et

111 1512 328 1563 spirituales
362 1513 578 1553 cantilenas
609 1546 616 1554 .
651 1546 657 1553 .
690 1546 697 1554 .
730 1516 845 1554 nobis
879 1517 1094 1557 concinant
1124 1532 1226 1569 quae
1256 1520 1399 1571 dignae
1430 1521 1506 1561 sint

111 1565 150 1604 in
174 1567 340 1606 ecclesia
364 1569 613 1618 frequentari.
647 1599 653 1607 .
685 1600 692 1608 .
727 1598 736 1608 .
768 1572 883 1609 Haec
913 1571 1003 1610 dico
1034 1579 1076 1610 ut
1104 1573 1223 1623 siqui
1251 1583 1342 1613 sunt
1366 1584 1507 1625 poetae

112 1621 335 1660 Germanici
356 1622 654 1662 exstimulentur
674 1631 711 1662 et
732 1624 849 1663 nobis
869 1633 1054 1675 poemata
1074 1627 1230 1676 pietatis
1251 1638 1504 1679 componant.

165 1676 280 1714 Haec
318 1677 369 1715 de
409 1676 534 1715 Missa
567 1685 605 1716 et
640 1678 937 1718 Communione
972 1693 1042 1730 pro
1076 1688 1255 1731 tempore
1290 1682 1395 1721 dicta
1430 1683 1506 1721 sint

111 1728 213 1768 satis.
271 1729 414 1770 Cetera
442 1744 536 1770 usus
566 1739 604 1770 et
633 1745 692 1770 res
723 1731 807 1782 ipsa
835 1733 1049 1780 docebunt,
1083 1736 1205 1774 modo
1236 1736 1396 1775 verbum
1431 1738 1506 1776 Dei

111 1789 267 1822 strenue
287 1791 325 1822 et
346 1784 512 1823 fideliter
533 1784 572 1823 in
593 1785 760 1824 ecclesia
779 1787 1054 1826 annuncietur.
1078 1819 1084 1826 .
1109 1819 1116 1827 .
1141 1820 1147 1827 .

165 1838 213 1875 In
233 1837 391 1888 reliquis
412 1838 565 1886 diebus,
583 1853 681 1889 quas
701 1839 815 1878 ferias
831 1853 1029 1889 vocamus,
1049 1841 1145 1881 nihil
1162 1843 1278 1882 video
1296 1846 1404 1895 quod
1426 1859 1506 1884 non

110 1890 197 1929 ferri
216 1891 353 1941 possit,
373 1893 495 1931 modo
518 1893 665 1932 Missae
691 1894 939 1944 abrogentur.
999 1897 1105 1935 Nam
1136 1898 1359 1938 Matutinae
1389 1899 1505 1939 trium

110 1944 324 1984 lectionum
368 1953 406 1985 et
455 1948 602 1995 Horae,
643 1954 726 1985 tum
762 1949 961 1998 Vesperae
1005 1958 1042 1988 et
1091 1950 1407 2002 Completorium
1456 1956 1506 1993 de

111 2004 286 2048 ternpore
308 1999 490 2050 (exclusis
521 2002 753 2040 Sanctorum
783 2002 906 2052 feriis)
936 2003 1033 2041 nihil
1059 2012 1149 2043 sunt
1179 2005 1253 2044 nisi
1285 2007 1506 2058 Scripturae

110 2050 265 2091 divinae
288 2053 416 2092 verba.
478 2056 528 2093 Et
557 2056 777 2104 pulchrum,
800 2055 881 2094 imo
905 2058 1182 2107 necessarium,
1205 2067 1263 2098 est
1284 2074 1426 2110 pueros
1450 2074 1506 2100 as-

111 2117 287 2145 suescere
307 2107 484 2157 legendis
504 2115 542 2147 et
562 2108 770 2148 audiendis
791 2110 951 2160 psalmis
972 2119 1010 2149 et
1032 2112 1269 2152 lectionibus
1294 2115 1506 2165 Scriptura<

111 2171 194 2197 rum
212 2167 445 2200 sanctarum.
485 2163 634 2200 Verum
651 2163 682 2201 si
696 2163 915 2214 quidquam
932 2164 996 2203 hic
1010 2166 1143 2204 novari
1160 2167 1290 2215 debet,
1307 2169 1506 2218 prolixitas

113 2213 251 2251 mutari
279 2222 409 2263 potest
437 2215 596 2255 arbitrio
621 2216 808 2267 episcopi,
835 2226 878 2257 ut
906 2226 981 2257 tres
1010 2220 1150 2269 psalmi
1180 2234 1250 2271 pro
1282 2223 1502 2270 Matutinis,

111 2272 185 2304 tres
211 2279 281 2317 pro
301 2269 485 2319 Vesperis
506 2283 597 2308 curn
624 2284 705 2310 uno
721 2273 782 2309 vel
808 2273 966 2311 duobus
995 2274 1271 2324 Responsoriis
1297 2276 1504 2315 absolvan-

111 2325 181 2357 tur.
201 2350 208 2358 .
228 2350 236 2358 .
256 2352 263 2360 .
289 2323 362 2360 Per
382 2331 509 2372 partes
530 2323 783 2363 distributum
798 2332 925 2364 totum
940 2328 1171 2366 Psalterium
1189 2328 1228 2366 in
1245 2342 1317 2368 usu
1335 2338 1502 2376 maneat,

111 2379 147 2410 et
176 2373 353 2413 universa
379 2376 575 2427 Scriptura
604 2377 643 2416 in
671 2378 859 2418 lectiones
886 2380 1026 2430 partita
1045 2390 1265 2432 perseveret
1286 2383 1325 2420 in
1345 2383 1504 2421 auribus

111 2427 307 2467 ecclesiae.
331 2460 338 2467 .
362 2459 370 2468 .
394 2460 400 2468 .
463 2431 735 2471 Instituendae
759 2441 850 2472 sunt
874 2434 1063 2474 lectiones
1088 2436 1353 2486 quotidianae,
1383 2438 1504 2474 altera

111 2491 225 2519 mane
253 2481 293 2519 in
322 2495 427 2522 novo
454 2486 513 2522 vel
541 2485 658 2523 veteri
687 2488 957 2534 Testamento‚
980 2490 1100 2527 altera
1131 2489 1279 2538 vesperi
1310 2489 1348 2526 in
1379 2491 1501 2528 altero

766 2550 790 2576 1<
824 2554 841 2576 2
