1715 2780
367 134 488 172 THE
519 132 774 173 COUNCIL
806 133 876 170 OF
906 133 1111 179 TRENT,
1152 135 1329 181 154563
1471 146 1543 184 355

153 239 267 273 What
294 239 354 273 the
381 239 565 282 Emperor
592 248 664 272 was
690 244 725 271 to
753 237 799 271 do
827 236 862 270 in
890 237 951 270 the
980 237 1065 270 field
1091 237 1143 270 for
1170 238 1232 271 the
1260 237 1497 281 suppression
1518 239 1559 271 of

156 287 297 330 heresy‚
314 286 395 320 that
422 285 512 319 Paul
540 285 594 318 III
626 284 825 319 instructed
848 284 910 318 the
936 285 1093 327 Legates
1116 291 1153 318 to
1181 283 1408 327 accomplish
1435 284 1471 318 in
1490 285 1554 320 the

156 332 322 375 Council‚
351 333 597 367 ‘damnantes
622 343 696 366 non
724 342 902 377 personas
929 332 993 366 sed
1021 331 1240 374 doctrinam,
1269 337 1304 365 et
1332 342 1406 365 non
1433 333 1553 366 solum

153 380 343 425 generales
369 379 639 424 propositiones
667 380 731 414 sed
766 385 802 413 et
828 378 1079 423 particulares,
1106 390 1202 423 quae
1229 389 1328 413 nunc
1364 378 1487 423 vigent
1517 386 1552 414 et

154 427 362 462 haeresium
381 433 467 462 sunt
483 427 740 462 fundamenta.
794 427 851 460 De
876 426 1148 468 reformatione,
1167 437 1236 460 nec
1263 433 1348 462 ante
1376 426 1554 471 dogmata

153 486 223 509 nec
249 474 357 509 simul
384 485 468 508 cum
492 473 561 509 illis
585 474 738 508 omnino
756 480 895 518 agetur,
914 485 996 508 cum
1016 474 1108 508 haec
1127 472 1347 508 secundaria
1371 480 1406 508 et
1433 474 1555 508 minor

154 533 266 557 causa
285 521 534 566 congregandi
554 521 698 555 concilii
722 521 857 562 fuerit,
886 521 951 555 sed
976 520 1038 554 tali
1065 520 1394 566 circumspectione
1422 520 1456 555 in
1483 522 1553 556 hac

154 581 192 604 re
212 575 360 604 utantur
384 575 422 603 ut
447 568 593 603 occasio
619 568 701 602 aliis
724 580 797 602 non
818 568 864 602 sit
883 567 1055 602 credendi
1076 579 1157 602 eam
1178 579 1244 602 nos
1264 568 1320 602 vel
1340 568 1477 603 evitare
1496 569 1554 603 vel

154 616 201 651 ad
221 617 331 650 finem
350 615 494 650 concilii
513 615 656 650 differre
675 615 789 649 velle'
810 616 878 659 (Le
901 616 991 658 Plat,
1011 616 1273 658 flfflzmmene‘a,
1294 614 1340 651 iii.
1361 614 1456 661 295).
1511 617 1553 650 In

155 663 202 699 its
234 664 356 698 fourth
388 663 542 706 session‚
573 663 765 705 therefore,
798 663 860 697 the
890 663 1044 696 Council
1075 663 1283 707 proceeded
1314 669 1351 696 to
1382 663 1459 697 rule
1491 670 1553 698 out

157 709 437 746 Protestantism
457 711 504 754 by
523 709 660 754 setting
679 722 726 754 up
748 722 790 744 as
814 710 876 744 the
904 710 1083 744 standard
1101 710 1142 744 of
1162 710 1328 744 doctrine
1347 717 1410 745 not
1430 711 1554 755 Scrip—

155 766 235 793 ture
252 759 348 802 only,
368 758 434 792 but
455 757 642 802 Scripture
667 758 741 791 and
762 757 955 791 Tradition
975 768 1015 791 as
1034 757 1073 791 of
1097 757 1206 802 equal
1224 757 1421 802 authority.
1473 759 1555 793 The

156 805 384 850 importance
408 804 448 838 of
471 805 600 848 taking
618 804 690 839 this
710 810 790 848 step
812 816 884 838 was
903 805 980 838 first
999 804 1153 849 pointed
1171 810 1234 838 out
1260 804 1296 838 in
1322 816 1344 838 a
1363 803 1451 848 [No.
1472 804 1552 850 145]

156 853 313 897 Speech
338 852 384 886 of
405 852 600 887 Cardinal
627 852 724 886 Pole
749 858 786 885 at
814 864 835 886 a
862 852 996 885 debate
1015 852 1056 885 of
1077 852 1121 886 26
1142 852 1230 886 Feb.
1254 851 1343 896 1546
1364 852 1554 896 (Theiner,

154 901 254 935 Acta
276 900 448 945 genuina
478 899 638 934 Consilii
672 899 896 941 Tridentini,
926 898 947 933 i.
976 898 1050 942 60).
1103 900 1135 933 It
1164 910 1237 932 was
1272 899 1384 934 taken
1414 900 1463 944 by
1493 901 1555 934 the

157 947 246 992 [No.
287 946 365 991 146]
393 947 609 982 Decretum
639 939 688 981 de
717 947 931 981 canonicis
958 946 1185 990 Scripturis
1214 945 1255 980 of
1276 946 1296 980 8
1323 946 1427 991 April
1466 947 1556 992 1546

154 994 338 1039 (Canones
370 998 406 1028 et
438 995 594 1028 Decreta
627 994 734 1029 Conc.
761 995 866 1028 Trid.
900 992 967 1037 15).
1034 995 1066 1029 It
1097 993 1302 1028 controlled
1330 994 1391 1028 the
1419 1001 1493 1028 rest
1519 995 1561 1028 of

155 1042 217 1077 the
246 1041 429 1076 Council's
455 1041 642 1085 dogmatic
669 1040 877 1084 decisions;
905 1041 979 1075 and
1006 1040 1052 1075 its
1079 1041 1209 1075 results
1230 1052 1323 1075 were
1350 1041 1556 1086 ultimately

155 1100 254 1132 seen,
277 1089 317 1123 18
337 1089 432 1123 Nov.
456 1089 556 1132 1564,
576 1089 612 1122 111
632 1088 694 1122 the
715 1088 804 1133 [No.
828 1087 909 1133 147]
927 1088 1137 1123 Professio
1164 1088 1257 1122 fidei
1285 1087 1556 1124 Tridentinae

157 1136 259 1179 (ibid.
279 1135 362 1179 226)
382 1147 423 1170 or
450 1135 575 1170 Creed
594 1135 639 1169 of
652 1136 761 1180 Pope
787 1136 884 1171 Pius
901 1135 970 1177 IV,
992 1135 1110 1169 which
1130 1134 1305 1180 requires,
1325 1135 1360 1169 in
1387 1136 1555 1170 addition

155 1189 193 1218 to
219 1183 282 1218 the
303 1182 445 1217 Nicene
466 1183 596 1225 Creed,
615 1194 636 1216 a
660 1182 867 1227 profession
888 1183 928 1216 of
941 1182 1002 1217 the
1022 1189 1144 1216 tenets
1162 1183 1201 1216 of
1223 1183 1314 1216 later
1330 1183 1418 1225 and,
1438 1182 1473 1216 in
1493 1184 1555 1218 the

156 1230 270 1273 main,
291 1229 398 1264 Latin
417 1230 602 1274 theology.
664 1231 737 1264 For
753 1230 816 1263 the
836 1230 977 1273 history
996 1230 1036 1263 of
1059 1230 1121 1264 the
1145 1228 1299 1264 Council
1321 1241 1381 1264 see
1410 1231 1554 1272 Ranke,

154 1279 282 1322 Pofies,
312 1278 360 1319 II,
388 1288 417 1311 6.
447 1285 489 1321 5;
521 1278 592 1318 ΙΙΙ,
618 1288 646 1310 6.
677 1285 720 1319 7;
750 1278 824 1311 and
855 1276 1082 1321 l'hilippson‚
1110 1277 1167 1310 La
1189 1276 1555 1311 contre-7257mussan

154 1325 359 1370 religieuse,
381 1324 487 1358 Livre
508 1325 520 1357 Ι
530 1325 541 1357 I
552 1326 577 1357 Ι.

155 1434 243 1478 No.
266 1446 357 1489 145.
420 1437 465 1478 A
488 1435 677 1489 speech
700 1435 758 1478 of
781 1434 1021 1479 Cardinal
1043 1436 1177 1487 Pole,
1201 1437 1261 1477 26
1286 1435 1402 1478 Feb.
1428 1437 1553 1489 1546.

209 1529 325 1566 Tune
354 1529 458 1567 card.
490 1529 622 1575 Polus,
654 1529 791 1566 0611105
823 1529 1010 1566 adversus
1047 1528 1311 1567 Fesulanum¹
1341 1535 1378 1566 et
1408 1528 1557 1566 Asturi-

156 1593 314 1620 censem
331 1581 344 1602 ²
364 1581 591 1629 coniiciens,
614 1582 763 1632 inquit:
796 1583 894 1620 Sunt
915 1582 1035 1632 aliqui
1057 1584 1124 1632 qui
1146 1595 1219 1620 nos
1248 1591 1289 1620 ut
1316 1583 1420 1620 leves
1443 1589 1479 1619 et
1502 1582 1555 1619 in-

156 1636 409 1682 constantes,¹
443 1636 507 1674 alii
540 1650 632 1675 vero
667 1643 709 1674 ut
740 1637 871 1674 tardos
907 1644 944 1675 et
974 1638 1014 1674 in
1046 1636 1218 1674 minimis
1254 1635 1400 1675 diutius
1435 1648 1553 1685 quam

156 1697 353 1739 oporteret
374 1689 628 1729 immorantes
649 1703 694 1728 ac
711 1690 934 1728 laborantes
948 1690 959 1708 '³
976 1698 1175 1728 accusent.
1235 1690 1356 1738 Quod
1378 1690 1555 1739 profecto

156 1756 237 1781 non
270 1743 346 1781 alia
384 1743 534 1782 ratione
572 1744 645 1782 illis
680 1745 835 1782 evenire
870 1752 977 1794 puto,
1015 1743 1087 1781 nisi
1123 1745 1231 1793 quod
1266 1744 1338 1793 ipsi
1374 1756 1420 1781 ea
1453 1756 1555 1792 quae

157 1804 370 1835 tractantur
418 1811 498 1835 non
540 1797 632 1836 satis
672 1798 834 1847 quidem
879 1797 1112 1847 intelligunt.
1186 1799 1289 1835 Nam
1330 1796 1360 1834 si
1400 1796 1425 1834 ii
1464 1810 1555 1835 con-

157 1850 370 1890 siderarent
386 1852 591 1900 quomodo
611 1852 774 1890 Satanas
796 1853 872 1889 1106
892 1859 1069 1901 tempore
1091 1864 1162 1889 nos
1183 1851 1351 1889 cribrare
1367 1851 1552 1900 coeperit,

157 1906 373 1954 quomodo,
402 1906 574 1955 inquam,
602 1904 731 1943 omnis
758 1913 891 1943 nostra
917 1904 1051 1954 religio
1077 1905 1127 1943 ab
1154 1904 1384 1944 adversariis
1412 1905 1553 1943 nostris

157 1957 196 1996 in
217 1957 382 1996 dubium
410 1966 623 2006 revocetur,
646 1960 823 2009 profecto
850 1972 931 1997 non
956 1972 1092 2009 parum
1115 1967 1181 1997 aut
1202 1958 1298 1996 nihil
1319 1972 1391 1997 nos
1415 1958 1553 1997 fecisse

157 2019 337 2061 putarent
382 2012 421 2050 in
467 2012 691 2063 receptione
732 2026 930 2051 sacrorum
975 2013 1163 2051 librorum
1205 2021 1243 2051 et
1282 2012 1550 2051 traditionum.

159 2066 272 2113 Quae
306 2067 468 2116 quidem
503 2080 562 2105 res
593 2066 690 2105 tanti
725 2074 814 2104 sunt
847 2067 1038 2105 momenti
1073 2066 1251 2116 tantique
1285 2066 1471 2117 ponderis
1511 2075 1552 2104 ut

158 2119 253 2156 nihil
290 2119 443 2169 gravius
481 2128 548 2159 aut
587 2122 712 2159 maius
747 2134 768 2158 a
803 2120 917 2159 nobis
957 2120 1039 2159 fieri
1077 2120 1280 2170 potuisset.
1341 2122 1411 2158 Est
1446 2121 1551 2158 enim

158 2173 322 2211 ecclesia
341 2173 424 2224 ipsa
443 2182 632 2224 tanquam
657 2183 871 2213 castrorum
896 2176 999 2213 acies
1023 2174 1213 2221 ordinata,
1237 2186 1338 2224 quae
1359 2187 1439 2212 non
1461 2182 1552 2212 ante

158 2227 208 2264 ad
240 2226 385 2265 bellum
415 2235 481 2266 aut
510 2230 561 2267 ad
591 2236 791 2267 certamen
829 2228 1011 2278 progredi
1042 2236 1110 2267 aut
1139 2229 1382 2267 descendere
1421 2236 1552 2277 potest

159 2278 232 2318 nisi
263 2282 367 2330 prius
402 2281 626 2320 ordinetur:
665 2282 729 2320 hic
763 2295 907 2332 nempe
941 2284 1039 2320 ordo
1069 2290 1139 2330 est,
1170 2290 1212 2320 ut
1242 2281 1346 2331 prius
1376 2294 1448 2318 nos
1479 2281 1552 2330 ipsi

160 2335 380 2372 muniamur
409 2335 535 2383 armis,
568 2335 755 2385 deinceps
785 2343 827 2374 ut
856 2337 1103 2375 decertemus
1132 2349 1179 2374 ac
1208 2348 1428 2385 pugnemus
1461 2347 1551 2372 cum

159 2387 409 2436 adversariis3
452 2389 518 2438 qui
550 2389 711 2439 quidem
746 2391 844 2429 ordo
879 2403 969 2428 mox
1004 2390 1189 2428 omnibus
1221 2396 1354 2438 aperte
1388 2387 1551 2437 patebit,

291 2467 303 2487 ¹
328 2468 463 2500 Braccio
480 2469 638 2508 Martelli,
658 2469 782 2511 Bishop
799 2470 837 2501 of
849 2470 988 2508 Fiesole‚
1010 2478 1168 2510 1530-51.

290 2512 302 2529 ²
326 2512 472 2543 Didaeus
489 2512 529 2543 de
546 2513 655 2544 Alaba
673 2524 691 2553 y
709 2513 871 2554 Esquivil‚
888 2513 1012 2554 Bishop
1029 2514 1066 2543 of
1080 2514 1233 2552 Astorga,
1257 2512 1394 2551 1543-8.

795 2569 903 2594 Aa2
