1715 2780
104 79 182 127 196
265 77 385 116 THE
416 74 834 115 DISPUTATIONS
865 75 938 111 AT
969 64 1200 118 Z'URICH‚
1237 83 1336 121 1523
1425 86 1501 120 429

104 184 197 222 than
217 188 258 220 to
279 193 400 232 peace
419 181 499 219 and
519 178 640 230 quiet.
698 179 926 218 Wherefore
947 191 1002 216 we
1023 177 1098 215 will
1120 183 1189 215 not
1211 178 1308 215 send
1329 189 1405 226 any
1426 189 1502 216 one

102 245 143 276 to
164 236 256 283 him,
275 249 348 274 nor
367 242 408 273 to
429 236 495 273 the
516 234 613 273 likes
634 234 678 272 of
693 233 788 271 him.
838 234 915 271 For
932 244 987 270 we
1003 233 1057 271 do
1073 239 1143 270 not
1164 231 1315 269 believe
1336 231 1375 268 in
1395 230 1477 268 him
1495 247 1501 269 :

102 292 192 337 and,
216 288 276 344 [in
296 286 430 342 proof]
450 290 534 328 that
555 288 631 327 this
652 288 684 326 is
705 301 763 336 so,
783 300 855 326 our
875 286 986 325 mind
1011 285 1042 324 is
1069 287 1153 324 that
1174 285 1206 323 if
1221 297 1277 324 we
1304 286 1383 323 had
1407 286 1502 324 hold

101 346 147 384 of
170 344 252 383 him
281 345 361 383 and
381 344 502 382 could
530 343 705 382 contrive
734 350 776 380 to
806 342 921 380 make
944 354 1015 379 our
1044 353 1132 379 own
1166 338 1382 389 reckoning
1410 339 1502 377 with

102 400 195 446 him,
222 411 279 438 we
308 399 453 437 should
483 410 527 436 so
556 398 703 436 reward
732 396 814 434 him
845 397 929 434 that
958 396 1008 434 he
1038 395 1168 433 would
1197 407 1316 433 never
1345 395 1398 432 do
1427 407 1503 443 any

101 467 221 493 more.
281 454 346 492 No
367 465 487 500 more,
510 465 600 490 save
620 459 661 490 to
682 451 896 490 commend
917 463 994 500 you
1015 456 1056 488 to
1077 450 1182 488 God.

226 557 316 601 No.
349 567 445 611 197.
497 557 652 599 From
683 556 771 598 the
803 555 1002 600 Second
1033 553 1378 608 Disputation‚

590 615 710 656 26-ss
744 614 854 658 Oct.
885 624 1007 666 1523.

155 707 200 759 (i)
236 708 297 747 On
315 707 477 756 Images,
504 708 551 744 26
575 705 664 745 Oct.

155 763 404 801 Sebastianus
422 760 688 810 Hoffinamzus
709 756 920 812 [Praeses].
981 757 1182 807 Quoniam
1206 759 1289 796 Leo
1309 758 1504 795 confrater

102 829 212 856 meus
241 815 408 855 dilectus
440 814 712 865 planissimum
745 813 966 864 Scripturae
1005 812 1161 850 locuml
1192 811 1387 862 produxit,
1422 824 1503 861 quo

100 873 188 909 luce
209 869 348 909 clarius
369 871 548 917 docetur,
569 868 721 907 etiamsi
746 869 874 906 nullos
898 867 996 906 alios
1023 874 1175 917 praeter
1203 867 1310 904 hunc
1340 865 1502 903 unicum

101 925 349 970 haberemus,
370 923 560 974 imagines
586 922 626 961 in
648 923 874 962 Christiano
894 923 1055 972 populo,
1079 920 1119 958 in
1143 919 1300 970 templis
1322 919 1500 966 maxime,

101 992 353 1030 nequaquam
374 978 555 1017 ferendas
574 976 711 1027 (domi,
730 976 761 1014 si
778 976 864 1026 quis
881 978 996 1024 volet,
1015 976 1076 1014 vel
1094 976 1265 1025 plaustra
1287 974 1503 1012 simulacris

101 1041 243 1072 onusta
264 1033 408 1071 habeat
425 1034 447 1084 l)
468 1045 542 1070 nec
563 1032 684 1070 modo
705 1044 787 1069 non
807 1031 1029 1069 adorandas
1057 1042 1141 1068 esse
1169 1030 1239 1067 sed
1266 1041 1340 1067 nec
1368 1028 1503 1066 haberi

100 1101 175 1127 nec
194 1087 302 1138 pingi
322 1093 390 1125 aut
409 1085 502 1136 fingi
523 1086 668 1124 debere
686 1101 692 1124 :
723 1098 884 1123 necesse
905 1084 986 1132 erit,
1010 1092 1052 1122 ut
1078 1083 1145 1134 qui
1173 1082 1381 1121 simulacra
1405 1082 1504 1121 tueri

101 1150 277 1189 conetur,
299 1140 457 1180 divinae
487 1140 709 1190 Scripturae
739 1138 975 1178 testimoniis
1006 1138 1070 1176 illa
1099 1138 1239 1176 servari
1261 1144 1327 1175 aut
1348 1136 1504 1175 retineri

101 1209 218 1247 posse
238 1196 389 1246 probet,
413 1208 495 1233 non
516 1194 575 1233 sui
600 1193 745 1244 ingenii
767 1193 984 1231 rationibus
1005 1192 1161 1230 nitatur.
1221 1191 1343 1240 Quod
1365 1192 1395 1229 si
1417 1190 1504 1240 quis

101 1264 193 1301 ergo
209 1250 269 1289 his
290 1248 644 1289 contradicendum
666 1261 752 1286 esse
772 1247 926 1298 putarit,
950 1248 1168 1297 Scripturas
1192 1246 1361 1296 proferat
1383 1252 1420 1284 et
1446 1244 1504 1283 sui

102 1304 248 1355 ingenii
269 1310 496 1343 commenta
515 1302 590 1341 sibi
610 1309 779 1341 reservet
797 1305 802 1339 ἱ

156 1361 289 1406 Porro,
310 1371 362 1397 ne
390 1357 478 1408 quis
509 1357 716 1396 simulacra
746 1357 847 1394 clam
878 1368 1029 1394 servare
1059 1354 1210 1392 licitum
1231 1366 1317 1392 esse
1337 1360 1502 1403 putaret,

101 1412 263 1464 quidam
293 1411 523 1463 respondit:
560 1412 653 1450 Non
684 1424 730 1449 ea
763 1411 886 1449 modo
918 1422 1020 1459 quae
1051 1408 1091 1447 in
1124 1407 1281 1458 templis
1313 1414 1502 1458 prostant,

101 1468 171 1506 sed
206 1474 244 1506 et
282 1480 327 1505 ea
359 1479 461 1517 quae
500 1467 601 1504 clam
633 1472 890 1512 asservantur,
926 1464 1134 1502 simulacra
1168 1461 1367 1513 prohibita
1401 1469 1502 1499 sunt.

100 1523 285 1560 Testatur
305 1522 382 1559 hoc
402 1519 557 1559 disertis
578 1519 706 1558 verbis
728 1521 874 1565 Moses
896 1520 1012 1557 Deut.
1029 1517 1141 1556 xxvii.
1162 1528 1220 1566 15.
1237 1546 1245 1555 .
1262 1547 1268 1554 .
1286 1547 1293 1555 .
1316 1516 1504 1554 Addebat

101 1574 161 1614 his
182 1576 391 1615 Conradus
409 1574 617 1613 Grebelius
630 1575 661 1611 2;
687 1572 893 1623 Siquidem
914 1572 1013 1610 inter
1029 1570 1276 1611 Christianos
1298 1570 1505 1608 simulacra

101 1642 187 1669 esse
225 1642 306 1668 non
345 1629 508 1676 debent,
539 1627 676 1678 utique
714 1640 788 1665 nec
822 1626 862 1665 in
895 1625 1133 1665 abscondito
1162 1625 1303 1663 servari
1343 1623 1503 1662 debent.

103 1685 218 1722 Haec
247 1683 353 1722 enim
383 1682 505 1721 divini
535 1681 643 1720 verbi
673 1689 774 1720 esset
804 1681 1060 1730 dispensatio.
1121 1678 1198 1717 His
1232 1677 1347 1717 dictis
1381 1679 1503 1715 altum

102 1738 300 1777 silentium
332 1736 400 1776 diu
435 1748 573 1774 omnes
608 1736 745 1782 tenuit,
779 1734 832 1773 ita
865 1742 908 1772 ut
936 1735 987 1772 ad
1017 1733 1233 1772 dicendum
1264 1731 1504 1782 provocandi

102 1799 243 1831 essent.
301 1791 485 1829 Tandem
526 1790 725 1828 Henricus
757 1790 907 1836 Lutius,
938 1787 1209 1826 Vitoduranus
1244 1785 1503 1831 ecclesiastes,

102 1844 331 1884 huiusmodi
354 1857 576 1884 sermonem
598 1843 749 1882 habuit.

155 1902 212 1938 Η
235 1901 390 1938 Latius.
442 1900 577 1936 Plures
598 1898 783 1948 equidem
801 1909 886 1936 esse
903 1895 1169 1941 credidissem,
1190 1896 1232 1932 P.
1250 1895 1294 1933 C.
1314 1900 1351 1932 et
1372 1894 1506 1932 fratres

104 1955 143 1992 in
175 1953 334 1994 Christo
366 1952 535 1999 colendi,
559 1951 626 2002 qui
661 1965 731 1990 sua
762 1958 904 2001 sponte
933 1952 1031 1989 duas
1063 1949 1146 1988 illas
1179 1948 1424 1988 Christianas
1455 1948 1505 1986 de

103 2008 218 2046 idolis
252 2015 291 2046 et
326 2007 451 2045 Missa
485 2005 773 2057 propositiones
813 2006 1037 2044 subvertere
1076 2010 1341 2047 conarentur3
1380 2015 1504 2051 quum

102 2061 196 2101 alibi
216 2061 378 2112 quidem
399 2061 440 2099 in
460 2059 629 2111 publicis
650 2058 910 2098 concionibus
932 2071 1071 2098 omnes
1092 2071 1159 2097 eos
1180 2057 1437 2107 proscindant
1468 2064 1504 2093 ct

104 2115 274 2166 indignis
312 2114 519 2154 calumniis
550 2120 845 2165 persequantur,
880 2113 947 2163 qui
987 2118 1277 2151 sacrosanctam
1313 2109 1504 2159 evangelii

103 2169 307 2208 veritatem
323 2182 370 2208 ex
386 2168 533 2211 Christi
549 2168 745 2207 sententia
761 2181 880 2218 quarn
897 2166 1187 2218 simplicissime
1208 2167 1248 2203 in
1269 2166 1398 2203 lucem
1420 2176 1504 2212 pro-

104 2225 248 2263 ducere
268 2225 438 2263 student.
499 2222 702 2272 Quoniam
723 2235 814 2261 vero
845 2223 1000 2272 saepius
1025 2221 1102 2260 iarn
1130 2219 1331 2271 provocati
1360 2224 1501 2263 tacent,

149 2326 156 2342 ¹
182 2327 237 2358 He
253 2326 401 2359 adduced
425 2336 437 2357 1
459 2326 538 2358 Cor.
555 2337 584 2357 v.
605 2335 661 2366 11;
691 2337 721 2357 x.
741 2333 770 2367 7,
788 2327 826 2364 8;
851 2325 926 2357 Gal.
948 2336 978 2357 v.
998 2334 1057 2363 20;
1083 2325 1165 2356 Acts
1182 2334 1231 2354 xv.
1253 2331 1314 2361 20;
1340 2329 1354 2351 1
1376 2322 1443 2352 Pet.
1462 2320 1504 2352 iv.

107 2380 124 2410 3
145 2371 209 2401 and
229 2378 241 2400 1
262 2370 349 2411 John
364 2381 395 2402 v.
414 2379 463 2401 21.

152 2412 166 2431 ²
189 2413 255 2445 Son
284 2414 319 2444 of
342 2424 362 2444 a
389 2418 519 2445 senator
543 2417 576 2444 at
606 2413 746 2453 Ziirieh3
772 2413 848 2453 and,
874 2413 952 2444 with
979 2411 1072 2442 Felix
1098 2411 1206 2442 Manz.
1231 2419 1250 2440 a
1267 2409 1376 2440 lcader
1392 2407 1429 2439 of
1449 2407 1505 2439 the

109 2457 325 2498 Anabaptists
339 2457 446 2489 there:
475 2457 593 2496 †1526.
