1715 2780
100 155 182 194 305
539 145 598 182 IN
629 144 871 190 GENEVA,
909 153 1059 192 1541—2
1419 146 1496 191 619

101 251 139 289 in
160 249 346 289 omnibus
366 250 468 288 vitae
489 256 643 288 nostrae
666 247 889 287 actionibus
910 247 1124 286 retinentes
1151 260 1222 298 pro
1252 247 1496 297 benignitate

101 313 167 344 tua
190 306 282 353 alas,
308 317 355 343 ac
385 304 500 343 nobis
531 316 795 354 quaecunque
821 303 872 341 ad
897 302 1140 341 vescendum
1171 301 1304 351 quiete
1333 310 1370 340 et
1398 310 1497 340 tran—

101 359 221 410 quille
255 372 358 409 pane
393 365 528 397 nostro
559 357 781 396 necessaria
819 364 910 395 sunt
950 355 1142 394 sufficias:
1182 369 1263 406 quo
1302 364 1339 394 te
1374 356 1496 394 nostri

100 426 233 452 curam
272 426 405 463 gerere
436 412 615 451 videntes
647 411 787 450 melius
820 413 977 449 Patrem
1017 418 1194 448 nostrum
1233 423 1496 459 agnoscamus

101 463 315 517 omniaque
337 468 442 505 bona
463 480 483 504 e
506 480 625 504 manu
647 472 714 504 tua
735 472 1019 515 exspectemus,
1043 464 1140 502 nihil
1164 464 1333 513 amplius
1354 464 1438 514 spei
1458 472 1497 502 et

101 521 270 560 fiduciae
290 520 329 558 in
351 522 430 559 ulla
450 528 636 567 creatura,
660 520 731 558 sed
752 527 874 557 totam
898 518 936 556 in
957 526 1024 556 tua
1045 518 1222 557 bonitate
1242 519 1495 556 collocantes.

102 577 188 614 Iam
209 588 302 614 vero
322 575 512 625 quoniam
534 574 573 612 in
594 575 668 612 hac
690 573 843 612 mortali
860 572 938 611 vita
959 572 1090 610 miseri
1107 580 1334 623 peccatores
1348 586 1495 617 sumus,

102 637 211 668 tanta
231 629 501 668 imbecillitate
522 628 748 667 laborantes
773 635 815 666 ut
841 627 999 666 assidue
1024 627 1249 665 diffluamus
1278 634 1316 664 et
1341 640 1363 664 a
1393 634 1498 665 recta

101 683 163 723 via
201 683 460 730 declinemus,
502 690 665 732 peccata
704 689 838 720 nostra
879 681 994 719 nobis
1034 682 1262 719 condonare
1310 681 1494 731 digneris,

101 750 271 788 quorum
292 737 345 776 rei
365 738 473 787 apud
493 744 605 775 tuum
627 736 815 775 iudicium
838 749 974 774 sumus
990 750 999 783 3
1028 743 1066 774 et
1087 748 1156 785 per
1175 736 1278 773 hanc
1299 736 1499 773 condona-

101 792 250 831 tionem
281 805 383 831 nexu
414 791 549 830 mortis
579 798 774 837 aeternae,
806 803 966 839 quoque
994 788 1171 828 obstricti
1193 803 1340 836 sumus,
1364 789 1499 828 libere-

102 860 199 885 mur.
258 847 322 885 Ne
356 845 471 896 igitur
501 858 588 884 eam
627 858 705 894 qua
744 843 910 894 praediti
950 857 1085 881 sumus
1126 843 1340 892 nequitiam
1382 843 1498 881 nobis

103 901 273 950 imputes
290 914 301 948 5
343 900 683 950 quemadmodum
725 898 808 948 ipsi,
851 898 1039 936 mandato
1088 905 1157 936 tuo
1201 905 1393 947 parentes,
1443 897 1498 935 in-

103 954 286 993 iuriarum
307 967 408 1004 quae
429 953 545 992 nobis
576 953 794 991 inferuntur
824 951 1102 998 obliviscimur,
1125 964 1170 989 ac
1201 958 1354 990 tantum
1384 951 1498 990 abest

103 1016 145 1047 ut
165 1009 216 1047 de
236 1007 473 1047 ulciscendis
494 1007 675 1046 hostibus
692 1007 922 1057 cogitemus,
942 1014 983 1044 ut
1000 1006 1117 1044 etiam
1135 1006 1349 1044 commoda
1362 1019 1498 1044 eorum

102 1075 370 1113 procuremus.
430 1063 478 1101 In
508 1068 709 1112 posterum
741 1060 915 1110 denique
947 1073 1020 1098 nos
1051 1067 1117 1098 tua
1151 1060 1331 1109 potentia
1362 1060 1498 1098 fulcire

102 1116 285 1167 digneris,
320 1130 369 1155 ne
400 1115 521 1168 (quae
556 1123 615 1155 est
649 1115 776 1153 carnis
811 1122 968 1153 nostrae
1002 1113 1225 1164 infirmitas)
1257 1114 1496 1152 excidamus.

103 1173 174 1216 Ac,
188 1184 311 1221 quum
334 1179 413 1209 tam
437 1170 513 1209 sint
530 1169 753 1208 imbecillae
766 1169 865 1207 vires
883 1175 1040 1206 nostrae
1056 1176 1098 1206 ut
1114 1181 1164 1206 ne
1181 1169 1231 1207 ad
1249 1176 1498 1206 momentum

103 1225 266 1275 quidem
297 1224 485 1275 temporis
515 1223 730 1263 consistere
760 1223 969 1274 possimus,
996 1229 1197 1272 praeterea
1227 1222 1344 1261 etiam
1376 1236 1498 1272 quum

102 1279 260 1318 assidue
291 1286 349 1318 tot
381 1280 515 1317 hostes
548 1291 620 1316 nos
655 1278 902 1316 circumdent
934 1284 971 1315 et
1003 1276 1241 1322 adoriantur,
1276 1290 1399 1326 quum
1421 1276 1500 1315 dia-

104 1333 230 1380 bolus,
254 1334 439 1380 mundus,
462 1339 682 1382 peccatum,
706 1344 796 1370 caro
825 1338 971 1377 nostra,
994 1331 1147 1381 nullum
1173 1330 1318 1369 faciant
1340 1343 1411 1369 nos
1434 1344 1499 1380 op-

104 1387 307 1437 pugnandi
342 1388 473 1434 finem,
511 1394 648 1425 sancto
680 1394 749 1424 tuo
781 1385 925 1435 Spiritu
966 1397 1038 1423 nos
1077 1385 1289 1422 corrobora
1328 1392 1499 1434 tuaeque

102 1441 247 1492 gratiae
261 1440 377 1480 donis
393 1454 512 1489 arma,
523 1448 564 1479 ut
578 1447 805 1479 constanter
819 1440 1005 1477 omnibus
1022 1438 1306 1477 tentationibus
1321 1438 1500 1477 resistere

105 1503 142 1534 et
173 1496 251 1534 hoc
282 1495 482 1546 spirituale
514 1494 704 1545 praelium
741 1493 932 1532 sustinere
964 1492 1172 1543 possimus,
1214 1493 1344 1531 donec
1383 1494 1500 1542 plena

105 1549 265 1588 victoria
285 1549 399 1600 potiti
419 1550 581 1588 tandem
602 1548 819 1598 aliquando
841 1549 881 1585 in
908 1554 977 1586 tuo
998 1560 1119 1597 regno
1141 1560 1232 1585 cum
1255 1548 1501 1597 Imperatore

105 1611 143 1642 et
175 1605 402 1643 Protectore
435 1611 570 1642 nostro
603 1604 695 1641 Iesu
721 1602 894 1650 Christo,
917 1601 1094 1640 Domino
1119 1608 1266 1648 nostro,
1289 1601 1502 1651 triumphe-

106 1671 204 1696 mus.
264 1659 405 1696 Amen.

331 1735 429 1771 Post
446 1734 536 1771 llaec
553 1734 741 1770 recitatur
758 1733 1029 1781 Apostolorum
1053 1732 1283 1780 Symbolmn.

125 1799 210 1849 Quo
229 1803 355 1837 autem
375 1800 435 1837 die
453 1799 663 1836 celebratur
687 1798 823 1845 Coeno,
847 1798 936 1834 llaec
947 1797 1259 1846 praecedentibus
1277 1797 1488 1835 adduntur.

161 1872 220 1908 Ac
256 1870 597 1920 quemadmodum
633 1867 831 1907 Dominus
864 1875 997 1906 noster
1031 1868 1154 1914 Iesus,
1183 1880 1262 1906 non
1289 1875 1501 1906 contentus

107 1924 179 1963 tibi
203 1925 327 1963 semel
355 1936 497 1973 corpus
524 1936 639 1962 suum
667 1930 705 1960 ct
733 1921 963 1971 sanguinem
996 1921 1034 1959 in
1065 1935 1180 1959 cruce
1215 1921 1406 1960 obtulisse
1431 1936 1501 1972 pro

107 1978 337 2017 remissione
358 1985 611 2028 peccatorum
633 1984 866 2022 nostrorum,
890 1975 1005 2013 nobis
1027 1988 1188 2025 quoque
1209 1975 1247 2013 in
1269 1975 1501 2014 alimentum

108 2032 210 2070 vitae
239 2040 421 2071 aeternae
451 2031 686 2070 destinavit:
718 2030 770 2068 ita
799 2031 874 2068 hoc
905 2029 1020 2068 nobis
1051 2042 1121 2079 pro
1151 2037 1218 2067 tua
1239 2030 1503 2068 beneficentia

108 2085 255 2137 largire,
278 2093 321 2125 ut
350 2099 440 2124 vera
469 2086 599 2124 cordis
629 2084 851 2123 sinceritate
882 2092 919 2122 et
949 2083 1101 2122 ardenti
1131 2084 1329 2122 desiderio
1349 2092 1502 2122 tantum

111 2140 349 2179 beneficium
370 2140 421 2178 ab
442 2153 489 2178 eo
510 2139 778 2188 accipiamus3
808 2137 992 2176 nimirum
1024 2145 1066 2176 ut
1095 2145 1200 2176 certa
1227 2138 1303 2175 fide
1334 2138 1500 2187 praediti

110 2207 271 2244 corpore
303 2194 445 2244 pariter
479 2201 517 2232 et
548 2192 738 2243 sanguine
773 2192 856 2230 eius
886 2193 945 2230 vel
971 2192 1101 2241 potius
1131 2205 1180 2229 eo
1204 2199 1288 2229 toto
1319 2193 1502 2239 fruamur,

110 2248 210 2287 sicut
230 2247 324 2298 ipse,
343 2261 465 2298 quum
487 2261 600 2285 verus
617 2247 663 2285 sit
682 2247 803 2284 homo
824 2253 862 2284 et
884 2247 1005 2294 Deus,
1023 2258 1112 2283 vere
1134 2253 1191 2283 cst
1212 2252 1370 2283 sanctus
1392 2247 1504 2295 panis

111 2301 290 2341 caelestis
310 2303 362 2340 ad
382 2315 455 2340 nos
476 2301 758 2347 vivificandos3
788 2308 830 2338 ut
857 2313 938 2338 non
962 2299 1131 2349 amplius
1153 2299 1191 2336 in
1212 2298 1328 2337 nobis
1350 2298 1443 2348 ipsis
1464 2308 1502 2338 et

111 2357 162 2395 ad
184 2363 361 2394 nostrum
384 2355 596 2406 ingenium,
620 2356 729 2404 quod
751 2354 915 2392 omnino
936 2354 1192 2403 depravatum
1221 2361 1294 2399 est,
1314 2353 1500 2401 vivamus,

113 2411 184 2448 sed
216 2409 299 2460 ipse
334 2409 373 2447 in
404 2410 518 2448 nobis
548 2409 661 2455 vivat,
691 2416 734 2446 ut
763 2409 814 2446 ad
844 2415 1021 2445 sanctam
1052 2407 1182 2454 vitam,
1209 2407 1365 2445 beatam
1396 2415 1434 2445 et
1466 2407 1504 2445 in

112 2471 315 2502 aeternum
338 2470 648 2513 permanentem,
672 2476 744 2500 nos
765 2463 948 2507 deducat,
971 2468 1089 2510 atque
1112 2460 1163 2498 ita
1184 2460 1275 2499 novi
1297 2468 1335 2499 et
1356 2463 1504 2500 aeterni

113 2517 360 2557 Testamenti
391 2531 479 2555 vere
509 2516 716 2567 participes
748 2517 899 2563 fiamus,
930 2515 1113 2552 nimirum
1145 2514 1314 2553 foederis
1344 2515 1501 2565 gratiae,
