1715 2780
183 93 260 126 440
345 80 466 118 THE
498 80 917 120 DISPUTATIONS
949 82 1021 119 AT
1053 70 1283 129 Z'URICH,
1318 92 1418 132 1523
1491 92 1577 120 200

182 191 270 235 No.
297 203 405 235 200.
447 192 601 235 From
634 192 893 245 Zwingli’s
915 192 1212 237 ‘Pastorum
1242 194 1293 236 in
1320 195 1572 248 evangeli-

332 262 446 294 cam
478 251 765 294 doctrinam
799 249 1059 305 Isagoge’‚
1091 263 1121 306 9
1147 252 1273 296 Nov.
1305 263 1427 306 1523.

231 344 295 380 De
323 344 436 381 idolis
463 345 526 382 vel
549 343 791 392 imaginibus.
815 373 822 380 .
847 373 855 381 .
878 373 884 380 .
909 343 1094 382 Ceterum
1124 345 1212 383 luce
1235 343 1375 383 clarius
1405 345 1574 384 cernitur

177 409 316 435 omnes
341 410 417 445 eas,
441 410 538 447 quas
567 410 640 435 nos
665 395 822 447 templis
843 396 986 435 nostris
1006 396 1221 446 intulimus,
1243 397 1433 449 imagines
1452 399 1574 438 idolo-

176 450 310 489 latriae
339 458 378 489 et
407 452 526 489 falsae
555 450 752 500 religionis
779 450 1030 490 occasionem
1060 451 1296 502 praebuisse.
1354 454 1573 493 Tollendae

176 518 268 555 ergo
307 512 398 543 sunt
436 504 477 542 in
515 504 743 543 universum
782 504 1011 555 ubicunque
1045 507 1221 545 locorum
1256 506 1410 555 fuerint,
1442 510 1502 547 vel
1531 508 1571 547 in

175 558 333 609 templis
354 560 414 597 vel
445 558 485 596 in
514 558 617 605 foris,
640 560 701 597 vel
731 558 771 596 in
791 558 861 597 viis
891 559 1073 609 publicis,
1098 562 1160 599 vel
1181 561 1299 599 etiam
1328 561 1438 600 domi
1467 569 1570 610 tuae,

175 612 207 651 si
237 626 355 663 quem
386 613 536 651 cultum
565 612 639 651 illis
669 612 787 652 tribui
807 613 1022 652 videamus.
1084 615 1132 652 In
1161 614 1295 664 primis
1314 628 1406 654 vero
1436 629 1457 654 e
1477 623 1573 656 tem-

175 666 249 717 plis
270 666 357 706 eiici
379 674 417 706 et
437 667 521 706 tolli
543 667 701 714 debent,
725 680 847 717 quum
869 667 1003 706 omnia
1026 682 1072 707 ea
1098 681 1200 719 quae
1223 669 1264 707 in
1290 668 1350 708 his
1377 670 1573 709 habentur

175 721 291 760 nobis
330 721 524 760 sanctiora
563 735 648 760 esse
678 723 839 760 soleant.
900 721 1064 761 Interim
1094 736 1186 762 vero
1216 723 1364 762 nemini
1393 731 1571 764 vetamus

174 788 254 826 quo
293 775 422 814 minus
470 775 719 814 historiarum
767 783 875 826 gesta
922 776 1031 815 domi
1070 790 1165 817 suae
1206 777 1471 818 exornationis
1509 781 1571 818 vel

174 829 458 876 delectationis,
500 843 580 869 non
628 837 761 869 autem
809 832 936 868 cultus
978 830 1100 881 gratia
1137 831 1297 883 depingi
1318 840 1436 872 curet.
1514 835 1571 873 Ut

173 883 344 934 primum
364 897 456 923 vero
485 884 625 934 aliquis
656 886 782 923 honor
811 884 928 923 etiam
958 884 1032 924 illis
1061 885 1179 924 tribui
1208 886 1392 937 coeperit,
1424 886 1502 926 iam
1531 895 1570 927 et

173 939 237 976 illa
276 939 360 977 tolli
399 938 595 977 convenit.
669 939 773 977 Nam
812 940 989 989 profecto
1027 939 1160 990 negari
1198 940 1335 991 nequit
1372 940 1569 980 idolorum

172 1005 288 1030 usum
327 992 493 1043 primam
533 1005 619 1032 esse
657 994 708 1031 ad
746 994 884 1031 falsam
923 993 1151 1044 religionem
1186 1002 1224 1033 et
1261 995 1453 1045 peregrini
1492 996 1569 1035 Dei

171 1047 321 1084 cultum
360 1046 610 1085 occasionem
628 1061 637 1095 3
679 1046 759 1085 imo
794 1047 878 1098 ipsa
911 1054 1002 1086 sunt
1035 1061 1058 1086 a
1093 1050 1182 1087 Deo
1216 1062 1372 1088 summo
1407 1051 1567 1089 coelesti

173 1102 288 1139 Patre
308 1102 516 1150 apostasia.
553 1125 559 1126 ff

225 1156 290 1192 De
318 1156 458 1194 Missa.
489 1186 496 1193 .
531 1186 537 1193 .
570 1184 578 1191 .
611 1156 743 1194 Iustus
773 1167 864 1205 ergo
903 1163 940 1194 et
972 1155 1168 1205 legitimus
1204 1157 1365 1196 Coenae
1403 1157 1567 1197 admini-

172 1210 354 1248 strandae
384 1208 478 1247 ritus
504 1209 567 1247 hic
589 1217 669 1247 est:
712 1209 886 1247 Primum
908 1210 1133 1260 passionem
1154 1218 1192 1249 et
1214 1219 1381 1250 mortem
1405 1212 1568 1251 Domini

171 1264 486 1313 quotiescunque
516 1263 704 1302 ecclesiae
733 1263 859 1302 visum
890 1264 1004 1302 fuerit
1033 1264 1248 1314 praedicari
1278 1265 1473 1314 convenit,
1496 1267 1564 1306 ubi

170 1318 376 1356 docendus
394 1325 450 1356 est
464 1319 633 1368 populus
647 1325 839 1367 quantum
856 1318 951 1356 boni
966 1326 1003 1356 et
1020 1326 1167 1368 quanta
1181 1320 1314 1367 salutis
1336 1320 1480 1359 fiducia
1495 1334 1564 1371 per

170 1384 256 1409 eam
274 1370 389 1409 nobis
406 1379 515 1421 parta
531 1371 589 1409 sit.
651 1370 808 1410 Deinde
822 1385 902 1421 quo
922 1371 1069 1410 firmior
1089 1372 1137 1411 sit
1158 1372 1366 1411 hominum
1383 1373 1422 1411 in
1438 1383 1563 1414 morte

170 1424 335 1463 Domini
356 1425 511 1472 fiducia,
528 1424 689 1475 singulis
710 1425 776 1474 qui
800 1426 920 1463 modo
942 1434 1143 1476 expetunt,
1161 1426 1463 1466 celeberrimum
1485 1429 1562 1467 hoc

169 1480 341 1528 corporis
363 1486 401 1517 et
422 1479 621 1529 sanguinis
653 1480 743 1517 Iesu
774 1479 919 1519 Christi
949 1488 1237 1519 sacramentum
1259 1480 1561 1521 ministrandum

168 1532 251 1572 erit.
311 1534 433 1583 Atqui
463 1534 561 1571 haec
591 1545 750 1583 quoque
782 1541 840 1572 est
874 1533 994 1583 ipsius
1029 1534 1175 1573 Christi
1210 1535 1405 1574 sententia
1442 1549 1561 1586 quam

167 1586 455 1637 simplicissime
485 1587 670 1637 exposita.
731 1588 981 1638 Quapropter
1011 1601 1133 1638 quum
1162 1588 1365 1627 videamus
1397 1589 1561 1629 Missam

167 1654 363 1691 nusquam
393 1654 416 1679 a
445 1641 604 1681 Christo
634 1641 819 1691 peculiari
853 1643 1024 1691 quadam
1060 1642 1309 1682 solemnitate
1342 1643 1561 1683 institutam

167 1708 266 1743 esse,
305 1696 375 1734 sed
413 1709 459 1734 ex
498 1695 705 1733 hominum
745 1695 982 1734 commentis
1021 1696 1199 1735 sacrificii
1238 1696 1351 1736 titulo
1389 1699 1559 1737 fucatam

166 1748 359 1799 prodiisse
388 1750 693 1799 (sacramentum
724 1749 829 1788 enim
860 1751 936 1788 hoc
967 1750 1063 1788 nihil
1089 1750 1196 1789 aliud
1217 1759 1274 1789 est
1294 1751 1368 1789 nisi
1387 1752 1561 1802 corporis

165 1811 203 1841 et
233 1803 433 1853 sanguinis
464 1803 608 1843 Christi
638 1803 868 1855 perceptio),
891 1817 1029 1843 omnes
1057 1805 1134 1843 huc
1153 1804 1383 1844 incumbere
1412 1807 1560 1845 debent

165 1864 208 1895 ut
246 1857 389 1907 impius
429 1856 493 1895 ille
532 1865 571 1896 et
610 1859 795 1907 profanus
830 1857 883 1896 rei
915 1866 994 1896 tam
1028 1871 1159 1897 sacrae
1190 1859 1336 1898 abusus
1371 1872 1392 1898 e
1425 1861 1559 1899 medio

164 1911 331 1958 tollatur,
356 1924 406 1949 ne
434 1911 582 1950 scilicet
612 1924 682 1961 pro
711 1911 795 1949 aliis
824 1911 1029 1951 immolare
1058 1913 1239 1951 dicantur
1267 1912 1442 1952 sacrifici.
1502 1915 1560 1953 Ea

163 1972 296 2002 autem
327 1965 521 2003 modestia
551 1972 589 2003 et
609 1965 816 2014 prudentia
836 1966 912 2004 hoc
934 1966 1015 2004 fieri
1035 1968 1227 2014 volumus,
1251 1980 1301 2005 ne
1321 1980 1399 2017 qua
1419 1970 1560 2006 tumul-

164 2018 301 2056 tuandi
332 2026 369 2056 et
400 2018 639 2056 seditionum
669 2019 826 2057 occasio
856 2020 980 2057 detur.
1039 2021 1132 2058 Non
1161 2021 1304 2058 desunt
1328 2021 1432 2059 enim
1455 2035 1560 2060 corn-

164 2073 307 2110 modae
336 2073 387 2110 ad
417 2085 503 2110 eam
533 2085 614 2110 rem
645 2072 814 2110 rationes
844 2073 988 2122 quibus
1018 2086 1136 2112 omne
1166 2075 1242 2112 hoc
1275 2074 1466 2125 quicquid
1500 2085 1558 2115 est

163 2126 275 2164 facile
305 2125 462 2176 transigi
493 2127 644 2176 poterit.
705 2125 1042 2165 Concionatorum
1079 2127 1210 2178 itaque
1249 2129 1319 2167 erit
1356 2129 1556 2179 publicam

164 2177 264 2218 hanc
304 2188 342 2219 et
381 2193 634 2219 communem
666 2180 972 2218 sacrificulorum
1004 2181 1159 2220 turbam
1189 2183 1268 2220 suis
1297 2182 1556 2222 concionibus

163 2247 296 2273 coram
326 2235 475 2284 populo
505 2246 700 2273 excusare.
758 2235 843 2272 Nec
873 2234 977 2272 enim
1009 2247 1078 2284 par
1106 2242 1174 2282 est,
1199 2243 1241 2274 ut
1261 2237 1311 2275 de
1331 2236 1406 2275 illis
1426 2250 1555 2287 poena

162 2296 337 2327 sumatur
367 2288 433 2338 qui
465 2301 545 2327 non
574 2288 687 2339 primi
717 2287 854 2326 erroris
884 2288 999 2327 huius
1028 2296 1207 2328 auctores
1237 2297 1337 2328 sunt.
1398 2290 1555 2330 Deinde

162 2342 335 2393 singulos
366 2350 553 2381 moneant
584 2350 621 2380 et
652 2343 855 2380 hortentur
884 2349 926 2380 ut
956 2355 1023 2381 eos
1053 2342 1092 2380 in
1122 2357 1218 2393 pace
1248 2344 1409 2394 defungi
1433 2351 1471 2383 et
1491 2346 1555 2384 de-

162 2398 300 2434 cedere
330 2396 538 2446 patiantur.
599 2395 796 2434 Maximus
826 2395 930 2434 enim
962 2396 1116 2435 illorum
1147 2410 1332 2436 numerus
1350 2410 1398 2436 eo
1417 2399 1553 2437 aetatis

160 2452 346 2500 pervenit,
378 2459 419 2488 ut
450 2450 564 2488 nullis
595 2449 793 2488 laboribus
832 2451 996 2500 posthac
1036 2451 1201 2490 exerceri
1245 2451 1406 2503 possint.
1466 2454 1552 2491 Nec
