1715 2780
154 75 226 112 108
355 72 651 113 CATHOLIC
682 74 802 111 AND
834 73 1220 119 PROTESTANT,
1258 83 1358 121 1529
1483 82 1557 118 247

155 177 241 216 tatis
264 179 463 227 Nepotem
487 178 641 215 Ducem
674 178 833 214 Pennae
863 182 900 213 et
932 176 1129 214 Illustrem
1158 176 1208 212 D.
1233 174 1487 224 Margaritam
1509 176 1559 213 de

154 231 310 270 Austria
340 231 461 281 ipsius
491 230 671 271 Caesaris
702 229 821 268 filiam
856 230 1087 276 naturalem,
1115 229 1281 279 aliisque
1311 228 1421 266 iustis
1452 236 1560 267 mota

154 285 407 336 respectibus,
443 284 591 324 dictam
631 298 741 323 suam
780 283 981 330 familiam,
1018 291 1220 321 annuente
1260 282 1477 329 Altissimo,
1520 284 1558 320 in

154 339 317 390 patriam
348 347 386 378 et
416 339 625 390 pristinum
652 346 797 377 statum
825 337 1053 376 restituere:
1085 336 1177 375 ideo
1206 344 1340 375 actum
1369 336 1494 375 extitit
1521 344 1559 375 et

153 401 392 433 conventum
410 395 519 444 quod
531 400 598 431 aut
614 392 735 442 ipsius
752 392 969 432 Caesareae
985 390 1204 430 Maiestatis
1221 390 1346 441 copiis
1362 398 1400 430 et
1413 390 1561 429 viribus

153 457 219 487 aut
240 462 287 486 eo
307 447 459 486 meliori
482 448 603 486 modo
624 460 704 497 quo
735 446 774 484 id
805 446 886 484 fieri
916 445 1059 496 poterit
1089 459 1180 483 cum
1202 445 1371 495 primum
1395 445 1435 484 id
1456 458 1561 484 com-

155 503 273 541 mode
294 501 434 552 exequi
456 509 493 540 et
513 502 564 540 ad
590 502 773 540 effectum
805 499 950 538 deduci
981 507 1110 550 queat,
1134 499 1230 538 dicti
1260 530 1268 538 .
1302 530 1309 538 .
1341 530 1349 537 .
1383 501 1561 549 Nepotes

237 587 243 594 .
275 557 513 594 reducantur
529 555 567 593 in
589 554 751 606 patriam
775 568 820 593 ac
842 554 1039 592 civitatem
1064 553 1316 601 Florentiam,
1332 553 1561 603 integreque

154 610 405 649 restituantur
434 623 516 648 non
547 611 674 648 solum
704 610 755 647 ad
783 609 890 647 bona
914 615 1107 658 occupata
1135 609 1206 647 sed
1236 608 1277 646 in
1304 609 1562 646 eundemmet

154 671 299 703 statum
331 695 337 701 .
371 695 377 702 .
412 695 419 702 .
451 671 489 702 et
523 664 573 703 ad
605 662 839 713 gubernium
874 694 880 700 .
914 693 921 700 .
954 694 960 700 .
995 662 1173 700 eiusdem
1203 661 1370 700 civitatis
1402 693 1408 701 .
1441 693 1448 700 .
1484 693 1490 699 .
1523 661 1562 700 in

155 718 298 769 quibus
320 726 429 757 erant
450 726 663 768 antequam
686 717 862 767 proxime
883 717 1128 755 eiicerentur.
1161 747 1167 753 .
1202 747 1208 754 .

210 770 246 826 [ξ
268 772 331 825 11]
366 774 478 820 Item,
502 786 625 822 quum
648 775 703 810 50.
723 774 790 809 D0.
816 773 884 809 ΝΟ.
909 785 1001 809 cura
1022 770 1139 809 etiam
1162 770 1286 809 maior
1307 784 1435 808 rerum
1458 770 1564 821 spiri-

156 827 319 866 tualium
352 834 389 865 et
422 826 626 877 pastoralis
659 825 776 864 officii
809 839 927 875 quam
961 824 1240 875 temporalium
1280 838 1365 863 esse
1405 825 1560 871 debeat,

156 881 469 932 dignitatemque
504 880 616 919 Sedis
651 880 919 930 Apostolicae,
950 880 1070 918 fidem
1106 886 1144 917 et
1184 878 1414 929 religionem
1450 879 1562 918 Chri-

155 935 320 974 stianam
347 949 462 985 super
492 936 626 973 omnia
656 934 753 972 tueri
785 941 988 981 teneatur3
1020 935 1133 971 multi
1162 941 1296 972 autem
1324 934 1445 972 exorti
1474 941 1565 971 sunt

155 989 223 1040 qui
262 998 298 1028 et
338 990 388 1028 de
424 989 522 1028 Fide
554 989 763 1028 Catholica
803 990 904 1026 male
940 987 1111 1026 sentiant
1142 995 1180 1026 et
1214 1001 1237 1026 a
1270 987 1458 1038 religione
1498 989 1564 1026 do-

155 1044 358 1094 ctrinaque
384 1043 608 1083 Christiana
637 1042 803 1081 omnino
832 1041 1084 1089 deviaverint,
1114 1041 1292 1092 aliosque
1320 1041 1360 1079 in
1391 1042 1562 1080 eundem

156 1112 325 1136 errorem
357 1099 554 1136 deducere
589 1105 783 1136 conentur
801 1112 810 1145 3
847 1110 921 1134 nec
952 1096 1082 1134 minus
1114 1097 1332 1135 Caesareae
1364 1096 1562 1134 Maiestati

157 1152 266 1191 cordi
297 1153 344 1190 sit
375 1159 416 1190 ut
447 1151 538 1190 huic
570 1151 754 1201 pestifero
782 1151 922 1189 morbo
950 1163 1168 1200 congruum
1199 1149 1423 1189 antidotum
1459 1163 1565 1200 prae-

157 1206 281 1257 parari
312 1205 445 1256 possit.
507 1207 607 1244 Ideo
637 1213 768 1243 actum
800 1204 925 1243 extitit
955 1212 993 1242 et
1015 1211 1256 1242 conventum
1288 1205 1398 1254 quod
1420 1205 1566 1243 Caesar

115 1270 118 1273 ’
157 1275 202 1299 ac
223 1260 503 1299 Serenissimus
530 1261 759 1310 Hungariae
782 1261 878 1305 Rex,
903 1260 985 1297 eius
1013 1260 1157 1305 Frater,
1181 1258 1240 1296 his
1269 1258 1498 1297 melioribus
1519 1272 1565 1296 ac

158 1314 526 1365 congruentioribus
557 1313 686 1352 modis
714 1321 752 1352 et
779 1313 913 1352 formis
939 1312 1084 1362 quibus
1112 1312 1194 1351 fieri
1221 1312 1375 1362 poterit,
1400 1326 1446 1351 ac
1473 1326 1564 1350 cum

159 1383 205 1407 ea
238 1383 316 1419 qua
343 1371 459 1407 decet
486 1368 717 1407 dexteritate
749 1375 786 1406 et
814 1366 1017 1413 industria,
1052 1380 1213 1405 omnem
1249 1380 1410 1416 operam
1446 1366 1566 1417 possi—

158 1423 276 1461 bilem
306 1422 557 1462 adhibebunt
587 1422 626 1460 in
653 1421 881 1460 huiusmodi
913 1421 1119 1468 erroribus,
1152 1421 1182 1459 si
1209 1422 1266 1459 fas
1288 1420 1350 1468 sit,
1379 1420 1566 1459 sedandis

160 1477 451 1527 errantiumque
480 1476 622 1515 animis
651 1475 871 1515 alliciendis
902 1483 944 1514 ut
973 1477 1023 1514 ad
1055 1482 1182 1514 rectos
1204 1474 1454 1515 Christianae
1485 1474 1567 1513 reli-

159 1532 285 1581 gionis
320 1531 493 1570 tramites
518 1532 693 1578 redeant,
730 1531 938 1580 ipsamque
977 1529 1206 1579 religionem
1237 1537 1276 1568 et
1310 1530 1430 1567 fidem
1463 1531 1568 1579 Apo-

160 1585 419 1636 stolicamque
441 1586 585 1625 Sedem
608 1585 728 1624 verbo
750 1592 817 1623 aut
844 1586 948 1623 facto
970 1585 1125 1622 laedere
1146 1597 1215 1622 seu
1236 1584 1464 1634 perturbare
1486 1597 1567 1621 non

160 1650 421 1690 praesumant.
484 1641 530 1677 In
561 1653 640 1689 qua
674 1653 713 1678 re
741 1639 824 1688 ipse
853 1638 972 1677 etiam
1007 1639 1042 1677 S.
1077 1640 1126 1676 D.
1158 1639 1207 1676 N.
1240 1637 1463 1676 salubribus
1494 1637 1568 1674 illis

161 1693 425 1743 spiritualibus
454 1693 644 1732 antidotis
683 1693 898 1731 commisso
936 1691 1040 1742 gregi
1080 1691 1302 1741 ovibusque
1334 1691 1566 1737 errantibus,

161 1756 348 1798 tanquam
379 1747 603 1786 communis
635 1749 750 1786 Pater
777 1755 815 1786 et
847 1749 984 1785 Pastor
1010 1747 1233 1792 consulens,
1257 1759 1418 1784 omnem
1449 1745 1569 1795 possi-

161 1801 280 1840 bilem
304 1803 499 1841 medelam
528 1802 670 1852 pariter
698 1802 887 1840 adhibere
917 1799 1139 1839 conabitur.
1200 1801 1322 1848 Quod
1350 1799 1380 1838 si
1403 1799 1569 1850 pastoris

161 1869 297 1894 vocem
330 1870 410 1894 non
439 1856 661 1895 audiverint
686 1855 944 1905 Caesarisque
975 1855 1161 1893 mandata
1190 1854 1432 1904 neglexerint
1461 1861 1500 1892 et
1530 1853 1569 1891 in

163 1911 269 1949 hisce
291 1911 485 1949 erroribus
507 1909 694 1949 obstinati
715 1918 753 1948 et
774 1909 994 1959 pertinaces
1011 1908 1308 1959 permanserint,
1329 1916 1407 1946 tam
1424 1909 1571 1947 Caesar

164 1978 281 2014 quam
317 1965 598 2003 Serenissimus
630 1963 860 2014 Hungariae
895 1971 933 2001 et
970 1962 1157 2001 Boemiae
1192 1964 1279 2001 Rex
1314 1970 1451 2001 contra
1483 1962 1569 2000 illos

164 2032 298 2056 eorum
330 2019 533 2068 potestatis
563 2018 641 2056 vim
671 2018 916 2067 distringerit,
945 2017 1174 2066 illatamque
1202 2016 1361 2056 Christo
1389 2016 1568 2054 iniuriam

167 2085 236 2121 pro
265 2072 410 2111 viribus
446 2073 707 2111 ulciscentur:
748 2072 982 2121 curabitque
1017 2085 1087 2109 sua
1127 2071 1322 2109 Sanctitas
1354 2078 1396 2108 ut
1427 2070 1567 2108 caeteri

166 2126 376 2165 Christiani
398 2127 607 2177 principes,
629 2135 667 2165 et
694 2126 899 2177 potissime
929 2125 995 2175 qui
1024 2126 1064 2164 id
1090 2126 1230 2164 foedus
1252 2124 1400 2175 ingredi
1424 2126 1567 2170 volent,

166 2186 243 2217 tam
265 2188 401 2219 sancto
422 2181 529 2232 operi
552 2181 669 2220 etiam
692 2195 762 2231 pro
783 2180 930 2218 viribus
951 2179 1146 2217 assistant.

182 2301 270 2344 No.
303 2313 404 2354 109.
465 2302 666 2344 Relatio
698 2301 956 2354 Rodolphi
989 2300 1169 2343 Collini
1201 2301 1262 2342 de
1295 2298 1557 2351 Colloquio

680 2358 1052 2410 Marburgensi.

222 2443 330 2496 [Kal.
362 2444 472 2498 Oct]
505 2447 711 2492 Lutherus,
744 2445 972 2495 priusquam
1004 2444 1208 2482 inchoaret
1245 2441 1502 2491 colloquium,
1534 2441 1574 2478 in

170 2511 304 2536 mensa
321 2513 390 2537 sua
406 2501 622 2549 scripserat,
639 2499 908 2549 disputaturus
922 2505 1059 2537 contra
1077 2495 1298 2547 Zuinglium
1314 2503 1351 2534 et
1365 2497 1572 2535 Oecolam—
