1715 2780
164 80 236 127 158
418 79 538 117 THE
571 80 922 120 BEGINNINGS
953 82 1024 120 OF
1055 81 1292 120 REFORM
1505 90 1554 129 75

158 181 312 232 regibus
332 182 515 233 frequens
536 190 627 221 erat.
677 184 734 221 Ex
755 182 925 222 historiis
946 190 984 221 et
1004 182 1180 221 conciliis
1200 182 1387 233 probatur
1403 185 1551 235 Papam

159 237 386 275 Romanum
408 236 592 275 habuisse
612 250 835 287 supremam
857 236 896 274 in
917 236 1082 275 ecclesia
1109 244 1355 286 potestatem,
1378 251 1550 289 eumque

157 303 241 328 esse
280 289 496 340 principem
536 292 725 330 ecclesiae
762 291 813 329 ab
851 290 1036 329 omnibus
1076 291 1257 330 fidelibus
1295 292 1549 341 declaratum,

157 344 277 394 idque
314 346 516 383 voluntate
552 346 838 395 Imperatorum
873 351 911 383 et
946 346 1113 395 Regum,
1147 353 1239 384 ante
1272 358 1398 385 annos
1437 360 1548 394 1200,

155 411 178 435 a
198 405 375 449 tempore
399 401 527 448 Papae
548 399 730 449 Sylvestri
752 398 870 438 fuisse
888 399 1161 449 approbatum.
1185 430 1193 438 .
1215 429 1222 437 .

210 453 395 502 Exceptzo
419 454 479 490 ΑΙ
508 454 609 491 Οίαί.
634 483 670 490 ..
694 483 700 491 .
736 453 867 492 Verba
897 452 1042 493 Christi
1074 455 1168 491 Luc.
1200 452 1276 492 xxii
1309 453 1551 504 explicantur

156 505 209 544 ita
237 508 351 544 Matt.
373 521 419 544 xx
446 504 587 560 [25-8]
619 514 660 545 ut
689 520 850 546 omnem
880 508 995 567 plane
1020 506 1333 547 dominationem
1362 507 1550 558 apostolis

155 558 342 606 adimant,
374 568 687 611 perpetuumque
718 560 974 599 ministerium
1005 561 1193 600 ecclesiae
1228 561 1302 600 illis
1331 560 1547 622 imponant,

156 616 336 664 exemplo
369 614 513 653 Christi
546 614 611 664 qui
646 616 751 654 venit
786 616 826 653 in
860 615 1055 654 mundum
1090 623 1132 653 ut
1166 615 1250 654 aliis
1280 615 1438 654 serviret
1467 629 1547 655 non

156 667 485 706 dominaretur..
527 699 534 707 .
572 697 578 704 .
620 668 857 707 Dominatus
889 671 1019 719 Papae
1050 669 1222 708 Romani
1261 677 1319 708 est
1357 669 1550 708 recentior

156 728 331 771 tempore
371 723 407 760 S.
451 722 653 772 Gregorii3
696 722 760 762 hic
799 723 904 761 enim
944 722 1139 762 eiusmodi
1177 723 1397 762 dominatui
1436 725 1550 762 vehe-

156 784 306 814 menter
325 776 476 815 restitit.
535 778 693 815 Falsum
715 776 830 827 igitur
849 784 907 816 est
928 778 1033 815 hunc
1054 777 1301 816 dominatum
1323 779 1547 827 praesulum

156 831 428 869 Romanorum
450 830 617 881 viguisse
637 844 762 869 annos
789 845 899 869 1200.
925 860 933 869 .
955 860 962 868 .

210 884 433 934 Propositio
463 886 534 922 VI.
590 887 655 923 An
682 887 787 923 solus
814 885 862 923 sit
882 898 994 923 verus
1021 884 1097 923 Dei
1122 886 1250 923 cultus
1271 898 1421 924 servare
1442 898 1548 924 man-

155 939 245 976 data
268 938 355 985 Dei,
378 946 444 977 aut
465 937 580 976 simul
602 952 753 978 servare
775 941 961 978 mandata
980 938 1221 978 hominum?

207 994 320 1041 Resp.
338 994 395 1031 D.
417 994 540 1031 Galle.
593 994 757 1031 Summa
777 994 1053 1031 mandatorum
1076 992 1152 1031 Dei
1168 992 1392 1031 continetur
1407 994 1546 1032 decem

154 1046 383 1096 praeceptis.
417 1075 423 1082 .
465 1076 472 1083 .
514 1076 520 1083 .
552 1046 685 1085 Primo
724 1054 934 1097 praecepto
979 1046 1230 1085 continentur
1277 1059 1379 1097 quae
1426 1047 1546 1085 fidem

155 1100 419 1138 Christianam
454 1108 698 1139 concernunt
732 1109 770 1140 et
804 1100 1056 1140 dilectionem
1094 1100 1168 1139 Dei
1298 1108 1544 1151 promovent.

154 1155 293 1192 Cultus
327 1162 457 1192 autem
492 1154 569 1193 Dei
603 1162 794 1202 externus,
830 1154 897 1204 qui
933 1156 974 1192 fit
1012 1154 1137 1193 vocali
1175 1154 1363 1202 oratione,
1403 1153 1546 1193 debitis

154 1207 269 1254 horis,
301 1207 521 1258 psalmodia
551 1210 656 1246 iuxta
685 1210 873 1248 ecclesiae
913 1207 1201 1247 institutionem
1233 1208 1546 1256 observanda,—

154 1261 247 1300 item
267 1261 448 1301 iubemur
473 1263 669 1301 celebrare
690 1263 913 1310 sabbatum,
934 1261 1087 1313 purgari
1111 1276 1215 1312 aqua
1234 1262 1393 1309 lustrali,
1410 1262 1545 1301 audire

153 1315 323 1363 missam,
344 1316 568 1362 conciones,
592 1317 746 1355 flectere
775 1330 914 1367 genua,
937 1324 1138 1366 percutere
1165 1323 1313 1366 pectus,
1335 1315 1547 1356 incendere

153 1371 348 1416 candelas,
371 1377 409 1407 et
438 1371 512 1408 alia
542 1383 650 1408 sacra
678 1383 884 1420 peragere:
925 1376 1030 1408 totus
1060 1369 1124 1408 hic
1153 1371 1281 1408 cultus
1310 1369 1545 1420 praecipitur

154 1422 266 1461 tertio
300 1431 521 1473 praecepto.
545 1454 550 1461 .
573 1454 580 1462 .
604 1452 612 1460 .
634 1425 738 1473 Ergo
761 1437 874 1462 verus
905 1425 1032 1462 cultus
1064 1423 1139 1462 Dei
1170 1431 1228 1462 est
1258 1436 1409 1462 servare
1438 1437 1544 1474 prae-

152 1484 266 1526 cepta
287 1476 434 1526 primae
455 1478 623 1516 tabulae.

206 1532 390 1582 Exceptio
418 1532 479 1569 M.
514 1533 617 1571 olai.
686 1531 940 1570 Verissimum
982 1539 1038 1569 est
1078 1530 1238 1581 quidem
1279 1532 1428 1569 cultum
1467 1530 1543 1570 Dei

153 1585 365 1623 consistere
400 1584 438 1622 in
474 1585 746 1624 observatione
782 1586 1057 1625 mandatorum
1092 1585 1191 1623 Dei:
1231 1586 1301 1623 sed
1331 1585 1451 1623 habet
1485 1598 1543 1623 ec-

152 1639 268 1677 clesia
303 1639 475 1689 duplicia
507 1641 702 1687 mandata,
735 1653 836 1689 quae
870 1639 1055 1678 dicuntur
1087 1638 1330 1677 coniunctim
1368 1646 1543 1688 spectare

150 1694 298 1731 cultum
324 1693 409 1731 Dei.
458 1695 595 1732 Unum
616 1707 738 1744 genus
760 1694 1035 1732 mandatorum
1052 1700 1109 1731 est
1129 1706 1152 1730 a
1172 1694 1261 1731 Deo
1277 1699 1542 1742 praeceptum,

152 1746 271 1796 idque
291 1760 426 1785 verum
456 1749 605 1786 cultum
636 1747 791 1798 respicit
821 1754 859 1785 et
889 1746 1066 1785 consistit
1095 1747 1135 1784 in
1165 1745 1377 1785 dilectione
1409 1745 1484 1785 Dei
1505 1753 1543 1784 et

151 1800 327 1849 proximi.
350 1830 356 1837 .
380 1829 387 1837 .
410 1831 417 1839 .
447 1802 626 1839 Alterum
652 1814 776 1851 genus
802 1808 1111 1851 praeceptorum,
1142 1801 1252 1850 quod
1284 1801 1434 1838 cultum
1467 1799 1541 1838 Dei

151 1855 362 1901 concernit,
399 1862 456 1892 est
490 1855 540 1893 ab
575 1855 802 1893 hominibus
840 1854 1072 1901 institutum,
1113 1854 1192 1892 scil.
1230 1866 1370 1892 canere
1407 1854 1542 1892 laudes

153 1907 227 1945 Dei
254 1907 360 1946 horis
389 1908 599 1954 canonicis,
623 1908 795 1947 ieiunare
825 1907 938 1947 certis
962 1907 1216 1958 temporibus,
1238 1906 1471 1957 peregrinari
1491 1908 1541 1945 ad

150 1961 235 1998 loca
257 1969 402 2000 sancta.
426 1991 434 2001 .
462 1992 467 1998 .
491 1991 497 1998 .
522 1963 606 2001 Nec
628 1970 793 2012 possunt
809 1962 1093 2012 comprehendi
1112 1961 1186 2000 sub
1202 1960 1316 1999 tertio
1331 1967 1541 2011 praecepto

152 2015 341 2065 Decalogi
362 2015 426 2053 illa
446 2023 653 2066 praecepta
672 2017 846 2055 humana
874 2029 975 2066 quae
1005 2017 1056 2054 D.
1078 2015 1191 2055 Galle
1215 2014 1255 2053 in
1282 2028 1352 2053 sua
1376 2016 1541 2064 Respon-

149 2069 249 2105 sione
278 2068 439 2114 inducit,
463 2069 573 2118 quasi
606 2071 714 2108 Deus
735 2069 997 2120 praecepisset
1024 2068 1160 2107 audire
1189 2068 1359 2116 missam,
1382 2075 1539 2107 cantare

149 2123 263 2160 horas
284 2121 505 2168 canonicas,
529 2124 611 2168 &c.‚
636 2124 744 2172 quod
766 2136 969 2172 nunquam
989 2123 1187 2172 probatur.

204 2175 425 2226 Propositio
446 2177 540 2214 VII.
583 2177 726 2215 Utrum
752 2178 873 2215 homo
900 2178 1067 2214 salvetur
1090 2175 1238 2214 meritis
1265 2174 1355 2222 suis,
1377 2187 1427 2213 an
1455 2175 1537 2213 sola

147 2229 267 2277 “ratia
289 2229 394 2267 Dei?

201 2284 314 2332 Resp.
345 2284 403 2320 D.
439 2284 562 2322 Galle.
629 2282 845 2332 Dispositio
886 2281 1056 2320 hominis
1091 2281 1155 2331 pii,
1192 2288 1234 2319 ut
1274 2280 1378 2319 bona
1417 2293 1535 2330 opera

148 2335 274 2382 faciat,
307 2336 413 2373 101111
446 2349 468 2373 a
502 2337 589 2381 1)οο
624 2336 689 2385 qui
712 2337 832 2374 donat
868 2334 1018 2373 homini
1057 2342 1194 2373 renato
1229 2334 1392 2384 gratiam
1431 2334 1537 2381 bene

147 2390 346 2439 operandi,
372 2389 570 2428 mediante
596 2389 718 2428 libero
746 2403 816 2427 suo
843 2388 1011 2433 arbitrio,
1035 2395 1076 2426 ut
1097 2395 1290 2426 mereatur
1308 2388 1532 2434 mercedem

148 2455 324 2491 promiss
325 2457 389 2481 1111
433 2442 496 2481 Sic
518 2456 649 2481 10111111
673 2451 729 2481 est
751 2441 929 2503 Xpostoli
952 2441 1124 2480 dictum:
1164 2443 1221 2478 ί(
1225 2440 1317 2478 ratia
1339 2441 1532 2477 salxamur

147 2505 183 2533 ct
205 2498 354 2534 donum
381 2496 453 2534 Dei
475 2504 531 2534 est
554 2495 630 2533 1111
651 2505 806 2534 [eterna
833 2525 839 2533 .
867 2525 872 2531 .
897 2524 902 2530 .
930 2523 936 2531 .
