1715 2780
147 94 196 129 40
751 74 861 113 LEo
900 74 937 111 X
1493 76 1540 113 19

147 197 246 231 rum,
262 195 307 221 ac
324 189 403 220 tam
420 193 490 231 pro
506 178 601 218 vivis
623 191 741 228 quam
759 189 829 228 pro
849 176 1046 215 defunctis
1063 172 1293 224 Apostolica
1311 169 1543 210 auctoritate

149 235 443 287 Indulgentiam
470 233 743 278 concedendo,
767 232 993 269 thesaurum
1022 228 1249 266 meritorum
1278 227 1369 265 Iesu
1397 225 1543 264 Christi

148 299 186 330 et
207 293 439 330 Sanctorum
458 288 694 337 dispensare,
711 299 779 335 per
795 285 959 323 modum
974 280 1234 321 absolutionis
1250 277 1543 329 Indulgentiam

149 345 275 396 ipsam
306 344 492 388 conferre,
515 342 576 379 vel
600 354 668 391 per
698 340 862 378 modum
894 336 1062 386 suffragii
1092 336 1199 374 illam
1226 334 1430 373 transferre
1455 345 1546 370 con-

150 399 333 438 suevisse.
392 399 452 434 Ac
473 402 678 446 propterea
702 406 840 431 omnes
862 400 942 429 tam
963 390 1071 429 vivos
1093 403 1212 440 quam
1237 389 1456 433 defunctos,
1479 384 1547 435 qui

150 454 337 492 veraciter
368 464 506 489 omnes
539 447 811 498 Indulgentias
846 444 1074 484 huiusmodi
1105 441 1308 482 consecuti
1338 440 1491 486 fuerint,
1525 452 1548 476 a

151 514 259 545 tanta
279 504 485 555 temporali
501 516 630 554 poena
651 502 870 540 secundum
893 499 1064 538 divinam
1083 496 1270 535 iustitiam
1287 508 1358 546 pro
1377 494 1549 545 peccatis

152 561 231 599 suis
258 559 477 598 actualibus
504 556 639 595 debita
668 554 832 601 liberari,
857 560 1005 603 quanta
1031 564 1244 590 concessae
1270 557 1309 589 et
1334 547 1549 599 acquisitae

154 612 430 664 Indulgentiae
462 611 694 660 aequivalet.
753 611 802 647 Et
835 610 887 646 ita
916 608 966 646 ab
996 605 1181 644 omnibus
1212 603 1344 651 teneri,
1377 609 1416 641 et
1445 614 1551 651 prae-

154 668 274 707 dicari
305 668 450 705 debere
477 666 551 703 sub
581 660 1001 703 excommunicationis
1031 661 1131 698 latae
1162 657 1379 697 sententiae
1407 668 1548 707 poena,

153 737 176 761 a
197 736 274 772 qua
294 721 399 759 illam
422 720 662 758 incurrentes
683 718 734 756 ab
760 717 838 754 alio
859 729 978 765 quam
999 728 1021 752 a
1043 716 1228 752 Romano
1250 710 1453 757 Pontifice‚
1477 709 1551 747 nisi

155 777 193 814 in
222 775 357 814 mortis
382 773 556 820 articulo,
584 778 783 821 nequeant
810 768 1071 808 absolutionis
1097 766 1333 806 beneficium
1361 764 1550 809 obtinere,

154 829 385 869 auctoritate
418 826 646 878 apostolica,
678 825 893 864 earundem
938 831 1074 862 tenore
1114 819 1378 872 praesentium
1422 820 1554 857 decer-

155 897 296 923 nimus.
321 913 327 920 .
351 913 359 922 .
383 913 392 921 .

826 953 886 990 XI

601 1034 882 1074 LUTHER'S
927 1032 1110 1070 REPLY

205 1113 329 1148 While
346 1112 408 1147 the
429 1108 561 1156 Pope’s
581 1110 663 1144 Bull
682 1121 756 1144 was
774 1108 984 1154 preparing,
1003 1108 1012 1125 ‘
1026 1107 1164 1142 Luther
1181 1105 1256 1140 had
1274 1104 1383 1140 made
1401 1105 1557 1141 another

160 1167 241 1206 step
267 1161 303 1195 in
329 1160 508 1194 advance.
559 1157 796 1192 Dissatisfied
818 1157 905 1191 with
932 1157 995 1190 the
1019 1154 1151 1200 appeal
1177 1153 1230 1188 ad
1250 1154 1397 1198 Papam
1423 1153 1559 1188 melius

156 1208 439 1254 informandum
465 1232 473 1240 .
498 1233 505 1240 .
530 1231 538 1240 .
562 1206 608 1239 he
633 1205 806 1249 replaced
833 1204 872 1247 it,
901 1205 945 1238 28
974 1204 1070 1236 Nov.
1094 1202 1195 1247 1518,
1222 1201 1271 1245 by
1299 1199 1388 1245 [No.
1414 1199 1474 1244 20]
1502 1210 1558 1234 an

158 1257 307 1301 appeal
324 1258 369 1290 to
385 1265 410 1288 a
427 1254 561 1288 future
580 1253 759 1287 General
778 1249 1137 1294 Counci1(Lutlzerl
1150 1249 1217 1293 Op.
1232 1249 1317 1283 Lat.
1331 1247 1367 1282 ii.
1381 1248 1450 1291 438
1463 1258 1556 1292 sqq.‚

160 1303 356 1344 Loescher,
378 1301 412 1335 ii.
434 1300 501 1345 506
519 1298 617 1345 sqq.)
637 1326 645 1334 .
662 1325 670 1334 .
685 1326 693 1334 .
708 1299 835 1333 drawn
862 1309 910 1342 up
936 1308 983 1331 on
1009 1297 1071 1331 the
1095 1295 1188 1330 lines
1211 1294 1253 1329 of
1271 1306 1341 1329 one
1361 1294 1480 1329 which
1495 1295 1557 1329 the

162 1349 379 1393 University
397 1348 436 1382 of
456 1347 558 1382 Paris
578 1347 653 1381 had
672 1347 793 1389 made,
813 1357 862 1380 on
880 1345 943 1380 the
962 1344 1048 1386 27th
1067 1344 1108 1378 of
1124 1342 1269 1386 March,
1291 1350 1393 1386 1517,
1412 1341 1558 1387 against

161 1398 222 1432 the
247 1395 462 1440 abrogation
482 1396 530 1438 by
551 1395 613 1429 the
635 1395 797 1429 Lateran
824 1391 979 1427 Council
1002 1391 1041 1425 of
1058 1392 1120 1425 the
1146 1389 1355 1434 Pragmatic
1381 1389 1559 1424 Sanction

163 1445 201 1479 of
218 1446 384 1488 Bourges
397 1443 405 1457 ’
426 1442 485 1486 (cf.
506 1441 640 1485 Beard,
660 1441 813 1475 Martia
831 1440 988 1482 Luther,
1009 1446 1077 1482 254
1095 1449 1161 1483 sq„
1180 1438 1238 1472 ed.
1260 1437 1375 1481 1896).

251 1529 343 1575 No,
368 1541 446 1574 20.
500 1528 595 1570 His
627 1527 825 1581 Appeal
857 1527 910 1569 to
942 1537 974 1568 a
1006 1524 1227 1568 General
1259 1522 1478 1568 Council.

219 1606 322 1644 Cum
344 1602 618 1654 appellationis
643 1601 861 1640 remedium
887 1601 926 1639 in
951 1599 1172 1638 subsidium
1195 1629 1201 1636 .
1223 1630 1230 1636 .
1254 1629 1261 1636 .
1285 1611 1561 1648 oppressorum

163 1674 185 1697 a
215 1658 355 1697 iurium
386 1656 660 1696 conditoribus
700 1656 748 1694 sit
782 1655 1052 1701 adinventum,
1084 1660 1122 1692 et
1154 1684 1161 1691 .
1188 1683 1196 1691 .
1226 1683 1234 1691 .
1265 1653 1317 1691 ab
1343 1651 1458 1690 illatis
1487 1682 1494 1690 .
1521 1681 1528 1689 .
1556 1682 1563 1690 .

164 1712 313 1751 iniuriis
343 1712 426 1750 iura
452 1712 648 1761 appellare
675 1709 925 1760 permittant:
955 1709 1057 1747 adeo
1087 1708 1196 1758 quod
1225 1707 1383 1745 inferior
1408 1707 1458 1745 de
1482 1719 1563 1744 non

164 1767 402 1817 appellando
423 1767 473 1804 ad
488 1764 728 1814 superiorem
745 1771 913 1802 statuere
935 1776 1015 1801 non
1032 1761 1155 1812 possit
1176 1769 1214 1800 et
1235 1774 1374 1799 manus
1396 1759 1566 1810 superio-

167 1834 251 1858 rum
280 1820 473 1857 claudere.
533 1819 610 1857 Sed
638 1832 728 1856 cum
751 1818 841 1855 satis
863 1817 910 1855 sit
943 1817 982 1854 in
1003 1817 1191 1866 professo,
1213 1816 1323 1865 quod
1344 1827 1565 1853 sacrosanc-

168 1882 250 1912 tum
272 1873 484 1911 concilium
501 1872 540 1909 in
563 1872 707 1921 Spiritu
729 1879 865 1910 sancto
887 1870 1059 1921 legitime
1080 1876 1370 1920 congregatum,
1387 1875 1563 1907 sanctam

171 1927 391 1966 Ecclesiam
419 1926 653 1964 catholicam
684 1934 991 1975 repraesentans,
1023 1926 1071 1962 sit
1100 1924 1139 1961 in
1170 1923 1297 1962 causis
1327 1924 1447 1961 fidem
1474 1935 1565 1960 con—

168 1981 419 2020 cernentibus
450 1993 566 2029 supra
607 1982 765 2029 Papam,
802 1978 931 2017 evenit
967 1979 1075 2028 quod
1114 1991 1187 2016 nec
1223 1979 1329 2027 Papa
1362 1976 1403 2014 in
1437 1975 1564 2014 causis

169 2034 409 2080 huiusmodi,
428 2048 477 2071 ne
493 2034 543 2071 ab
565 2047 612 2071 eo
628 2035 679 2071 ad
694 2032 916 2072 Concilium
935 2033 1162 2082 appelletur,
1179 2038 1348 2069 statuere
1364 2029 1486 2080 possit
1502 2059 1509 2067 .
1528 2059 1535 2066 .
1556 2060 1563 2066 .

170 2089 325 2128 Idcirco
353 2101 425 2138 ego
447 2089 579 2125 Frater
607 2088 801 2124 Martinus
832 2088 978 2124 Luther
1000 2116 1006 2123 .
1030 2116 1037 2123 .
1062 2116 1068 2123 .
1093 2084 1194 2137 [llere
1200 2085 1360 2133 follows
1385 2098 1409 2121 a
1436 2084 1571 2121 recital

169 2143 216 2193 of
232 2144 291 2180 lais
321 2156 410 2189 case,
441 2154 485 2178 as
514 2142 554 2179 in
585 2142 644 2178 z‘lze
673 2142 813 2189 appeal
831 2140 937 2188 0f16
967 2137 1063 2190 Oea]
1085 2152 1107 2176 a
1128 2168 1136 2176 .
1161 2169 1168 2175 .
1191 2168 1198 2175 .
1222 2140 1257 2176 S.
1283 2140 1332 2176 D.
1356 2139 1406 2175 N.
1430 2139 1565 2175 Leone

170 2210 251 2236 non
280 2204 384 2234 recte
413 2196 595 2233 consulto
625 2225 631 2231 .
656 2224 664 2231 .
686 2224 694 2232 .
725 2195 775 2232 ad
806 2195 976 2231 futurum
1007 2191 1218 2230 concilium
1249 2191 1421 2241 legitime
1449 2204 1495 2228 ac
1525 2190 1565 2228 in

170 2253 259 2290 loco
273 2258 358 2288 tuto
375 2246 687 2301 [congregatum]
707 2278 714 2285 .
739 2278 746 2285 .
769 2278 775 2284 .
794 2260 967 2297 provoco
988 2255 1025 2285 et
1046 2247 1202 2296 appello
1216 2245 1255 2283 in
1272 2245 1317 2283 iis
1339 2244 1512 2294 scriptis.
1531 2275 1537 2282 .
1556 2274 1563 2282 .

170 2307 271 2343 Acta
291 2312 382 2342 sunt
403 2304 500 2341 haec
522 2302 829 2351 Wittembergae
851 2331 857 2339 .
883 2331 889 2338 .
916 2332 922 2338 .
946 2300 985 2338 in
1014 2301 1163 2349 capella
1193 2298 1378 2349 Corporis
1407 2297 1564 2345 Christi,

170 2359 210 2398 in
231 2357 444 2410 parochiali
465 2356 612 2395 ibidem
635 2355 836 2394 cemiterio
857 2354 1010 2402 situata,
1032 2353 1314 2404 praesentibus,
1332 2354 1402 2391 &o
