1715 2780
163 107 236 141 228
421 105 539 142 THE
579 104 1014 142 ORGANIZATION
1055 104 1126 142 OF
1164 105 1281 142 THE
1502 104 1556 153 98

158 208 304 257 alioqui
321 208 603 246 communione
625 208 804 258 privetur,
825 217 875 255 et,
893 208 923 246 si
941 208 1150 258 episcopus
1170 208 1296 255 fuerit,
1313 209 1558 258 deponatur3.

159 273 240 300 non
259 269 317 300 est
338 261 443 300 enim
464 261 571 300 aliud
593 261 855 312 purgatorium
879 274 997 311 quam
1022 262 1097 300 Dei
1124 261 1289 301 ecclesia
1308 261 1347 300 in
1372 274 1452 312 qua
1479 262 1556 302 fide

159 327 370 366 purgamur
390 322 427 354 et
448 316 686 354 mundamur
704 329 728 354 3
748 315 930 365 peccatis.

213 370 310 420 Cap.
326 368 397 407 xiv.
418 370 482 407 De
492 383 599 407 sacro
611 369 946 419 Coniugia—Qui
959 378 1133 416 uruntur,
1149 377 1187 408 et
1199 383 1280 408 non
1296 383 1338 409 se
1351 369 1556 410 continent

159 423 264 462 iuxta
278 425 442 462 Paulum
464 438 478 461 1
501 425 591 463 Cor.
609 423 659 461 vii
675 422 737 476 [9]
759 423 1054 462 matrimonium
1074 425 1319 472 contrahant,
1342 423 1459 463 etiam
1479 424 1558 474 epi·

158 477 280 528 scopi,
309 477 504 524 monachi,
533 485 571 516 et
598 477 801 516 moniales.
849 477 1106 517 Connubium
1131 477 1316 516 nimirum
1336 478 1558 518 venerabile

160 540 218 570 est
235 531 435 578 universis,
457 533 673 582 thorusque
693 530 922 582 impollutus
940 531 1045 570 Heb.
1064 531 1140 571 xiii.
1159 529 1264 585 [4]..

214 586 310 636 Cap.
335 597 394 624 Χν.
425 586 490 624 De
515 586 754 624 comentibus
781 586 1096 633 hebdomadarzz's,
1117 591 1154 624 et
1173 599 1253 646 qut„
1267 586 1309 624 in
1337 598 1395 624 eos
1422 585 1558 625 admi-t

159 640 270 678 tendi.
278 638 436 688 ——Quia
455 639 560 678 iuxta
580 648 834 690 praeceptum
857 639 1020 678 Domini
1043 641 1157 678 Matt
1179 639 1270 678 xviii
1288 638 1388 692 [17],
1411 639 1450 679 Si
1470 640 1557 691 quis

159 707 180 731 e
205 693 385 732 fratribus
410 706 578 743 peccans
605 693 644 732 in
669 695 882 732 confratres
909 706 1011 741 suos,
1041 706 1109 733 eos
1132 695 1394 733 admonentes
1419 696 1556 734 audire

159 747 450 797 contempserit,
491 747 680 786 ecclesiae
719 755 777 786 est
810 747 1037 786 dicendum.
1096 748 1276 786 Ecclesia
1307 756 1440 787 autem
1481 747 1557 787 Dei

160 801 410 851 congregatio
440 801 616 840 fidelium
647 807 715 848 est,
748 802 885 840 fideles
917 809 1007 840 sunt
1035 800 1250 852 aliquando
1279 801 1555 852 congregandi,

158 863 201 894 ut
222 855 276 894 eis
298 855 449 893 dicatur
470 855 594 893 fratris
614 855 725 905 impii
746 855 908 894 rebellio
929 863 967 893 et
993 863 1254 905 contemptus.
1279 885 1286 894 .
1310 885 1317 894 .
1343 886 1351 894 .
1373 855 1495 905 Quod
1519 864 1557 895 et

159 909 240 947 fieri
261 909 381 947 debet
400 908 484 946 aliis
505 908 642 968 causis,
666 921 810 958 nempe
833 917 876 947 ut
896 910 946 947 de
967 909 1138 947 Pastoris
1165 909 1224 947 sui
1244 921 1342 947 voce
1368 908 1555 957 iudicent,

159 962 382 1022 eligantque
421 962 495 1000 sibi
533 962 740 1013 episcopos
780 970 817 1000 et
854 962 1056 1010 diaconos,
1096 962 1136 1001 id
1174 970 1244 1010 est,
1280 964 1480 1002 adiutores
1518 970 1557 1001 et

159 1016 356 1055 ministros
378 1029 525 1065 eorum,
548 1028 594 1054 ac
620 1029 834 1076 pauperum
857 1016 1059 1064 diaconos,
1085 1018 1136 1055 de
1156 1016 1299 1067 quibus
1325 1016 1424 1055 infra
1451 1014 1554 1070 [cap.

163 1083 180 1107 2
188 1067 241 1122 5]
264 1077 387 1120 utque
406 1070 493 1109 illos
514 1071 727 1119 deponant,
751 1070 782 1108 si
803 1083 920 1109 causa
941 1069 1079 1118 existit,
1102 1078 1140 1109 et
1161 1070 1192 1108 si
1213 1083 1314 1120 quae
1333 1069 1408 1109 alia
1427 1081 1451 1108 a
1474 1078 1557 1110 tota

158 1123 323 1162 ecclesia
358 1131 448 1162 sunt
487 1125 592 1162 iuxta
627 1123 702 1162 Dei
736 1124 898 1162 verbum
933 1124 1170 1163 definienda
1228 1125 1468 1163 Ordinamus
1502 1123 1556 1163 id-

158 1179 262 1216 circo
284 1186 325 1216 ut
347 1178 385 1215 in
406 1179 543 1228 quavis
564 1177 759 1228 parochia,
782 1186 1040 1228 posteaquam
1061 1178 1224 1217 verbum
1252 1177 1417 1216 Domini
1442 1177 1556 1217 fuerit

159 1232 197 1269 in
223 1244 268 1270 ea
291 1231 534 1282 aliquamdiu
564 1231 844 1282 praedicatum,
873 1231 1034 1282 singulis
1060 1231 1200 1270 diebus
1229 1231 1462 1279 Dominicis,
1489 1240 1556 1270 aut

160 1299 250 1325 mox
273 1297 296 1323 a
317 1285 455 1325 Coena
477 1286 698 1333 Dominica‚
728 1294 794 1324 aut
814 1298 836 1324 a
857 1285 1023 1335 prandio
1044 1286 1110 1324 fiat
1134 1293 1352 1325 conventus
1378 1285 1554 1324 fidelium

159 1340 198 1377 in
219 1351 394 1390 congruo
427 1341 516 1378 loco
553 1340 604 1378 ad
639 1352 756 1389 quem
792 1346 987 1389 quotquot
1020 1352 1066 1378 ex
1096 1339 1186 1377 viris
1216 1339 1376 1389 negotio
1410 1339 1555 1378 Christi

158 1394 288 1431 favent
317 1401 355 1431 et
386 1393 424 1430 in
455 1400 677 1432 sanctorum
709 1406 874 1431 numero
894 1393 1099 1439 habentur,
1128 1393 1366 1431 conveniant
1394 1401 1435 1431 ut
1463 1405 1554 1431 cum

158 1447 346 1496 episcopo
371 1447 421 1485 de
448 1447 637 1485 universis
667 1459 767 1496 quae
798 1447 836 1484 in
866 1447 1031 1485 ecclesia
1060 1448 1263 1485 tractanda
1291 1455 1553 1493 occurrerunt,

158 1501 349 1538 definiant
375 1513 421 1539 ex
441 1501 561 1539 verbo
585 1502 758 1539 Domini.
783 1531 789 1538 .
813 1530 820 1538 .
842 1531 848 1538 .
872 1500 979 1539 Huic
1001 1501 1136 1539 fideles
1161 1500 1343 1539 mulieres
1369 1499 1556 1540 interesse

158 1554 318 1604 quidem
347 1563 524 1605 possunt,
546 1567 679 1593 verum
708 1555 762 1593 eis
792 1553 898 1605 loqui
929 1554 968 1592 in
996 1554 1170 1593 ecclesiis
1199 1567 1280 1593 non
1308 1554 1554 1604 permittitur,

164 1621 177 1645 1
200 1609 289 1648 Cor.
312 1609 374 1646 xiv
394 1606 487 1661 [34]
508 1615 545 1647 et
570 1622 586 1647 1
610 1610 714 1647 Tim.
735 1608 762 1646 ii
785 1606 884 1661 [12].
944 1608 1024 1646 Soli
1046 1621 1137 1658 ergo
1156 1608 1227 1646 viri
1246 1607 1447 1647 definient.

214 1662 318 1710 Quia
356 1670 487 1701 autem
526 1663 576 1700 ad
615 1662 790 1701 fidelium
822 1663 1166 1712 congregationem
1199 1661 1436 1700 admittendi
1473 1674 1554 1700 non

159 1724 259 1762 sunt,
289 1717 355 1766 qui
383 1724 518 1754 contra
545 1715 636 1755 fidei
657 1715 847 1755 rationem
876 1715 1022 1762 vivunt,
1048 1724 1086 1755 et
1112 1729 1163 1754 ne
1182 1714 1394 1777 quicquam
1420 1714 1555 1753 imma-

158 1778 246 1807 turo
267 1769 433 1808 consilio
452 1778 597 1820 agatur,
620 1771 801 1808 volumus
818 1777 860 1808 ut
880 1782 950 1819 pro
971 1770 1048 1808 hoc
1067 1768 1260 1829 principio
1276 1770 1342 1807 fiat
1363 1768 1555 1856 separatio

159 1835 337 1861 verorum
359 1824 516 1861 fratrum
539 1836 562 1861 a
581 1825 684 1862 falsis
706 1823 886 1862 fratribus
907 1823 1045 1862 ordine
1065 1824 1140 1862 hoc
1154 1822 1302 1883 posito.

214 1875 345 1914 Primo
373 1876 436 1915 die
468 1877 691 1936 Dominico,
723 1890 803 1927 quo
834 1885 923 1927 post
954 1876 1117 1915 verbum
1151 1876 1191 1914 in
1222 1884 1377 1926 tempus
1405 1888 1554 1914 annun-

157 1930 295 1967 tiatum
317 1930 567 1976 conveniunt,
598 1930 806 1980 episcopus
834 1939 970 1968 notam
995 1931 1109 1968 faciat
1138 1929 1212 1967 Dei
1239 1931 1481 1968 voluntatem
1508 1942 1555 1968 ex

160 1984 283 2021 Ρ31110
304 1997 317 2020 1
337 1984 426 2022 Cor.
443 1996 466 2020 v
483 1982 522 2042 [1
535 1961 572 2035 1]
594 1991 631 2021 01
651 1996 698 2022 ex
715 1997 734 2021 2
760 1985 844 2021 Iob.
865 1981 951 2035 [10]
969 1983 1145 2032 epistola,
1167 1995 1310 2043 nempe
1331 1983 1439 2032 quod
1454 1982 1554 2021 veris

160 2035 343 2074 fidelibus
364 2049 444 2074 non
469 2034 517 2074 sit
537 2037 926 2084 communicandum,
945 2038 1061 2074 etiam
1079 2036 1138 2074 his
1159 2035 1225 2086 qui
1247 2037 1284 2074 in
1305 2036 1465 2074 fratrum
1486 2047 1554 2074 1111-

159 2101 268 2128 111010
289 2090 492 2136 habentur,
516 2091 546 2127 si
571 2097 662 2128 sunt
687 2098 929 2137 scortatores,
951 2089 1060 2136 ebrii,
1081 2090 1181 2127 810..
1233 2097 1330 2128 ,3111
1351 2088 1418 2139 qui
1436 2088 1553 2127 aliam

159 2142 380 2181 doctrinam
406 2144 592 2181 adserunt
618 2157 736 2193 quam
760 2143 1011 2193 purissimum
1037 2142 1112 2180 Dei
1132 2117 1320 2181 verbum:
1354 2155 1474 2193 quarn
1500 2141 1554 2181 ob

161 2209 318 2235 causam
350 2196 456 2235 iuxta
489 2198 593 2235 idem
627 2197 702 2235 Dei
736 2197 898 2235 verbum
930 2197 1060 2235 nullus
1094 2195 1142 2234 sit
1175 2197 1322 2235 amodo
1350 2197 1390 2234 in
1422 2196 1551 2246 ipsum

160 2258 399 2288 conventum
433 2250 681 2301 recipiendus
715 2251 785 2288 sed
819 2250 869 2288 ab
903 2262 951 2288 eo
983 2250 1396 2296 excommunicandus,
1428 2250 1553 2288 cuius-

160 2316 317 2354 cunque
337 2304 385 2342 sit
406 2304 645 2342 conditionis
665 2312 731 2342 aut
756 2316 880 2350 sexus,
903 2303 969 2353 qui
996 2303 1241 2353 praescriptis
1267 2310 1334 2341 aut
1359 2302 1552 2341 similibus

160 2357 389 2396 criminibus
423 2357 703 2396 offendiculum
744 2356 947 2408 praebebit
982 2358 1206 2406 Evangelio.
1267 2357 1366 2395 Ideo
1396 2357 1431 2394 si
1464 2357 1552 2406 quis

160 2410 258 2449 110111
278 2419 383 2449 οΧ113
404 2413 526 2461 ipsam
544 2412 749 2450 eeclesiam
771 2410 863 2457 fieri,
886 2419 924 2448 et
939 2409 1046 2448 videt
1065 2422 1106 2448 se
1126 2410 1167 2448 id
1186 2422 1309 2459 genus
1324 2407 1552 2447 criminibus

161 2465 361 2511 irretitum,
386 2466 437 2503 ad
458 2478 525 2503 cor
551 2466 693 2511 redeat,
716 2473 966 2513 veteremque
992 2470 1106 2502 exuat
1132 2462 1347 2510 hominem,
1374 2469 1414 2502 et
1432 2463 1550 2500 vitam
