1715 2780
126 90 191 127 116
386 88 504 127 THE
535 88 673 126 DIET
703 88 774 127 OF
806 86 1125 133 AUGSBURG,
1163 98 1262 136 1530
1447 90 1522 136 269

184 205 242 230 10.
287 193 387 231 Ideo
418 204 654 242 magnopere
683 189 755 229 fuit
783 202 884 240 opus
914 190 1016 227 hanc
1051 189 1273 228 doctrinam
1302 190 1346 226 de
1363 189 1446 238 fide
1480 191 1521 228 in

130 246 328 285 Christum
359 247 512 285 tradere
542 253 581 284 et
611 256 813 291 renovare,
837 256 888 282 ne
921 244 1077 282 deesset
1115 242 1336 281 consolatio
1370 242 1522 292 pavidis

126 299 390 347 conscientiis,
420 300 490 339 sed
515 300 658 338 scirent
683 299 761 337 fide
788 297 828 335 in
855 297 1058 337 Christum
1082 296 1328 347 apprehendi
1357 298 1520 346 gratiam

126 361 165 393 et
185 353 455 392 remissionem
476 361 729 404 peccatorum
751 360 789 390 et
810 351 1141 390 iustificationem.

185 421 244 446 11.
275 409 553 446 Admonentur
579 406 696 446 etiam
722 405 913 453 homines,
937 406 1046 456 quod
1074 406 1137 443 hic
1164 416 1312 443 nomen
1321 404 1424 452 fidei
1440 417 1520 443 non

126 461 317 511 significet
346 469 499 500 tantum
531 460 715 499 historiae
747 459 938 506 notitiam,
975 459 1100 509 qualis
1139 466 1197 497 est
1236 458 1276 495 in
1315 458 1444 508 impiis
1483 466 1522 497 et

126 515 297 563 diabolo,
321 516 390 554 sed
412 514 603 565 significet
623 516 741 553 fidem
764 527 865 564 quae
886 513 1010 552 credit
1026 526 1107 552 non
1128 519 1281 551 tantum
1304 511 1518 559 historiam,

127 570 196 608 sed
230 569 348 608 etiam
382 571 567 608 effectum
605 567 800 614 historiae,
841 567 1022 606 videlicet
1062 568 1168 605 hunc
1206 565 1426 613 articulum,
1468 580 1522 605 re-

126 623 353 662 missionem
374 630 638 683 peccatorum,
661 622 770 681 quod
790 620 973 660 videlicet
992 634 1060 671 per
1080 620 1282 660 Christum
1303 620 1520 659 habeamus

124 675 298 726 gratiam,
320 675 507 715 iustitiam
528 683 566 715 et
585 675 855 714 remissionem
876 682 1138 725 peccatorum.

185 743 242 769 12.
275 731 359 769 Iam
381 730 449 781 (1111
478 729 550 769 scit
578 743 614 768 se
630 737 707 779 per
726 730 925 768 Clmstum
952 729 1088 766 habere
1104 729 1319 779 propi‘lzzcm
1346 730 1517 775 Patrem,

127 782 158 822 is
179 797 268 823 vere
287 783 397 823 novit
418 786 563 831 Deum,
584 784 657 822 scit
685 796 726 822 se
756 784 790 821 ei
821 795 937 821 curae
961 795 1057 829 esse,
1087 782 1245 821 invocat
1265 797 1385 830 eum,·
1414 783 1520 820 deni

126 851 203 887 que
222 851 305 877 non
321 845 378 877 est
399 839 482 877 sine
504 839 604 884 Deo,
628 838 728 876 sicut
747 842 895 887 gentes.
954 837 1059 875 Nam
1080 835 1228 875 diaboli
1250 844 1288 875 et
1309 835 1418 886 impii
1438 849 1519 874 non

126 899 290 941 possunt
327 893 434 930 hunc
471 869 678 930 articulum
721 891 890 938 credere,
935 889 1206 929 remissionem
1252 898 1517 940 peccatorum.

127 946 226 984 Ideo
266 947 397 984 Deum
436 953 639 996 tamquam
678 946 832 983 hostem
869 944 1049 990 oderunt,
1083 957 1165 982 non
1198 943 1383 983 invocant
1415 957 1517 989 eum,

125 999 223 1037 nihil
251 1000 347 1038 boni
376 1000 426 1038 ab
456 1013 504 1038 eo
535 1006 774 1048 exspectant.
838 1011 895 1047 13.
927 997 1170 1048 Augustinus
1208 998 1326 1037 etiam
1360 999 1403 1035 de
1422 998 1524 1046 fidei

126 1052 287 1092 nomine
318 1054 396 1092 hoc
427 1054 548 1092 modo
578 1054 767 1091 admonet
796 1054 995 1097 lectorem,
1032 1059 1070 1090 et
1090 1053 1208 1090 docet
1238 1052 1277 1090 in
1312 1050 1519 1101 Scripturis

126 1119 274 1146 nornen
295 1108 387 1146 fidei
407 1106 532 1157 accipi
552 1120 634 1144 non
654 1120 725 1156 pro
745 1105 894 1152 notitia,
914 1104 1039 1155 qualis
1060 1113 1119 1143 est
1139 1107 1178 1143 in
1194 1105 1336 1155 impiis,
1359 1107 1428 1144 sed
1449 1118 1520 1155 pro

127 1161 270 1200 fiducia
290 1173 392 1211 quae
412 1161 638 1199 consolatur
658 1168 696 1198 et
717 1159 828 1210 erigit
848 1160 1142 1209 perterrefactas
1165 1167 1328 1198 mentes.

558 1246 601 1283 B.
662 1245 724 1282 De
754 1242 869 1282 bonis
899 1242 1095 1293 operibus.

185 1331 240 1365 14.
273 1320 477 1366 Praeterea
510 1318 657 1356 docent
686 1317 819 1363 nostri,
856 1318 965 1366 quod
997 1328 1159 1355 necesse
1188 1315 1236 1354 sit
1266 1316 1372 1354 bona
1401 1328 1520 1365 opera

126 1372 263 1418 facere,
286 1385 367 1410 non
393 1379 436 1410 ut
459 1372 708 1411 confidamus
735 1384 803 1421 per
833 1383 880 1409 ea
905 1371 1068 1420 gratiam
1097 1369 1247 1416 mereri,
1270 1371 1340 1408 sed
1361 1377 1520 1419 propter

125 1427 367 1464 voluntatem
390 1425 477 1464 Dei.
535 1427 710 1464 Tantum
737 1426 816 1463 fide
845 1425 1153 1475 apprehenditur
1180 1423 1358 1462 remissio
1385 1436 1519 1473 pecca-

125 1486 253 1518 torum
273 1493 319 1518 ac
339 1479 470 1530 gratia.
530 1481 581 1517 Et
601 1479 694 1529 quia
714 1492 782 1529 per
802 1479 923 1517 fidem
942 1477 1132 1528 accipitur
1153 1477 1318 1527 Spiritus
1339 1479 1518 1524 Sanctus,

126 1532 203 1571 iam
234 1535 355 1573 corda
392 1541 629 1573 renovantur
662 1540 701 1572 et
738 1532 909 1571 induunt
940 1545 1065 1571 novos
1098 1533 1274 1579 affectus,
1307 1538 1349 1569 ut
1384 1544 1519 1581 parere

126 1587 231 1626 bona
267 1600 387 1638 opera
423 1587 586 1647 possint.
650 1598 707 1637 15.
739 1586 803 1625 Sic
841 1586 946 1625 enim
984 1585 1038 1624 ait
1076 1585 1337 1624 Ambrosius:
1379 1584 1519 1624 ‘Fides

125 1640 252 1680 bonae
272 1640 483 1680 voluntatis
504 1649 542 1680 et
561 1643 686 1679 iustae
701 1640 867 1679 actionis
880 1640 1044 1690 genitrix
1061 1641 1143 1678 est!
1201 1641 1305 1678 Nam
1321 1640 1519 1677 humanae

127 1694 236 1742 vires,
277 1695 361 1734 sine
392 1694 537 1745 Spiritu
569 1696 725 1742 Sancto,
765 1695 905 1744 plenae
932 1701 1022 1732 sunt
1055 1692 1184 1743 impiis
1221 1692 1439 1738 affectibus,
1480 1699 1518 1730 et

126 1756 217 1786 sunt
240 1747 517 1787 imbecilliores
542 1761 661 1798 quam
682 1755 725 1786 ut
754 1748 861 1786 bona
888 1760 1007 1796 opera
1033 1746 1186 1797 possint
1211 1747 1364 1784 efficere
1384 1758 1516 1784 coram

128 1802 226 1840 Deo.
290 1804 347 1840 16.
378 1803 443 1841 Ad
475 1803 584 1861 11360,
620 1809 711 1840 sunt
742 1800 781 1839 in
821 1808 1013 1860 potestate
1052 1799 1211 1847 diaboli,
1246 1799 1311 1849 qui
1352 1798 1519 1849 impellit

126 1855 307 1894 homines
336 1857 388 1894 ad
411 1855 514 1894 varia
543 1863 716 1906 peccata,
745 1855 796 1893 ad
820 1854 959 1904 impias
983 1853 1203 1904 opiniones,
1234 1854 1286 1892 ad
1311 1853 1519 1892 manifesta

126 1910 271 1949 scelera
289 1923 298 1957 3
335 1910 675 1959 quemadmodum
700 1916 758 1947 est
782 1907 914 1946 videre
935 1909 974 1946 in
1001 1906 1258 1958 philosophis,
1290 1907 1357 1956 qui
1382 1914 1421 1946 et
1444 1906 1517 1957 ipsi

126 1963 258 2002 conati
291 1964 458 2002 honeste
491 1963 630 2010 vivere,
662 1970 795 2001 tamen
824 1963 864 2000 id
894 1975 975 2000 non
1004 1969 1218 2011 potuerunt
1246 1962 1410 2008 efficere,
1447 1961 1517 1999 sed

125 2016 382 2055 contaminati
403 2024 493 2055 sunt
513 2016 646 2055 multis
668 2015 884 2054 manifestis
905 2015 1129 2054 sceleribus.
1188 2014 1296 2053 Talis
1317 2022 1375 2053 est
1395 2014 1517 2053 imbe-

126 2069 264 2108 cillitas
294 2070 476 2117 hominis,
505 2083 628 2120 quum
653 2077 711 2109 est
735 2069 820 2108 sine
844 2070 922 2108 fide
947 2076 985 2108 et
1011 2069 1096 2107 sine
1122 2068 1268 2119 Spiritu
1290 2070 1448 2115 Sancto,
1479 2075 1516 2106 et

126 2130 277 2162 tantum
299 2125 481 2163 humanis
501 2124 647 2163 viribus
667 2137 708 2162 se
728 2123 930 2173 gubernat.

184 2189 244 2226 17.
276 2177 385 2215 Hinc
414 2179 527 2216 facile
552 2183 713 2227 apparet
736 2178 839 2215 hane
866 2176 1085 2215 doctrinam
1115 2188 1197 2214 non
1221 2188 1306 2214 esse
1333 2187 1517 2213 accusan-

128 2231 230 2277 dam,
254 2232 363 2281 quod
384 2232 489 2270 bona
509 2244 629 2281 opera
649 2230 867 2281 prohibeat,
885 2231 955 2268 sed
970 2231 1094 2267 multo
1115 2229 1239 2279 magis
1260 2229 1514 2273 laudandam,

128 2285 236 2333 quod
265 2284 438 2323 ostendit
467 2286 671 2334 quomodo
702 2285 808 2323 bona
841 2297 960 2334 opera
989 2284 1116 2322 facere
1144 2283 1351 2333 possimus.
1411 2283 1515 2319 Nam

128 2337 212 2376 sine
224 2339 303 2377 fide
323 2340 432 2377 nullo
453 2340 575 2377 modo
596 2345 725 2388 potest
752 2339 926 2376 humana
955 2344 1094 2375 natura
1114 2336 1229 2387 primi
1255 2343 1323 2374 aut
1350 2334 1515 2373 secundi

128 2391 325 2442 praecepti
352 2404 472 2442 opera
500 2393 637 2431 facere.
696 2391 789 2430 Sine
817 2392 895 2430 fide
919 2404 1001 2429 non
1028 2390 1185 2429 invocat
1217 2392 1360 2434 Deum,
1382 2401 1405 2425 a
1427 2390 1516 2426 Deo

130 2444 225 2483 1111111
238 2453 449 2495 exspectat
466 2459 546 2485 non
555 2448 692 2485 tolerat
704 2457 873 2492 crucem,
883 2446 953 2484 sed
970 2443 1120 2494 quaerit
1130 2440 1514 2491 humanapraesidia,
