<?xml version="1.0" encoding="UTF-8"?>
<!DOCTYPE html PUBLIC "-//W3C//DTD XHTML 1.0 Transitional//EN"
    "http://www.w3.org/TR/xhtml1/DTD/xhtml1-transitional.dtd">
<html xmlns="http://www.w3.org/1999/xhtml" xml:lang="en" lang="en">
 <head>
  <title>
</title>
<meta http-equiv="Content-Type" content="text/html;charset=utf-8" />
  <meta name='ocr-system' content='tesseract 3.04.00' />
  <meta name='ocr-capabilities' content='ocr_page ocr_carea ocr_par ocr_line ocrx_word'/>
</head>
<body>
  <div class='ocr_page' id='page_1' title='image "./docreform00kidd_0104.png"; bbox 0 0 1715 2780; ppageno 0'>
   <div class='ocr_carea' id='block_1_1' title="bbox 198 116 1588 166">
    <p class='ocr_par' dir='ltr' id='par_1_1' title="bbox 198 116 1588 166">
     <span class='ocr_line' id='line_1_1' title="bbox 198 116 1588 166; baseline -0.001 -11"><span class='ocrx_word' id='word_1_1' title='bbox 198 121 242 166; x_wconf 87' lang='lat'>76</span> <span class='ocrx_word' id='word_1_2' title='bbox 275 119 394 156; x_wconf 88' lang='lat' dir='ltr'>THE</span> <span class='ocrx_word' id='word_1_3' title='bbox 426 116 1004 157; x_wconf 88' lang='lat' dir='ltr'><strong>EXCOMMUNICATION</strong></span> <span class='ocrx_word' id='word_1_4' title='bbox 1034 117 1106 155; x_wconf 88' lang='lat' dir='ltr'>OF</span> <span class='ocrx_word' id='word_1_5' title='bbox 1131 116 1380 163; x_wconf 86' lang='lat' dir='ltr'>LUTHER,</span> <span class='ocrx_word' id='word_1_6' title='bbox 1408 127 1507 165; x_wconf 86' lang='lat'>1520</span> <span class='ocrx_word' id='word_1_7' title='bbox 1537 117 1588 163; x_wconf 86' lang='lat'>38</span> 
     </span>
    </p>
   </div>
   <div class='ocr_carea' id='block_1_2' title="bbox 192 221 1588 2538">
    <p class='ocr_par' dir='ltr' id='par_1_2' title="bbox 192 221 1588 369">
     <span class='ocr_line' id='line_1_2' title="bbox 248 221 1588 274; baseline -0.002 -12"><span class='ocrx_word' id='word_1_8' title='bbox 248 224 322 272; x_wconf 61' lang='lat' dir='ltr'>§a</span> <span class='ocrx_word' id='word_1_9' title='bbox 355 223 414 274; x_wconf 92' lang='lat'>(1)</span> <span class='ocrx_word' id='word_1_10' title='bbox 447 223 658 262; x_wconf 85' lang='lat' dir='ltr'>Haeretica</span> <span class='ocrx_word' id='word_1_11' title='bbox 697 222 890 261; x_wconf 84' lang='lat' dir='ltr'>sententia</span> <span class='ocrx_word' id='word_1_12' title='bbox 924 229 993 268; x_wconf 87' lang='lat' dir='ltr'>est,</span> <span class='ocrx_word' id='word_1_13' title='bbox 1036 222 1105 260; x_wconf 91' lang='lat' dir='ltr'>sed</span> <span class='ocrx_word' id='word_1_14' title='bbox 1151 221 1303 268; x_wconf 86' lang='lat' dir='ltr'>usitata,</span> <span class='ocrx_word' id='word_1_15' title='bbox 1344 229 1588 260; x_wconf 85' lang='lat' dir='ltr'>sacramenta</span> 
     </span>
     <span class='ocr_line' id='line_1_3' title="bbox 195 275 1588 328; baseline -0.001 -14"><span class='ocrx_word' id='word_1_16' title='bbox 195 290 322 316; x_wconf 89' lang='lat' dir='ltr'>novae</span> <span class='ocrx_word' id='word_1_17' title='bbox 352 277 447 328; x_wconf 86' lang='lat' dir='ltr'>legis</span> <span class='ocrx_word' id='word_1_18' title='bbox 479 277 760 327; x_wconf 89' lang='lat' dir='ltr'>justificantem</span> <span class='ocrx_word' id='word_1_19' title='bbox 795 277 957 326; x_wconf 83' lang='lat' dir='ltr'>gratiam</span> <span class='ocrx_word' id='word_1_20' title='bbox 989 275 1062 314; x_wconf 91' lang='lat' dir='ltr'>illis</span> <span class='ocrx_word' id='word_1_21' title='bbox 1091 276 1195 323; x_wconf 91' lang='lat' dir='ltr'>dare,</span> <span class='ocrx_word' id='word_1_22' title='bbox 1227 275 1295 326; x_wconf 90' lang='lat' dir='ltr'>qui</span> <span class='ocrx_word' id='word_1_23' title='bbox 1324 288 1406 314; x_wconf 91' lang='lat' dir='ltr'>non</span> <span class='ocrx_word' id='word_1_24' title='bbox 1435 283 1588 326; x_wconf 90' lang='lat' dir='ltr'>ponunt</span> 
     </span>
     <span class='ocr_line' id='line_1_4' title="bbox 192 331 360 369; baseline -0.006 0"><span class='ocrx_word' id='word_1_25' title='bbox 192 331 360 369; x_wconf 79' lang='lat' dir='ltr'>obicem.</span> 
     </span>
    </p>

    <p class='ocr_par' dir='ltr' id='par_1_3' title="bbox 195 384 1586 479">
     <span class='ocr_line' id='line_1_5' title="bbox 251 384 1586 436; baseline -0.002 -12"><span class='ocrx_word' id='word_1_26' title='bbox 251 384 309 436; x_wconf 92' lang='lat'>(2)</span> <span class='ocrx_word' id='word_1_27' title='bbox 341 387 389 424; x_wconf 89' lang='lat' dir='ltr'>In</span> <span class='ocrx_word' id='word_1_28' title='bbox 418 399 540 436; x_wconf 92' lang='lat' dir='ltr'>puero</span> <span class='ocrx_word' id='word_1_29' title='bbox 570 393 658 435; x_wconf 89' lang='lat' dir='ltr'>post</span> <span class='ocrx_word' id='word_1_30' title='bbox 687 385 928 435; x_wconf 88' lang='lat' dir='ltr'>baptismum</span> <span class='ocrx_word' id='word_1_31' title='bbox 959 396 1101 434; x_wconf 88' lang='lat' dir='ltr'>negare</span> <span class='ocrx_word' id='word_1_32' title='bbox 1131 396 1338 422; x_wconf 83' lang='lat' dir='ltr'><strong>remanens</strong></span> <span class='ocrx_word' id='word_1_33' title='bbox 1367 391 1586 434; x_wconf 89' lang='lat' dir='ltr'>peccatum,</span> 
     </span>
     <span class='ocr_line' id='line_1_6' title="bbox 195 438 1123 479; baseline -0.001 -2"><span class='ocrx_word' id='word_1_34' title='bbox 195 447 253 477; x_wconf 88' lang='lat' dir='ltr'>est</span> <span class='ocrx_word' id='word_1_35' title='bbox 276 441 441 477; x_wconf 88' lang='lat' dir='ltr'>Paulum</span> <span class='ocrx_word' id='word_1_36' title='bbox 463 447 500 478; x_wconf 91' lang='lat' dir='ltr'>et</span> <span class='ocrx_word' id='word_1_37' title='bbox 521 440 722 479; x_wconf 86' lang='lat' dir='ltr'>Christum</span> <span class='ocrx_word' id='word_1_38' title='bbox 744 438 860 477; x_wconf 87' lang='lat' dir='ltr'>simul</span> <span class='ocrx_word' id='word_1_39' title='bbox 881 439 1123 476; x_wconf 87' lang='lat' dir='ltr'>conculcare.</span> 
     </span>
    </p>

    <p class='ocr_par' dir='ltr' id='par_1_4' title="bbox 196 492 1584 596">
     <span class='ocr_line' id='line_1_7' title="bbox 251 492 1584 543; baseline -0.003 -11"><span class='ocrx_word' id='word_1_40' title='bbox 251 493 309 542; x_wconf 82' lang='lat'>(3)</span> <span class='ocrx_word' id='word_1_41' title='bbox 340 496 483 532; x_wconf 91' lang='lat' dir='ltr'>Fomes</span> <span class='ocrx_word' id='word_1_42' title='bbox 505 493 668 543; x_wconf 84' lang='lat' dir='ltr'>peccati,</span> <span class='ocrx_word' id='word_1_43' title='bbox 695 492 848 531; x_wconf 85' lang='lat' dir='ltr'>etiamsi</span> <span class='ocrx_word' id='word_1_44' title='bbox 875 493 1028 530; x_wconf 89' lang='lat' dir='ltr'>nullum</span> <span class='ocrx_word' id='word_1_45' title='bbox 1053 493 1157 530; x_wconf 91' lang='lat' dir='ltr'>adsit</span> <span class='ocrx_word' id='word_1_46' title='bbox 1185 492 1339 530; x_wconf 89' lang='lat' dir='ltr'>actuale</span> <span class='ocrx_word' id='word_1_47' title='bbox 1366 499 1584 540; x_wconf 87' lang='lat' dir='ltr'>peccatum,</span> 
     </span>
     <span class='ocr_line' id='line_1_8' title="bbox 196 544 1414 596; baseline -0.001 -12"><span class='ocrx_word' id='word_1_48' title='bbox 196 555 368 586; x_wconf 88' lang='lat' dir='ltr'>moratur</span> <span class='ocrx_word' id='word_1_49' title='bbox 387 556 596 586; x_wconf 76' lang='lat' dir='ltr'>exeuntem</span> <span class='ocrx_word' id='word_1_50' title='bbox 617 561 640 585; x_wconf 90' lang='lat' dir='ltr'>a</span> <span class='ocrx_word' id='word_1_51' title='bbox 660 559 822 596; x_wconf 90' lang='lat' dir='ltr'>corpore</span> <span class='ocrx_word' id='word_1_52' title='bbox 842 545 1014 584; x_wconf 87' lang='lat' dir='ltr'>animam</span> <span class='ocrx_word' id='word_1_53' title='bbox 1035 546 1085 584; x_wconf 92' lang='lat' dir='ltr'>ab</span> <span class='ocrx_word' id='word_1_54' title='bbox 1107 545 1281 595; x_wconf 86' lang='lat' dir='ltr'>ingressu</span> <span class='ocrx_word' id='word_1_55' title='bbox 1301 544 1414 583; x_wconf 91' lang='lat' dir='ltr'>coeli.</span> 
     </span>
    </p>

    <p class='ocr_par' dir='ltr' id='par_1_5' title="bbox 195 598 1588 760">
     <span class='ocr_line' id='line_1_9' title="bbox 249 598 1588 652; baseline -0.003 -12"><span class='ocrx_word' id='word_1_56' title='bbox 249 601 310 652; x_wconf 88' lang='lat'>(4)</span> <span class='ocrx_word' id='word_1_57' title='bbox 341 603 578 651; x_wconf 84' lang='lat' dir='ltr'>Imperfecta</span> <span class='ocrx_word' id='word_1_58' title='bbox 606 600 745 639; x_wconf 88' lang='lat' dir='ltr'>caritas</span> <span class='ocrx_word' id='word_1_59' title='bbox 776 599 951 638; x_wconf 89' lang='lat' dir='ltr'>morituri</span> <span class='ocrx_word' id='word_1_60' title='bbox 985 601 1058 638; x_wconf 87' lang='lat' dir='ltr'>fert</span> <span class='ocrx_word' id='word_1_61' title='bbox 1091 613 1226 638; x_wconf 88' lang='lat' dir='ltr'>secum</span> <span class='ocrx_word' id='word_1_62' title='bbox 1261 598 1481 637; x_wconf 88' lang='lat' dir='ltr'>necessario</span> <span class='ocrx_word' id='word_1_63' title='bbox 1511 612 1588 637; x_wconf 84' lang='lat' dir='ltr'>ma-</span> 
     </span>
     <span class='ocr_line' id='line_1_10' title="bbox 195 652 1585 705; baseline -0.001 -13"><span class='ocrx_word' id='word_1_64' title='bbox 195 668 316 704; x_wconf 83' lang='lat' dir='ltr'>gnum</span> <span class='ocrx_word' id='word_1_65' title='bbox 338 655 531 701; x_wconf 83' lang='lat' dir='ltr'>timorem,</span> <span class='ocrx_word' id='word_1_66' title='bbox 555 655 621 705; x_wconf 89' lang='lat' dir='ltr'>qui</span> <span class='ocrx_word' id='word_1_67' title='bbox 643 667 684 693; x_wconf 89' lang='lat' dir='ltr'>se</span> <span class='ocrx_word' id='word_1_68' title='bbox 705 656 790 693; x_wconf 87' lang='lat' dir='ltr'>solo</span> <span class='ocrx_word' id='word_1_69' title='bbox 817 655 908 692; x_wconf 86' lang='lat' dir='ltr'>satis</span> <span class='ocrx_word' id='word_1_70' title='bbox 930 661 988 693; x_wconf 88' lang='lat' dir='ltr'>est</span> <span class='ocrx_word' id='word_1_71' title='bbox 1012 655 1139 693; x_wconf 84' lang='lat' dir='ltr'>facere</span> <span class='ocrx_word' id='word_1_72' title='bbox 1165 666 1335 704; x_wconf 90' lang='lat' dir='ltr'>poenam</span> <span class='ocrx_word' id='word_1_73' title='bbox 1362 652 1585 704; x_wconf 87' lang='lat' dir='ltr'>purgatorii,</span> 
     </span>
     <span class='ocr_line' id='line_1_11' title="bbox 195 708 779 760; baseline -0.003 -12"><span class='ocrx_word' id='word_1_74' title='bbox 195 717 233 748; x_wconf 86' lang='lat' dir='ltr'>et</span> <span class='ocrx_word' id='word_1_75' title='bbox 255 709 419 760; x_wconf 90' lang='lat' dir='ltr'>impedit</span> <span class='ocrx_word' id='word_1_76' title='bbox 438 709 637 748; x_wconf 90' lang='lat' dir='ltr'>introitum</span> <span class='ocrx_word' id='word_1_77' title='bbox 660 708 779 758; x_wconf 87' lang='lat' dir='ltr'>regni.</span> 
     </span>
    </p>

    <p class='ocr_par' dir='ltr' id='par_1_6' title="bbox 195 761 1586 921">
     <span class='ocr_line' id='line_1_12' title="bbox 251 761 1585 814; baseline -0.002 -13"><span class='ocrx_word' id='word_1_78' title='bbox 251 764 263 809; x_wconf 79' lang='lat'><em>&lt;</em></span> <span class='ocrx_word' id='word_1_79' title='bbox 270 763 310 814; x_wconf 88' lang='lat'>5)</span> <span class='ocrx_word' id='word_1_80' title='bbox 339 765 436 801; x_wconf 85' lang='lat' dir='ltr'>Tres</span> <span class='ocrx_word' id='word_1_81' title='bbox 450 776 535 802; x_wconf 90' lang='lat' dir='ltr'>esse</span> <span class='ocrx_word' id='word_1_82' title='bbox 550 771 678 813; x_wconf 90' lang='lat' dir='ltr'>partes</span> <span class='ocrx_word' id='word_1_83' title='bbox 692 762 974 812; x_wconf 89' lang='lat' dir='ltr'>poenitentiae:</span> <span class='ocrx_word' id='word_1_84' title='bbox 998 761 1585 808; x_wconf 88' lang='lat' dir='ltr'>contritionem,confessionem</span> 
     </span>
     <span class='ocr_line' id='line_1_13' title="bbox 195 814 1586 865; baseline -0.001 -10"><span class='ocrx_word' id='word_1_85' title='bbox 195 826 234 855; x_wconf 92' lang='lat' dir='ltr'>et</span> <span class='ocrx_word' id='word_1_86' title='bbox 250 817 567 863; x_wconf 82' lang='lat' dir='ltr'>satisfactionem,</span> <span class='ocrx_word' id='word_1_87' title='bbox 591 830 670 855; x_wconf 89' lang='lat' dir='ltr'>non</span> <span class='ocrx_word' id='word_1_88' title='bbox 700 824 758 855; x_wconf 90' lang='lat' dir='ltr'>est</span> <span class='ocrx_word' id='word_1_89' title='bbox 785 817 993 854; x_wconf 88' lang='lat' dir='ltr'>fundatum</span> <span class='ocrx_word' id='word_1_90' title='bbox 1015 815 1055 853; x_wconf 91' lang='lat' dir='ltr'>in</span> <span class='ocrx_word' id='word_1_91' title='bbox 1084 828 1192 853; x_wconf 87' lang='lat' dir='ltr'>sacra</span> <span class='ocrx_word' id='word_1_92' title='bbox 1218 814 1415 865; x_wconf 86' lang='lat' dir='ltr'>Scriptura</span> <span class='ocrx_word' id='word_1_93' title='bbox 1443 827 1518 853; x_wconf 90' lang='lat' dir='ltr'>nec</span> <span class='ocrx_word' id='word_1_94' title='bbox 1547 814 1586 853; x_wconf 91' lang='lat' dir='ltr'>in</span> 
     </span>
     <span class='ocr_line' id='line_1_14' title="bbox 195 869 1044 921; baseline -0.002 -12"><span class='ocrx_word' id='word_1_95' title='bbox 195 871 366 921; x_wconf 85' lang='lat' dir='ltr'>antiquis</span> <span class='ocrx_word' id='word_1_96' title='bbox 388 870 530 909; x_wconf 89' lang='lat' dir='ltr'>sanctis</span> <span class='ocrx_word' id='word_1_97' title='bbox 552 870 784 911; x_wconf 88' lang='lat' dir='ltr'>Christianis</span> <span class='ocrx_word' id='word_1_98' title='bbox 805 869 1044 908; x_wconf 87' lang='lat' dir='ltr'>doctoribus.</span> 
     </span>
    </p>

    <p class='ocr_par' dir='ltr' id='par_1_7' title="bbox 195 922 1585 1244">
     <span class='ocr_line' id='line_1_15' title="bbox 252 922 1585 975; baseline -0.002 -13"><span class='ocrx_word' id='word_1_99' title='bbox 252 928 309 975; x_wconf 78' lang='lat'>(6)</span> <span class='ocrx_word' id='word_1_100' title='bbox 338 924 546 971; x_wconf 90' lang='lat' dir='ltr'>Contritio,</span> <span class='ocrx_word' id='word_1_101' title='bbox 578 937 680 974; x_wconf 90' lang='lat' dir='ltr'>quae</span> <span class='ocrx_word' id='word_1_102' title='bbox 709 932 864 973; x_wconf 86' lang='lat' dir='ltr'>paratur</span> <span class='ocrx_word' id='word_1_103' title='bbox 898 937 965 973; x_wconf 89' lang='lat' dir='ltr'>per</span> <span class='ocrx_word' id='word_1_104' title='bbox 999 923 1298 970; x_wconf 83' lang='lat' dir='ltr'>discussionem,</span> <span class='ocrx_word' id='word_1_105' title='bbox 1334 922 1585 961; x_wconf 89' lang='lat' dir='ltr'>collationem</span> 
     </span>
     <span class='ocr_line' id='line_1_16' title="bbox 197 976 1585 1028; baseline -0.002 -11"><span class='ocrx_word' id='word_1_106' title='bbox 197 988 236 1018; x_wconf 93' lang='lat' dir='ltr'>et</span> <span class='ocrx_word' id='word_1_107' title='bbox 256 978 560 1017; x_wconf 87' lang='lat' dir='ltr'>detestationem</span> <span class='ocrx_word' id='word_1_108' title='bbox 583 986 848 1028; x_wconf 87' lang='lat' dir='ltr'>peccatorum,</span> <span class='ocrx_word' id='word_1_109' title='bbox 872 991 950 1027; x_wconf 90' lang='lat' dir='ltr'>qua</span> <span class='ocrx_word' id='word_1_110' title='bbox 970 979 1058 1027; x_wconf 90' lang='lat' dir='ltr'>quis</span> <span class='ocrx_word' id='word_1_111' title='bbox 1079 976 1267 1027; x_wconf 87' lang='lat' dir='ltr'>recogitat</span> <span class='ocrx_word' id='word_1_112' title='bbox 1287 989 1413 1015; x_wconf 87' lang='lat' dir='ltr'>annos</span> <span class='ocrx_word' id='word_1_113' title='bbox 1433 989 1524 1015; x_wconf 86' lang='lat' dir='ltr'>suos</span> <span class='ocrx_word' id='word_1_114' title='bbox 1546 977 1585 1014; x_wconf 88' lang='lat' dir='ltr'>in</span> 
     </span>
     <span class='ocr_line' id='line_1_17' title="bbox 195 1030 1584 1082; baseline -0.002 -11"><span class='ocrx_word' id='word_1_115' title='bbox 195 1033 456 1071; x_wconf 84' lang='lat' dir='ltr'>amaritudine</span> <span class='ocrx_word' id='word_1_116' title='bbox 476 1032 631 1070; x_wconf 88' lang='lat' dir='ltr'>animae</span> <span class='ocrx_word' id='word_1_117' title='bbox 651 1045 755 1078; x_wconf 89' lang='lat' dir='ltr'>suae,</span> <span class='ocrx_word' id='word_1_118' title='bbox 783 1032 1043 1082; x_wconf 89' lang='lat' dir='ltr'>ponderando</span> <span class='ocrx_word' id='word_1_119' title='bbox 1072 1039 1324 1081; x_wconf 89' lang='lat' dir='ltr'>peccatorum</span> <span class='ocrx_word' id='word_1_120' title='bbox 1344 1030 1584 1080; x_wconf 87' lang='lat' dir='ltr'>gravitatem,</span> 
     </span>
     <span class='ocr_line' id='line_1_18' title="bbox 197 1083 1584 1133; baseline -0.002 -8"><span class='ocrx_word' id='word_1_121' title='bbox 197 1086 502 1133; x_wconf 87' lang='lat' dir='ltr'>multitudinem,</span> <span class='ocrx_word' id='word_1_122' title='bbox 535 1087 777 1133; x_wconf 90' lang='lat' dir='ltr'>foeditatem,</span> <span class='ocrx_word' id='word_1_123' title='bbox 810 1085 1063 1123; x_wconf 87' lang='lat' dir='ltr'>amissionem</span> <span class='ocrx_word' id='word_1_124' title='bbox 1102 1092 1284 1123; x_wconf 88' lang='lat' dir='ltr'>aeternae</span> <span class='ocrx_word' id='word_1_125' title='bbox 1318 1083 1584 1130; x_wconf 83' lang='lat' dir='ltr'>beatitudinis,</span> 
     </span>
     <span class='ocr_line' id='line_1_19' title="bbox 195 1137 1585 1189; baseline -0.002 -10"><span class='ocrx_word' id='word_1_126' title='bbox 195 1154 242 1179; x_wconf 87' lang='lat' dir='ltr'>ac</span> <span class='ocrx_word' id='word_1_127' title='bbox 272 1148 453 1179; x_wconf 85' lang='lat' dir='ltr'>aeternae</span> <span class='ocrx_word' id='word_1_128' title='bbox 484 1139 749 1178; x_wconf 85' lang='lat' dir='ltr'>damnationis</span> <span class='ocrx_word' id='word_1_129' title='bbox 783 1138 1096 1189; x_wconf 87' lang='lat' dir='ltr'>acquisitionem,</span> <span class='ocrx_word' id='word_1_130' title='bbox 1137 1140 1234 1177; x_wconf 91' lang='lat' dir='ltr'>haec</span> <span class='ocrx_word' id='word_1_131' title='bbox 1273 1137 1456 1177; x_wconf 91' lang='lat' dir='ltr'>contritio</span> <span class='ocrx_word' id='word_1_132' title='bbox 1495 1138 1585 1177; x_wconf 90' lang='lat' dir='ltr'>facit</span> 
     </span>
     <span class='ocr_line' id='line_1_20' title="bbox 195 1193 977 1244; baseline -0.003 -12"><span class='ocrx_word' id='word_1_133' title='bbox 195 1194 450 1244; x_wconf 86' lang='lat' dir='ltr'>hypocritam,</span> <span class='ocrx_word' id='word_1_134' title='bbox 475 1194 554 1232; x_wconf 91' lang='lat' dir='ltr'>imo</span> <span class='ocrx_word' id='word_1_135' title='bbox 574 1193 696 1243; x_wconf 84' lang='lat' dir='ltr'>magis</span> <span class='ocrx_word' id='word_1_136' title='bbox 716 1201 977 1243; x_wconf 87' lang='lat' dir='ltr'>peccatorem.</span> 
     </span>
    </p>

    <p class='ocr_par' dir='ltr' id='par_1_8' title="bbox 198 1245 1586 1405">
     <span class='ocr_line' id='line_1_21' title="bbox 251 1245 1586 1300; baseline -0.001 -14"><span class='ocrx_word' id='word_1_137' title='bbox 251 1248 310 1300; x_wconf 87' lang='lat'>(7)</span> <span class='ocrx_word' id='word_1_138' title='bbox 340 1248 599 1286; x_wconf 86' lang='lat' dir='ltr'>Verissimum</span> <span class='ocrx_word' id='word_1_139' title='bbox 638 1255 696 1286; x_wconf 88' lang='lat' dir='ltr'>est</span> <span class='ocrx_word' id='word_1_140' title='bbox 735 1246 985 1297; x_wconf 88' lang='lat' dir='ltr'>proverbium</span> <span class='ocrx_word' id='word_1_141' title='bbox 1025 1254 1062 1284; x_wconf 92' lang='lat' dir='ltr'>et</span> <span class='ocrx_word' id='word_1_142' title='bbox 1097 1246 1276 1284; x_wconf 89' lang='lat' dir='ltr'>omnium</span> <span class='ocrx_word' id='word_1_143' title='bbox 1315 1245 1494 1285; x_wconf 89' lang='lat' dir='ltr'>doctrina</span> <span class='ocrx_word' id='word_1_144' title='bbox 1535 1247 1586 1284; x_wconf 89' lang='lat' dir='ltr'>de</span> 
     </span>
     <span class='ocr_line' id='line_1_22' title="bbox 198 1300 1584 1361; baseline -0.001 -21"><span class='ocrx_word' id='word_1_145' title='bbox 198 1302 502 1340; x_wconf 87' lang='lat' dir='ltr'>contritionibus</span> <span class='ocrx_word' id='word_1_146' title='bbox 536 1303 741 1351; x_wconf 86' lang='lat' dir='ltr'>hucusque</span> <span class='ocrx_word' id='word_1_147' title='bbox 776 1303 867 1339; x_wconf 89' lang='lat' dir='ltr'>data</span> <span class='ocrx_word' id='word_1_148' title='bbox 900 1300 1186 1361; x_wconf 83' lang='lat' dir='ltr'>praestantius:</span> <span class='ocrx_word' id='word_1_149' title='bbox 1227 1301 1277 1339; x_wconf 92' lang='lat' dir='ltr'>de</span> <span class='ocrx_word' id='word_1_150' title='bbox 1315 1307 1470 1339; x_wconf 91' lang='lat' dir='ltr'>caetero</span> <span class='ocrx_word' id='word_1_151' title='bbox 1504 1313 1584 1338; x_wconf 90' lang='lat' dir='ltr'>non</span> 
     </span>
     <span class='ocr_line' id='line_1_23' title="bbox 198 1354 1479 1405; baseline -0.002 -11"><span class='ocrx_word' id='word_1_152' title='bbox 198 1358 334 1404; x_wconf 87' lang='lat' dir='ltr'>facere,</span> <span class='ocrx_word' id='word_1_153' title='bbox 353 1369 508 1394; x_wconf 89' lang='lat' dir='ltr'>summa</span> <span class='ocrx_word' id='word_1_154' title='bbox 529 1355 794 1405; x_wconf 86' lang='lat' dir='ltr'>poenitentia:</span> <span class='ocrx_word' id='word_1_155' title='bbox 825 1354 976 1404; x_wconf 87' lang='lat' dir='ltr'>optima</span> <span class='ocrx_word' id='word_1_156' title='bbox 995 1354 1248 1404; x_wconf 87' lang='lat' dir='ltr'>poenitentia,</span> <span class='ocrx_word' id='word_1_157' title='bbox 1270 1367 1373 1393; x_wconf 81' lang='lat' dir='ltr'>nova</span> <span class='ocrx_word' id='word_1_158' title='bbox 1392 1354 1479 1392; x_wconf 91' lang='lat' dir='ltr'>vita.</span> 
     </span>
    </p>

    <p class='ocr_par' dir='ltr' id='par_1_9' title="bbox 195 1407 1586 1610">
     <span class='ocr_line' id='line_1_24' title="bbox 249 1407 1585 1460; baseline -0.001 -12"><span class='ocrx_word' id='word_1_159' title='bbox 249 1409 311 1460; x_wconf 86' lang='lat'>(8)</span> <span class='ocrx_word' id='word_1_160' title='bbox 341 1411 463 1448; x_wconf 92' lang='lat' dir='ltr'>Nullo</span> <span class='ocrx_word' id='word_1_161' title='bbox 481 1411 601 1448; x_wconf 89' lang='lat' dir='ltr'>modo</span> <span class='ocrx_word' id='word_1_162' title='bbox 615 1422 841 1459; x_wconf 87' lang='lat' dir='ltr'>praesumas</span> <span class='ocrx_word' id='word_1_163' title='bbox 858 1409 1035 1446; x_wconf 87' lang='lat' dir='ltr'>confiteri</span> <span class='ocrx_word' id='word_1_164' title='bbox 1057 1416 1219 1458; x_wconf 89' lang='lat' dir='ltr'>peccata</span> <span class='ocrx_word' id='word_1_165' title='bbox 1235 1407 1410 1454; x_wconf 87' lang='lat' dir='ltr'>venialia,</span> <span class='ocrx_word' id='word_1_166' title='bbox 1429 1408 1498 1446; x_wconf 87' lang='lat' dir='ltr'>sed</span> <span class='ocrx_word' id='word_1_167' title='bbox 1512 1421 1585 1446; x_wconf 88' lang='lat' dir='ltr'>nec</span> 
     </span>
     <span class='ocr_line' id='line_1_25' title="bbox 196 1461 1586 1512; baseline -0.002 -10"><span class='ocrx_word' id='word_1_168' title='bbox 196 1464 330 1502; x_wconf 86' lang='lat' dir='ltr'>onmia</span> <span class='ocrx_word' id='word_1_169' title='bbox 365 1463 553 1510; x_wconf 89' lang='lat' dir='ltr'>mortalia,</span> <span class='ocrx_word' id='word_1_170' title='bbox 586 1464 679 1512; x_wconf 89' lang='lat' dir='ltr'>quia</span> <span class='ocrx_word' id='word_1_171' title='bbox 707 1462 952 1512; x_wconf 87' lang='lat' dir='ltr'>impossibile</span> <span class='ocrx_word' id='word_1_172' title='bbox 982 1469 1051 1508; x_wconf 87' lang='lat' dir='ltr'>est,</span> <span class='ocrx_word' id='word_1_173' title='bbox 1082 1469 1124 1500; x_wconf 89' lang='lat' dir='ltr'>ut</span> <span class='ocrx_word' id='word_1_174' title='bbox 1155 1463 1288 1500; x_wconf 88' lang='lat' dir='ltr'>omnia</span> <span class='ocrx_word' id='word_1_175' title='bbox 1318 1461 1496 1500; x_wconf 88' lang='lat' dir='ltr'>mortalia</span> <span class='ocrx_word' id='word_1_176' title='bbox 1525 1475 1586 1499; x_wconf 92' lang='lat' dir='ltr'>co—</span> 
     </span>
     <span class='ocr_line' id='line_1_26' title="bbox 195 1515 1585 1568; baseline -0.001 -13"><span class='ocrx_word' id='word_1_177' title='bbox 195 1531 372 1567; x_wconf 74' lang='lat' dir='ltr'>gnoscas,</span> <span class='ocrx_word' id='word_1_178' title='bbox 433 1519 554 1557; x_wconf 88' lang='lat' dir='ltr'>Unde</span> <span class='ocrx_word' id='word_1_179' title='bbox 574 1517 614 1554; x_wconf 89' lang='lat' dir='ltr'>in</span> <span class='ocrx_word' id='word_1_180' title='bbox 629 1516 823 1568; x_wconf 90' lang='lat' dir='ltr'>primitiva</span> <span class='ocrx_word' id='word_1_181' title='bbox 838 1515 1015 1555; x_wconf 89' lang='lat' dir='ltr'>Ecclesia</span> <span class='ocrx_word' id='word_1_182' title='bbox 1033 1517 1158 1554; x_wconf 88' lang='lat' dir='ltr'>solum</span> <span class='ocrx_word' id='word_1_183' title='bbox 1181 1515 1386 1554; x_wconf 85' lang='lat' dir='ltr'>manifesta</span> <span class='ocrx_word' id='word_1_184' title='bbox 1409 1515 1585 1554; x_wconf 85' lang='lat' dir='ltr'>mortalia</span> 
     </span>
     <span class='ocr_line' id='line_1_27' title="bbox 195 1572 494 1610; baseline 0 -1"><span class='ocrx_word' id='word_1_185' title='bbox 195 1572 494 1610; x_wconf 88' lang='lat' dir='ltr'>confitebantur.</span> 
     </span>
    </p>

    <p class='ocr_par' dir='ltr' id='par_1_10' title="bbox 195 1623 1585 1772">
     <span class='ocr_line' id='line_1_28' title="bbox 249 1623 1582 1676; baseline -0.002 -13"><span class='ocrx_word' id='word_1_186' title='bbox 249 1625 308 1676; x_wconf 87' lang='lat'>(9)</span> <span class='ocrx_word' id='word_1_187' title='bbox 340 1627 446 1663; x_wconf 89' lang='lat' dir='ltr'>Dum</span> <span class='ocrx_word' id='word_1_188' title='bbox 472 1626 654 1663; x_wconf 76' lang='lat' dir='ltr'>volumus</span> <span class='ocrx_word' id='word_1_189' title='bbox 675 1624 808 1662; x_wconf 88' lang='lat' dir='ltr'>omnia</span> <span class='ocrx_word' id='word_1_190' title='bbox 828 1637 924 1674; x_wconf 89' lang='lat' dir='ltr'>pure</span> <span class='ocrx_word' id='word_1_191' title='bbox 950 1624 1140 1670; x_wconf 86' lang='lat' dir='ltr'>confiteri,</span> <span class='ocrx_word' id='word_1_192' title='bbox 1163 1623 1260 1662; x_wconf 92' lang='lat' dir='ltr'>nihil</span> <span class='ocrx_word' id='word_1_193' title='bbox 1280 1624 1387 1662; x_wconf 89' lang='lat' dir='ltr'>aliud</span> <span class='ocrx_word' id='word_1_194' title='bbox 1407 1624 1582 1669; x_wconf 81' lang='lat' dir='ltr'>facimus,</span> 
     </span>
     <span class='ocr_line' id='line_1_29' title="bbox 195 1676 1585 1729; baseline -0.001 -13"><span class='ocrx_word' id='word_1_195' title='bbox 195 1693 312 1728; x_wconf 86' lang='lat' dir='ltr'>quam</span> <span class='ocrx_word' id='word_1_196' title='bbox 345 1681 453 1729; x_wconf 91' lang='lat' dir='ltr'>quod</span> <span class='ocrx_word' id='word_1_197' title='bbox 484 1678 774 1718; x_wconf 87' lang='lat' dir='ltr'>misericordiae</span> <span class='ocrx_word' id='word_1_198' title='bbox 795 1679 871 1717; x_wconf 91' lang='lat' dir='ltr'>Dei</span> <span class='ocrx_word' id='word_1_199' title='bbox 898 1679 995 1716; x_wconf 87' lang='lat' dir='ltr'>nihil</span> <span class='ocrx_word' id='word_1_200' title='bbox 1022 1679 1203 1716; x_wconf 91' lang='lat' dir='ltr'>volumus</span> <span class='ocrx_word' id='word_1_201' title='bbox 1234 1676 1453 1727; x_wconf 88' lang='lat' dir='ltr'>relinquere</span> <span class='ocrx_word' id='word_1_202' title='bbox 1479 1676 1585 1728; x_wconf 84' lang='lat' dir='ltr'>igno-</span> 
     </span>
     <span class='ocr_line' id='line_1_30' title="bbox 195 1735 397 1772; baseline 0.005 -1"><span class='ocrx_word' id='word_1_203' title='bbox 195 1735 397 1772; x_wconf 82' lang='lat' dir='ltr'>scendum.</span> 
     </span>
    </p>

    <p class='ocr_par' dir='ltr' id='par_1_11' title="bbox 195 1785 1585 1997">
     <span class='ocr_line' id='line_1_31' title="bbox 251 1785 1585 1837; baseline -0.001 -12"><span class='ocrx_word' id='word_1_204' title='bbox 251 1788 336 1837; x_wconf 88' lang='lat'>(10)</span> <span class='ocrx_word' id='word_1_205' title='bbox 367 1789 534 1825; x_wconf 84' lang='lat' dir='ltr'>Peccata</span> <span class='ocrx_word' id='word_1_206' title='bbox 553 1800 635 1825; x_wconf 91' lang='lat' dir='ltr'>non</span> <span class='ocrx_word' id='word_1_207' title='bbox 655 1794 746 1825; x_wconf 88' lang='lat' dir='ltr'>sunt</span> <span class='ocrx_word' id='word_1_208' title='bbox 766 1786 833 1824; x_wconf 93' lang='lat' dir='ltr'>ulli</span> <span class='ocrx_word' id='word_1_209' title='bbox 855 1785 1025 1833; x_wconf 87' lang='lat' dir='ltr'>remissa,</span> <span class='ocrx_word' id='word_1_210' title='bbox 1048 1785 1123 1824; x_wconf 90' lang='lat' dir='ltr'>nisi</span> <span class='ocrx_word' id='word_1_211' title='bbox 1139 1786 1362 1824; x_wconf 89' lang='lat' dir='ltr'>remittente</span> <span class='ocrx_word' id='word_1_212' title='bbox 1382 1786 1585 1823; x_wconf 88' lang='lat' dir='ltr'>sacerdote</span> 
     </span>
     <span class='ocr_line' id='line_1_32' title="bbox 197 1838 1584 1889; baseline -0.001 -11"><span class='ocrx_word' id='word_1_213' title='bbox 197 1842 330 1879; x_wconf 85' lang='lat' dir='ltr'>credat</span> <span class='ocrx_word' id='word_1_214' title='bbox 364 1840 439 1878; x_wconf 89' lang='lat' dir='ltr'>sibi</span> <span class='ocrx_word' id='word_1_215' title='bbox 473 1840 617 1879; x_wconf 88' lang='lat' dir='ltr'>remitti</span> <span class='ocrx_word' id='word_1_216' title='bbox 635 1854 644 1888; x_wconf 80' lang='lat'>3</span> <span class='ocrx_word' id='word_1_217' title='bbox 693 1840 773 1878; x_wconf 91' lang='lat' dir='ltr'>imo</span> <span class='ocrx_word' id='word_1_218' title='bbox 812 1847 1019 1889; x_wconf 87' lang='lat' dir='ltr'>peccatum</span> <span class='ocrx_word' id='word_1_219' title='bbox 1053 1847 1241 1887; x_wconf 90' lang='lat' dir='ltr'>maneret,</span> <span class='ocrx_word' id='word_1_220' title='bbox 1276 1838 1350 1877; x_wconf 90' lang='lat' dir='ltr'>nisi</span> <span class='ocrx_word' id='word_1_221' title='bbox 1379 1838 1584 1877; x_wconf 88' lang='lat' dir='ltr'>remissum</span> 
     </span>
     <span class='ocr_line' id='line_1_33' title="bbox 195 1891 1583 1943; baseline -0.001 -11"><span class='ocrx_word' id='word_1_222' title='bbox 195 1896 371 1932; x_wconf 90' lang='lat' dir='ltr'>crederet</span> <span class='ocrx_word' id='word_1_223' title='bbox 390 1910 396 1932; x_wconf 95' lang='lat'>:</span> <span class='ocrx_word' id='word_1_224' title='bbox 428 1907 508 1932; x_wconf 87' lang='lat' dir='ltr'>non</span> <span class='ocrx_word' id='word_1_225' title='bbox 529 1894 634 1932; x_wconf 88' lang='lat' dir='ltr'>enim</span> <span class='ocrx_word' id='word_1_226' title='bbox 656 1893 797 1932; x_wconf 89' lang='lat' dir='ltr'>sufficit</span> <span class='ocrx_word' id='word_1_227' title='bbox 818 1893 995 1932; x_wconf 85' lang='lat' dir='ltr'>remissio</span> <span class='ocrx_word' id='word_1_228' title='bbox 1015 1894 1165 1943; x_wconf 90' lang='lat' dir='ltr'>peccati</span> <span class='ocrx_word' id='word_1_229' title='bbox 1186 1901 1224 1932; x_wconf 91' lang='lat' dir='ltr'>et</span> <span class='ocrx_word' id='word_1_230' title='bbox 1243 1892 1389 1943; x_wconf 82' lang='lat' dir='ltr'>gratiae</span> <span class='ocrx_word' id='word_1_231' title='bbox 1409 1891 1583 1939; x_wconf 86' lang='lat' dir='ltr'>donatio,</span> 
     </span>
     <span class='ocr_line' id='line_1_34' title="bbox 196 1948 1099 1997; baseline -0.002 -11"><span class='ocrx_word' id='word_1_232' title='bbox 196 1949 265 1986; x_wconf 85' lang='lat' dir='ltr'>sed</span> <span class='ocrx_word' id='word_1_233' title='bbox 287 1955 440 1997; x_wconf 84' lang='lat' dir='ltr'>oportet</span> <span class='ocrx_word' id='word_1_234' title='bbox 462 1949 577 1985; x_wconf 88' lang='lat' dir='ltr'>etiam</span> <span class='ocrx_word' id='word_1_235' title='bbox 600 1949 757 1986; x_wconf 88' lang='lat' dir='ltr'>credere</span> <span class='ocrx_word' id='word_1_236' title='bbox 778 1960 862 1986; x_wconf 90' lang='lat' dir='ltr'>esse</span> <span class='ocrx_word' id='word_1_237' title='bbox 883 1948 1099 1985; x_wconf 88' lang='lat' dir='ltr'>remissum.</span> 
     </span>
    </p>

    <p class='ocr_par' dir='ltr' id='par_1_12' title="bbox 196 1999 1584 2265">
     <span class='ocr_line' id='line_1_35' title="bbox 251 1999 1582 2051; baseline -0.001 -13"><span class='ocrx_word' id='word_1_238' title='bbox 251 2001 286 2051; x_wconf 91' lang='lat'>(1</span> <span class='ocrx_word' id='word_1_239' title='bbox 300 2001 336 2051; x_wconf 92' lang='lat'>1)</span> <span class='ocrx_word' id='word_1_240' title='bbox 367 2002 488 2039; x_wconf 91' lang='lat' dir='ltr'>Nullo</span> <span class='ocrx_word' id='word_1_241' title='bbox 503 2003 623 2040; x_wconf 92' lang='lat' dir='ltr'>modo</span> <span class='ocrx_word' id='word_1_242' title='bbox 640 2002 817 2040; x_wconf 89' lang='lat' dir='ltr'>confidas</span> <span class='ocrx_word' id='word_1_243' title='bbox 833 2001 983 2039; x_wconf 87' lang='lat' dir='ltr'>absolvi</span> <span class='ocrx_word' id='word_1_244' title='bbox 999 2008 1157 2050; x_wconf 90' lang='lat' dir='ltr'>propter</span> <span class='ocrx_word' id='word_1_245' title='bbox 1170 2007 1277 2038; x_wconf 91' lang='lat' dir='ltr'>tuam</span> <span class='ocrx_word' id='word_1_246' title='bbox 1293 1999 1582 2046; x_wconf 88' lang='lat' dir='ltr'>contritionem,</span> 
     </span>
     <span class='ocr_line' id='line_1_36' title="bbox 197 2052 1584 2104; baseline -0.002 -11"><span class='ocrx_word' id='word_1_247' title='bbox 197 2056 266 2093; x_wconf 89' lang='lat' dir='ltr'>sed</span> <span class='ocrx_word' id='word_1_248' title='bbox 287 2063 444 2104; x_wconf 87' lang='lat' dir='ltr'>propter</span> <span class='ocrx_word' id='word_1_249' title='bbox 464 2055 626 2093; x_wconf 89' lang='lat' dir='ltr'>verbum</span> <span class='ocrx_word' id='word_1_250' title='bbox 650 2054 794 2094; x_wconf 86' lang='lat' dir='ltr'>Christi</span> <span class='ocrx_word' id='word_1_251' title='bbox 815 2070 821 2093; x_wconf 92' lang='lat'>:</span> <span class='ocrx_word' id='word_1_252' title='bbox 853 2055 1148 2103; x_wconf 84' lang='lat' dir='ltr'>Quodcumque</span> <span class='ocrx_word' id='word_1_253' title='bbox 1169 2052 1338 2099; x_wconf 88' lang='lat' dir='ltr'>solveris,</span> <span class='ocrx_word' id='word_1_254' title='bbox 1355 2061 1428 2091; x_wconf 82' lang='lat' dir='ltr'>etc,</span> <span class='ocrx_word' id='word_1_255' title='bbox 1451 2052 1584 2103; x_wconf 90' lang='lat' dir='ltr'>(Matt.</span> 
     </span>
     <span class='ocr_line' id='line_1_37' title="bbox 196 2106 1584 2158; baseline -0.001 -12"><span class='ocrx_word' id='word_1_256' title='bbox 196 2109 268 2146; x_wconf 82' lang='lat' dir='ltr'>xvi.</span> <span class='ocrx_word' id='word_1_257' title='bbox 306 2112 381 2157; x_wconf 86' lang='lat'>19).</span> <span class='ocrx_word' id='word_1_258' title='bbox 442 2108 534 2155; x_wconf 90' lang='lat' dir='ltr'>Hic,</span> <span class='ocrx_word' id='word_1_259' title='bbox 568 2110 740 2158; x_wconf 90' lang='lat' dir='ltr'>inquam,</span> <span class='ocrx_word' id='word_1_260' title='bbox 771 2109 939 2155; x_wconf 87' lang='lat' dir='ltr'>confide,</span> <span class='ocrx_word' id='word_1_261' title='bbox 973 2107 1003 2146; x_wconf 93' lang='lat' dir='ltr'>si</span> <span class='ocrx_word' id='word_1_262' title='bbox 1033 2108 1246 2146; x_wconf 90' lang='lat' dir='ltr'>sacerdotis</span> <span class='ocrx_word' id='word_1_263' title='bbox 1275 2106 1490 2145; x_wconf 90' lang='lat' dir='ltr'>obtinueris</span> <span class='ocrx_word' id='word_1_264' title='bbox 1519 2107 1584 2145; x_wconf 91' lang='lat' dir='ltr'>ab·</span> 
     </span>
     <span class='ocr_line' id='line_1_38' title="bbox 197 2160 1584 2209; baseline -0.001 -9"><span class='ocrx_word' id='word_1_265' title='bbox 197 2162 447 2208; x_wconf 82' lang='lat' dir='ltr'>solutionem,</span> <span class='ocrx_word' id='word_1_266' title='bbox 474 2170 511 2199; x_wconf 88' lang='lat' dir='ltr'>et</span> <span class='ocrx_word' id='word_1_267' title='bbox 541 2163 656 2200; x_wconf 83' lang='lat' dir='ltr'>crede</span> <span class='ocrx_word' id='word_1_268' title='bbox 686 2162 835 2200; x_wconf 88' lang='lat' dir='ltr'>fortiter</span> <span class='ocrx_word' id='word_1_269' title='bbox 868 2169 906 2200; x_wconf 90' lang='lat' dir='ltr'>te</span> <span class='ocrx_word' id='word_1_270' title='bbox 937 2162 1174 2209; x_wconf 87' lang='lat' dir='ltr'>absolutum,</span> <span class='ocrx_word' id='word_1_271' title='bbox 1197 2169 1235 2200; x_wconf 90' lang='lat' dir='ltr'>et</span> <span class='ocrx_word' id='word_1_272' title='bbox 1263 2160 1466 2199; x_wconf 86' lang='lat' dir='ltr'>absolutus</span> <span class='ocrx_word' id='word_1_273' title='bbox 1494 2173 1584 2199; x_wconf 88' lang='lat' dir='ltr'>vere</span> 
     </span>
     <span class='ocr_line' id='line_1_39' title="bbox 197 2215 909 2265; baseline -0.001 -11"><span class='ocrx_word' id='word_1_274' title='bbox 197 2216 282 2262; x_wconf 91' lang='lat' dir='ltr'>eris,</span> <span class='ocrx_word' id='word_1_275' title='bbox 306 2215 500 2265; x_wconf 91' lang='lat' dir='ltr'>quidquid</span> <span class='ocrx_word' id='word_1_276' title='bbox 522 2215 570 2253; x_wconf 84' lang='lat' dir='ltr'>sit</span> <span class='ocrx_word' id='word_1_277' title='bbox 590 2217 640 2253; x_wconf 90' lang='lat' dir='ltr'>de</span> <span class='ocrx_word' id='word_1_278' title='bbox 661 2215 909 2254; x_wconf 87' lang='lat' dir='ltr'>contritione.</span> 
     </span>
    </p>

    <p class='ocr_par' dir='ltr' id='par_1_13' title="bbox 194 2268 1584 2423">
     <span class='ocr_line' id='line_1_40' title="bbox 252 2268 1584 2319; baseline -0.001 -12"><span class='ocrx_word' id='word_1_279' title='bbox 252 2270 337 2319; x_wconf 91' lang='lat'>(12)</span> <span class='ocrx_word' id='word_1_280' title='bbox 368 2270 407 2307; x_wconf 87' lang='lat' dir='ltr'>Si</span> <span class='ocrx_word' id='word_1_281' title='bbox 436 2282 504 2318; x_wconf 86' lang='lat' dir='ltr'>per</span> <span class='ocrx_word' id='word_1_282' title='bbox 535 2268 776 2317; x_wconf 83' lang='lat' dir='ltr'>impossibile</span> <span class='ocrx_word' id='word_1_283' title='bbox 805 2271 1008 2307; x_wconf 89' lang='lat' dir='ltr'>confessus</span> <span class='ocrx_word' id='word_1_284' title='bbox 1041 2282 1122 2306; x_wconf 89' lang='lat' dir='ltr'>non</span> <span class='ocrx_word' id='word_1_285' title='bbox 1151 2275 1253 2306; x_wconf 89' lang='lat' dir='ltr'>esset</span> <span class='ocrx_word' id='word_1_286' title='bbox 1282 2268 1482 2313; x_wconf 89' lang='lat' dir='ltr'>contritus,</span> <span class='ocrx_word' id='word_1_287' title='bbox 1517 2275 1584 2306; x_wconf 87' lang='lat' dir='ltr'>aut</span> 
     </span>
     <span class='ocr_line' id='line_1_41' title="bbox 197 2321 1584 2370; baseline -0.001 -8"><span class='ocrx_word' id='word_1_288' title='bbox 197 2324 380 2362; x_wconf 82' lang='lat' dir='ltr'>sacerdos</span> <span class='ocrx_word' id='word_1_289' title='bbox 419 2335 498 2360; x_wconf 90' lang='lat' dir='ltr'>non</span> <span class='ocrx_word' id='word_1_290' title='bbox 530 2322 641 2368; x_wconf 83' lang='lat' dir='ltr'>serio,</span> <span class='ocrx_word' id='word_1_291' title='bbox 668 2323 738 2360; x_wconf 85' lang='lat' dir='ltr'>sed</span> <span class='ocrx_word' id='word_1_292' title='bbox 767 2323 855 2360; x_wconf 87' lang='lat' dir='ltr'>ioco</span> <span class='ocrx_word' id='word_1_293' title='bbox 884 2323 1128 2370; x_wconf 76' lang='lat' dir='ltr'>absolveret,</span> <span class='ocrx_word' id='word_1_294' title='bbox 1169 2321 1199 2360; x_wconf 90' lang='lat' dir='ltr'>si</span> <span class='ocrx_word' id='word_1_295' title='bbox 1229 2329 1361 2360; x_wconf 89' lang='lat' dir='ltr'>tamen</span> <span class='ocrx_word' id='word_1_296' title='bbox 1382 2321 1515 2360; x_wconf 90' lang='lat' dir='ltr'>credat</span> <span class='ocrx_word' id='word_1_297' title='bbox 1543 2334 1584 2360; x_wconf 87' lang='lat' dir='ltr'>se</span> 
     </span>
     <span class='ocr_line' id='line_1_42' title="bbox 194 2375 966 2423; baseline -0.003 -7"><span class='ocrx_word' id='word_1_298' title='bbox 194 2378 433 2423; x_wconf 90' lang='lat' dir='ltr'>absolutum,</span> <span class='ocrx_word' id='word_1_299' title='bbox 456 2375 654 2413; x_wconf 83' lang='lat' dir='ltr'>verissime</span> <span class='ocrx_word' id='word_1_300' title='bbox 673 2383 730 2413; x_wconf 89' lang='lat' dir='ltr'>est</span> <span class='ocrx_word' id='word_1_301' title='bbox 751 2376 966 2414; x_wconf 84' lang='lat' dir='ltr'>absolutus.</span> 
     </span>
    </p>

    <p class='ocr_par' dir='ltr' id='par_1_14' title="bbox 197 2429 1583 2538">
     <span class='ocr_line' id='line_1_43' title="bbox 252 2429 1583 2480; baseline -0.002 -11"><span class='ocrx_word' id='word_1_302' title='bbox 252 2432 339 2480; x_wconf 87' lang='lat'>(13)</span> <span class='ocrx_word' id='word_1_303' title='bbox 371 2431 419 2468; x_wconf 91' lang='lat' dir='ltr'>In</span> <span class='ocrx_word' id='word_1_304' title='bbox 446 2429 691 2467; x_wconf 83' lang='lat' dir='ltr'>sacramento</span> <span class='ocrx_word' id='word_1_305' title='bbox 712 2429 983 2467; x_wconf 90' lang='lat' dir='ltr'>Poenitentiae</span> <span class='ocrx_word' id='word_1_306' title='bbox 1007 2443 1052 2467; x_wconf 87' lang='lat' dir='ltr'>ac</span> <span class='ocrx_word' id='word_1_307' title='bbox 1080 2429 1307 2468; x_wconf 87' lang='lat' dir='ltr'>remissione</span> <span class='ocrx_word' id='word_1_308' title='bbox 1336 2430 1475 2478; x_wconf 91' lang='lat' dir='ltr'>culpae</span> <span class='ocrx_word' id='word_1_309' title='bbox 1501 2441 1583 2466; x_wconf 86' lang='lat' dir='ltr'>non</span> 
     </span>
     <span class='ocr_line' id='line_1_44' title="bbox 197 2482 1581 2538; baseline -0.002 -15"><span class='ocrx_word' id='word_1_310' title='bbox 197 2487 284 2538; x_wconf 90' lang='lat' dir='ltr'>plus</span> <span class='ocrx_word' id='word_1_311' title='bbox 313 2486 404 2523; x_wconf 88' lang='lat' dir='ltr'>facit</span> <span class='ocrx_word' id='word_1_312' title='bbox 436 2486 542 2536; x_wconf 88' lang='lat' dir='ltr'>Papa</span> <span class='ocrx_word' id='word_1_313' title='bbox 569 2490 637 2521; x_wconf 88' lang='lat' dir='ltr'>aut</span> <span class='ocrx_word' id='word_1_314' title='bbox 667 2483 873 2534; x_wconf 87' lang='lat' dir='ltr'>episcopus</span> <span class='ocrx_word' id='word_1_315' title='bbox 903 2496 1021 2532; x_wconf 87' lang='lat' dir='ltr'>quam</span> <span class='ocrx_word' id='word_1_316' title='bbox 1057 2483 1214 2522; x_wconf 88' lang='lat' dir='ltr'>infimus</span> <span class='ocrx_word' id='word_1_317' title='bbox 1249 2483 1453 2520; x_wconf 79' lang='lat' dir='ltr'>sacerdos:</span> <span class='ocrx_word' id='word_1_318' title='bbox 1490 2482 1581 2529; x_wconf 87' lang='lat' dir='ltr'>imo,</span> 
     </span>
    </p>
   </div>
   <div class='ocr_carea' id='block_1_3' title="bbox 1693 622 1715 2780">
    <p class='ocr_par' dir='ltr' id='par_1_15' title="bbox 1693 622 1715 2780">
     <span class='ocr_line' id='line_1_45' title="bbox 1693 622 1715 2780; baseline 0 0"><span class='ocrx_word' id='word_1_319' title='bbox 1693 622 1715 2780; x_wconf 95' lang='lat' dir='ltr'> </span> 
     </span>
    </p>
   </div>
  </div>
 </body>
</html>
