1715 2780
129 121 177 160 61
429 123 567 161 DIET
599 124 671 162 OF
701 114 1030 172 Nt'JRNBERQ
1067 137 1220 177 1522—3
1455 142 1525 179 115

182 241 216 276 9.
254 228 384 277 Quam
421 228 550 278 inique
587 241 720 267 causae
757 229 952 278 profanae
991 231 1031 268 in
1069 231 1208 280 prima
1246 232 1437 271 instantia
1475 237 1531 273 ad

126 283 350 320 Romanum
388 283 566 321 tribunal
598 283 844 321 iudiciariam
884 285 1107 323 trahantur.
1168 287 1305 334 Quum
1336 316 1344 325 .
1366 317 1373 325 .
1398 318 1404 326 .
1435 288 1527 327 iuris

127 335 226 374 ratio
248 366 255 374 .
278 367 285 374 .
310 367 317 374 .
340 338 513 387 postulet
543 343 586 375 ut
615 336 789 376 distincti
815 337 891 376 sint
912 337 1228 378 iurisdictionum
1251 340 1404 390 limites,
1427 350 1466 381 et
1487 351 1529 381 ut

128 389 294 440 quilibet
325 390 556 430 Ordinarius
587 391 665 430 suis
696 391 744 430 sit
775 391 920 430 finibus
951 401 1172 441 contentuS,
1205 396 1452 447 alterumque
1487 397 1526 435 in

127 446 346 484 exercenda
375 444 645 484 iurisdictione
675 459 755 485 non
785 445 1002 486 disturbet:
1042 447 1205 487 minime
1235 457 1367 489 tamen
1399 451 1530 490 Ponti-

126 498 219 537 fices
251 499 424 538 Romani
445 530 452 537 .
477 529 484 537 .
506 530 513 538 .
535 499 773 550 aequitatem
805 501 907 540 hanc
937 515 1192 541 communem
1217 504 1528 553 considerarunt,

127 553 196 591 sed
218 583 225 590 .
250 583 257 591 .
281 583 289 592 .
311 554 363 592 ad
387 553 620 604 petitionem
646 568 902 604 personarum
930 556 1283 596 ecclesiasticarum
1306 560 1426 598 laicos
1448 574 1528 598 non

126 619 211 645 raro
232 606 271 645 in
293 607 420 646 causis
441 607 559 646 etiam
581 608 754 659 profanis
777 640 783 648 .
808 641 815 648 .
840 641 847 648 .
871 618 908 648 et
930 610 968 648 in
997 610 1123 661 prima
1152 612 1315 662 quidem
1343 613 1529 653 instantia

126 674 258 699 coram
292 675 333 700 se
366 663 538 700 Romam
575 662 683 701 citari
706 694 713 702 .
739 694 745 701 .
770 695 777 702 .
801 665 989 703 fecerunt.
1050 667 1165 714 Quae
1195 681 1254 705 res
1283 669 1432 707 nedum
1455 699 1463 707 .
1487 700 1493 707 .
1519 700 1525 706 .

124 713 164 752 in
194 714 254 754 ius
284 715 432 754 vocatis
462 718 532 755 sed
562 724 600 755 et
630 717 748 756 totius
781 719 954 757 Romani
986 720 1146 770 Imperii
1175 721 1393 761 Ordinibus
1424 723 1529 762 cedit

124 799 131 806 .
153 799 160 808 .
180 799 187 807 .
206 770 246 807 in
265 799 272 807 .
290 799 297 808 .
314 799 322 808 .
339 770 555 820 perniciem
579 797 590 809 e
608 800 615 808 .
638 800 644 807 .
666 786 712 810 ac
735 802 740 809 .
761 801 791 810 ..
810 772 1089 812 iurisdictionis
1112 805 1119 812 .
1144 806 1151 813 .
1176 806 1182 813 .
1206 775 1525 816 diminutionem.

184 837 245 862 10.
275 825 378 863 Item
417 838 509 864 cum
540 827 695 864 Romae
734 826 941 877 quispiam,
975 827 1092 866 etiam
1128 829 1261 878 laicus,
1294 831 1526 881 interposito

126 878 348 917 iuramento
395 879 532 918 asserit
580 893 621 918 se
660 894 742 918 non
783 894 938 931 sperare
977 881 1165 921 iustitiam
1205 886 1312 934 apud
1352 885 1524 925 iudicem

125 940 418 982 competentem
457 933 498 971 in
537 934 751 973 Germania
784 935 940 986 assequi
972 949 1113 986 posse3
1152 938 1330 988 protinus
1365 941 1415 979 ad
1451 943 1527 979 tale

124 984 387 1026 iuramentum
418 987 638 1027 admittitur
665 1003 712 1028 ac
742 989 876 1028 citatio
906 990 942 1029 ei
971 999 1108 1030 contra
1138 1000 1288 1042 partem
1318 995 1524 1033 adversam

124 1040 358 1079 decernitur.
417 1041 561 1092 Sicque
582 1056 788 1093 processus
809 1057 832 1082 a
852 1044 983 1083 iudice
1005 1046 1216 1085 Ordinario
1238 1061 1284 1086 ex
1311 1049 1526 1088 Germania

125 1095 310 1143 Romam,
351 1109 425 1134 nec
463 1096 594 1135 iudice
633 1097 880 1148 interpellato
912 1112 986 1137 nec
1025 1108 1133 1150 parte
1171 1103 1335 1141 adversa
1375 1104 1526 1142 monita

124 1149 385 1198 protrahitur:
426 1149 518 1189 inde
548 1150 756 1190 iuramenti
787 1160 989 1202 praetextu
1020 1168 1093 1192 nec
1114 1154 1186 1193 fori
1217 1156 1430 1195 declinatio
1451 1171 1525 1197 nec

126 1204 202 1241 ulla
230 1203 450 1242 admittitur
478 1206 671 1255 probatio.
694 1236 700 1243 .
723 1235 730 1243 .
753 1236 760 1244 .
783 1208 897 1255 Quae
919 1221 978 1246 res
1009 1208 1039 1246 si
1068 1208 1183 1247 altius
1214 1210 1365 1249 radices
1395 1220 1526 1261 ageret

213 1270 351 1296 omnes
386 1259 547 1297 tandem
583 1273 724 1298 causae
757 1262 808 1299 ad
844 1262 1052 1300 Romanae
1084 1263 1227 1302 Curiae
1262 1264 1432 1304 tribunal
1463 1268 1527 1305 de-

123 1312 384 1361 volverentur,
406 1312 684 1364 Ordinariique
705 1314 874 1353 universi
895 1329 965 1353 sua
985 1316 1229 1366 privarentur
1245 1319 1526 1359 iurisdictione.

124 1395 132 1403 .
155 1395 162 1403 .
185 1396 192 1404 .
211 1367 269 1404 Ea
288 1374 447 1417 propter
467 1368 502 1406 S.
521 1369 569 1407 R.
588 1369 618 1406 1.
649 1376 773 1407 status
796 1399 802 1407 .
825 1400 832 1407 .
855 1399 862 1407 .
884 1369 1053 1420 rogitant
1076 1401 1082 1409 .
1107 1401 1113 1409 .
1136 1402 1142 1409 .
1166 1380 1207 1410 ut
1229 1373 1375 1412 dehinc
1406 1388 1525 1414 nemo

124 1420 267 1459 ...ob
297 1434 455 1459 causam
486 1423 703 1472 profanam,
736 1423 775 1461 in
806 1423 932 1474 prima
961 1424 1157 1473 instantia,
1191 1428 1364 1466 Romam
1395 1428 1435 1466 in
1466 1429 1524 1467 ius

123 1481 293 1522 vocetur,
321 1476 391 1514 sed
415 1489 606 1526 personae
636 1484 674 1515 et
704 1491 846 1516 causae
877 1479 950 1517 hae
980 1479 1178 1519 ordinario
1209 1481 1340 1529 iudici,
1364 1482 1427 1521 cui
1458 1485 1526 1521 im-

124 1528 294 1567 mediate
315 1529 531 1578 subiacent,
555 1531 835 1582 relinquantur.
859 1562 865 1569 .
889 1562 895 1569 .
919 1562 926 1570 .

183 1596 240 1632 13.
275 1584 361 1632 Quo
372 1590 487 1633 pacto
506 1586 694 1623 Ecclesiae
705 1588 886 1636 praelati
900 1616 906 1623 .
922 1617 929 1624 .
947 1617 954 1625 .
971 1601 1018 1626 ex
1030 1590 1307 1640 Episcoporum
1320 1592 1524 1630 ordinaria

122 1636 380 1676 iurisdictione
400 1666 408 1675 .
431 1668 438 1676 .
461 1667 467 1674 .
489 1639 721 1678 eximantur.
780 1642 948 1692 Insuper
969 1649 1007 1680 et
1034 1644 1111 1681 hoc
1139 1643 1355 1683 moliuntur
1380 1646 1524 1683 summi

124 1690 337 1730 Pontifices
367 1693 605 1731 monasteria
633 1693 784 1744 aliquot
813 1695 1035 1744 eximendo,
1066 1704 1108 1735 ut
1138 1698 1189 1735 ab
1219 1698 1521 1749 Episcoporum,

123 1758 259 1783 eorum
294 1745 443 1785 scilicet
477 1747 763 1786 ordinariorum
797 1762 843 1787 ac
883 1751 1135 1789 defensorum
1176 1760 1524 1804 protectorumque

122 1798 300 1847 aliorum,
324 1799 594 1840 iurisdictione
625 1801 677 1840 ita
707 1803 889 1853 exempti,
914 1805 1129 1843 reddantur
1156 1805 1365 1854 immunes,
1389 1807 1524 1847 imme-

123 1852 310 1903 diateque
330 1854 561 1893 subiaceant
578 1856 671 1894 Sedi
687 1857 944 1906 Apostolicae
961 1874 967 1897 ε
999 1873 1100 1909 quae
1121 1873 1180 1898 res
1194 1874 1275 1899 non
1291 1868 1443 1899 tantum
1463 1894 1469 1901 .
1489 1893 1496 1900 .
1514 1894 1520 1900 .

124 1907 341 1946 Ordinariis
364 1937 371 1946 .
393 1938 401 1947 .
428 1938 435 1946 .
458 1911 527 1948 sed
549 1917 587 1948 et
608 1910 679 1948 toti
702 1912 749 1948 R.
766 1913 796 1949 Ι.
817 1912 923 1950 cedit
944 1912 982 1950 in
1005 1912 1193 1952 iacturam
1209 1929 1219 1963 3
1258 1922 1341 1953 tum
1364 1918 1525 1966 quando

123 1961 281 2000 collatio
319 1963 554 2012 pecuniaria,
588 1978 658 2014 pro
698 1965 859 2015 Imperii
898 1968 1141 2015 necessitate,
1179 1968 1320 2007 viritim
1363 1971 1523 2021 Imperii

123 2014 295 2054 Statibus
325 2016 521 2056 indicitur.
580 2020 641 2056 Ita
680 2019 785 2057 enim
816 2021 858 2058 fit
887 2028 929 2059 ut
959 2021 1032 2071 ipsi
1062 2036 1130 2072 per
1169 2036 1209 2061 se
1247 2023 1299 2061 ab
1337 2025 1524 2063 oneribus

125 2069 292 2118 publicis
322 2071 493 2121 exempti
523 2071 773 2112 immunitate
793 2087 863 2112 sua
882 2077 1094 2125 gaudeant.
1154 2077 1312 2116 Dehinc
1334 2108 1341 2115 .
1365 2108 1371 2116 .
1395 2108 1401 2115 .
1426 2080 1472 2116 R.
1494 2081 1523 2116 I.

125 2130 378 2163 attenuantur
407 2126 525 2164 nervi.
560 2155 566 2163 .
587 2156 595 2164 .
619 2157 625 2164 .
657 2129 909 2178 Quapropter
939 2159 946 2167 .
969 2160 976 2167 .
998 2160 1005 2167 .
1037 2132 1169 2169 Status
1191 2139 1329 2181 rogant
1350 2134 1521 2182 praefata

125 2189 244 2216 onera
264 2179 559 2229 exemptionum
581 2181 818 2231 abroganda.
843 2212 850 2220 .
873 2212 880 2220 .

184 2244 239 2278 14.
270 2233 335 2270 De
363 2236 624 2273 attenuatione
657 2237 756 2274 iuris
787 2239 891 2285 quod
931 2244 1068 2276 vocant
1098 2245 1348 2288 patronatus.
1407 2242 1519 2286 Item,

124 2295 247 2333 quum
277 2299 345 2336 per
374 2295 518 2327 mortes
548 2302 819 2339 possessorum
850 2304 920 2340 pro
951 2299 1129 2342 tempore
1164 2293 1357 2332 beneficia
1388 2307 1525 2332 vacare

125 2336 328 2388 incipiunt,
351 2353 520 2390 quorum
550 2343 610 2381 ius
642 2350 871 2393 patronatus
901 2347 952 2384 ad
982 2346 1103 2385 laicos
1133 2354 1284 2397 spectat
1312 2361 1379 2386 seu
1401 2349 1522 2385 eccle-

126 2390 312 2440 siasticos,
345 2401 428 2432 tum
458 2404 651 2435 conantur
680 2405 718 2436 et
749 2399 904 2449 Papalis
935 2400 1129 2438 Sanctitas
1151 2408 1189 2439 et
1210 2401 1293 2439 eius
1316 2430 1322 2437 .
1346 2430 1353 2438 .
1377 2429 1384 2437 .
1406 2401 1521 2450 legati

126 2442 198 2482 iuri
218 2446 309 2485 huic
329 2449 516 2499 derogare
537 2452 614 2489 hoc
636 2452 757 2490 modo
774 2459 816 2490 ut
836 2454 1041 2492 conferant
1061 2454 1256 2492 beneficia
1277 2454 1329 2492 ita
1343 2454 1521 2493 vacantia

125 2498 329 2538 curtisanis
353 2529 361 2539 .
382 2530 389 2539 .
412 2531 420 2541 .
442 2503 494 2541 ita
523 2511 565 2541 ut
594 2505 768 2554 patronis
799 2505 892 2555 ipsis
923 2507 981 2545 ius
1007 2520 1120 2546 suum
1147 2508 1423 2557 praesentandi
1453 2522 1520 2558 per

798 2570 811 2596 1
833 2569 854 2598 2
