1715 2780
129 123 195 160 116
386 122 505 159 THE
537 122 674 160 DIET
703 121 774 159 OF
803 121 1123 168 AUGSBURG,
1159 132 1259 171 1530
1448 122 1519 159 281

130 231 271 276 sponte
293 231 333 264 et
356 226 538 264 consulto
565 225 699 264 vovit?
759 236 817 274 17.
847 226 1007 264 Puellae
1033 232 1071 263 et
1099 225 1384 272 adolescentes,
1406 224 1529 274 prius-

130 292 248 330 quam
275 278 448 318 iudicare
473 286 650 330 possunt,
678 280 963 330 persuadentur
986 280 1037 317 ad
1064 279 1301 325 vovendum,
1325 277 1523 316 interdum

130 332 247 372 etiam
267 340 470 384 coguntur.
530 335 663 382 Quare
684 346 763 372 non
789 340 847 372 est
867 346 1039 383 aequum
1060 340 1140 370 tam
1161 332 1284 382 rigide
1311 333 1361 371 de
1380 332 1525 382 obliga-

130 387 237 426 tione
267 387 477 437 disputare‚
513 400 637 437 quum
668 400 806 426 omnes
841 388 1034 425 fateantur
1065 393 1203 425 contra
1233 386 1313 425 voti
1344 392 1523 424 naturam

130 454 226 488 esse,
248 442 357 491 quod
376 455 457 480 non
477 450 628 491 sponte,
652 442 759 492 quod
781 441 1006 480 inconsulto
1025 440 1254 479 admittitur.

188 497 248 534 18.
279 495 462 545 Plerique
482 495 668 535 Canones
688 495 915 534 rescindunt
939 502 1030 533 vota
1058 502 1150 533 ante
1170 508 1319 532 annum
1337 496 1413 531 XV
1435 507 1525 531 con-

131 556 262 597 tracta,
285 550 377 600 quia
396 556 489 588 ante
509 549 615 588 illam
636 557 806 588 aetatem
827 563 909 588 non
928 550 1083 588 videtur
1103 556 1256 587 tantum
1278 561 1364 587 esse
1389 547 1524 586 iudicii

131 611 174 642 ut
201 604 252 642 de
277 610 466 654 perpetua
489 604 567 642 vita
591 603 775 642 constitui
800 603 934 654 possit.
993 602 1105 641 Alius
1133 604 1285 649 Canon,
1317 604 1406 652 plus
1436 615 1526 640 con-

131 658 276 696 cedens
297 657 503 696 hominum
520 657 791 705 imbecillitati,
814 659 925 696 addit
945 670 1070 696 annos
1090 656 1240 706 aliquot
1255 671 1265 704 ,-
1294 664 1399 695 vetat
1419 657 1524 694 enim

131 719 222 751 ante
259 725 407 750 annum
453 713 600 750 XVIII
646 719 781 750 votum
823 713 914 750 fieri.
993 712 1072 750 Sed
1117 719 1247 749 utrum
1292 724 1525 760 sequemur:

131 765 300 804 maxima
337 779 424 815 pars
462 766 582 805 habet
620 766 914 804 excusationem
954 778 1022 803 cur
1054 766 1291 804 monasteria
1329 766 1523 811 deserant,

130 819 222 869 quia
241 821 398 870 plurimi
418 827 509 859 ante
530 821 632 858 hanc
652 827 822 858 aetatem
843 827 1046 858 voverunt.

189 888 247 923 19.
277 875 485 922 Postremo,
507 874 660 913 etiamsi
676 874 756 913 voti
777 874 937 913 violatio
964 874 1197 923 reprehendi
1224 880 1368 923 posset,
1392 880 1526 910 tamen

131 941 211 967 non
241 927 394 967 videtur
428 929 559 967 statim
595 928 706 978 sequi
736 929 845 978 quod
875 927 1057 978 coniugia
1090 927 1227 966 talium
1267 940 1523 977 personarum

131 982 383 1021 dissolvenda
421 982 508 1021 sint.
568 984 672 1021 Nam
713 981 982 1033 Augustinus¹
1014 989 1130 1032 negat
1165 981 1311 1020 debere
1350 979 1523 1026 dissolvi,

131 1038 292 1075 XXVII
315 1044 463 1086 quaest.
488 1038 507 1075 I
525 1038 622 1087 Cap.
645 1037 890 1086 Mcplz'cmmz
907 1051 916 1084 3
946 1035 1056 1074 cuius
1077 1049 1157 1074 non
1183 1043 1241 1074 est
1269 1035 1364 1074 levis
1394 1041 1526 1073 aucto-

130 1089 231 1138 ritas,
254 1090 407 1129 etiamsi
422 1090 486 1129 alii
507 1098 645 1141 postea
664 1091 774 1130 aliter
794 1098 1011 1129 senserunt.

188 1158 247 1182 20.
280 1146 533 1194 Quamquam
555 1152 686 1183 autem
708 1146 940 1183 mandatum
971 1144 1046 1183 Dei
1070 1145 1120 1182 de
1145 1143 1328 1193 coniugio
1349 1142 1526 1181 videatur

130 1199 338 1249 plerosque
359 1198 522 1238 liberare
542 1212 565 1237 a
584 1199 696 1246 votis,
718 1206 851 1237 tamen
871 1200 1038 1237 afferunt
1064 1197 1186 1236 nostri
1213 1205 1250 1236 et
1277 1197 1394 1235 aliam
1415 1196 1527 1235 ratio-

132 1265 223 1291 nem
262 1254 313 1291 de
346 1252 459 1300 votis,
493 1254 601 1303 quod
636 1253 713 1291 sint
747 1253 877 1291 irrita:
908 1252 1001 1302 quia
1031 1251 1161 1291 omnis
1193 1253 1321 1290 cultus
1353 1250 1440 1297 Dei,
1474 1250 1525 1289 ab

131 1306 358 1345 hominibus
381 1308 465 1346 sine
486 1308 674 1346 mandato
697 1306 772 1346 Dei
793 1307 993 1345 institutus
1014 1314 1052 1345 et
1072 1308 1219 1345 electus
1232 1307 1283 1344 ad
1304 1318 1527 1355 promeren-

131 1361 222 1399 dam
243 1360 562 1400 iustificationem
590 1369 628 1400 et
651 1361 826 1411 gratiam,
855 1361 999 1411 impius
1024 1368 1092 1408 est,
1117 1361 1216 1398 sicut
1245 1360 1424 1399 Christus
1445 1358 1497 1396 ait
1518 1373 1525 1396 z

131 1416 298 1453 Frustra
324 1417 452 1454 colunt
476 1429 531 1454 me
554 1417 749 1454 mandatis
775 1416 982 1454 hominum.
1043 1429 1102 1452 21.
1135 1416 1185 1452 Et
1213 1415 1358 1452 Paulus
1378 1413 1526 1463 ubique

132 1469 259 1517 docet,
291 1469 477 1508 iustitiam
508 1483 590 1508 non
619 1483 704 1508 esse
738 1471 1005 1519 quaerendam
1038 1482 1084 1507 ex
1116 1468 1258 1506 nostris
1290 1466 1527 1506 observatio—

131 1522 247 1562 nibus
277 1530 315 1562 et
341 1524 524 1572 cultibus,
553 1523 619 1574 qui
645 1523 721 1562 sint
748 1523 956 1574 excogitati
984 1523 1035 1562 ab
1064 1522 1304 1569 hominibus,
1338 1522 1407 1560 sed
1437 1534 1528 1559 con-

131 1577 279 1627 tingere
305 1591 392 1616 eam
419 1591 488 1628 per
508 1579 627 1617 fidem
648 1579 902 1617 credentibus
923 1591 964 1616 se
992 1576 1112 1627 recipi
1136 1576 1176 1614 in
1205 1575 1368 1627 gratiam
1393 1588 1416 1613 a
1437 1576 1527 1613 Deo

131 1638 287 1681 propter
308 1631 520 1671 Christum.

189 1698 247 1724 22.
278 1686 445 1725 Constat
476 1693 608 1725 autem
643 1687 861 1724 monachos
892 1685 1086 1731 docuisse,
1120 1685 1229 1734 quod
1265 1682 1442 1722 facticiae
1473 1697 1527 1721 re-

132 1737 294 1788 ligiones
315 1739 553 1778 satisfaciant
574 1753 645 1790 pro
665 1740 847 1790 peccatis,
871 1746 1092 1778 mereantur
1111 1739 1273 1788 gratiam
1289 1744 1326 1776 et
1347 1737 1527 1775 iustifica—

132 1791 292 1832 tionem.
352 1795 461 1842 Quid
486 1795 561 1832 hoc
583 1802 640 1832 est
663 1795 770 1832 aliud
791 1807 909 1843 quam
932 1794 982 1832 de
1002 1792 1124 1842 gloria
1143 1791 1288 1831 Christi
1309 1792 1525 1838 detrahere,

133 1854 170 1884 et
200 1847 409 1886 obscurare
437 1860 483 1886 ac
517 1861 658 1898 negare
690 1847 874 1886 iustitiam
909 1846 1030 1886 fidei?
1108 1860 1168 1895 23.
1200 1845 1383 1895 Sequitur
1414 1845 1528 1895 igitur

132 1899 205 1938 ista
224 1908 315 1940 vota
335 1903 476 1940 usitata
495 1901 636 1951 impios
663 1903 791 1940 cultus
819 1901 961 1949 suisse3
990 1914 1109 1951 quare
1136 1907 1227 1938 sunt
1252 1899 1366 1937 irrita.
1424 1901 1526 1937 Nam

133 1961 266 1993 votum
289 1954 453 2005 impium
475 1963 512 1995 et
532 1957 677 1994 factum
700 1962 836 1994 contra
853 1956 1038 1994 mandata
1062 1954 1135 1993 Dei
1157 1967 1237 1992 non
1258 1955 1385 2001 valet3
1415 1966 1529 2002 neque

135 2010 233 2046 enim
249 2010 351 2047 debet
369 2015 495 2048 votnm
516 2011 708 2048 vinculmn
729 2023 802 2048 esse
821 2010 1048 2058 iniquitates,
1072 2017 1113 2046 ut
1135 2009 1278 2048 Canon
1299 2007 1409 2046 dicit.

191 2076 250 2110 24.
281 2065 426 2101 Paulus
464 2063 583 2102 dicit:
632 2065 832 2102 Evacuati
866 2065 952 2101 estis
989 2078 1012 2100 a
1055 2063 1220 2109 Christo,
1261 2064 1331 2111 qui
1371 2062 1410 2099 in
1457 2062 1529 2109 lege

135 2117 404 2165 iustfficarm'ni,
435 2131 458 2155 a
484 2119 617 2166 gralia
646 2119 844 2156 excc'dlklz's.
906 2120 1010 2167 Ergo
1040 2117 1169 2163 etiam,
1201 2116 1269 2166 qui
1298 2117 1398 2154 votis
1426 2115 1529 2153 iusti-

136 2169 240 2208 ficari
260 2172 406 2219 volunt,
430 2179 669 2210 evacuantur
688 2185 711 2209 a
732 2172 891 2211 Christo
911 2180 950 2210 et
970 2184 991 2209 a
1019 2170 1140 2221 gratia
1167 2169 1365 2208 excidunt.
1423 2170 1525 2206 Nam

135 2230 173 2260 et
192 2223 243 2271 hi,
266 2224 332 2273 qui
352 2225 451 2263 votis
470 2225 647 2263 tribuunt
668 2225 997 2271 iustificationem,
1019 2225 1196 2262 tribuunt
1220 2223 1384 2273 propriis
1407 2221 1529 2271 operi-

136 2275 209 2315 bus
233 2279 308 2316 hoc
329 2281 437 2328 quod
458 2281 612 2329 proprie
631 2281 681 2317 ad
703 2281 864 2329 gloriam
887 2279 1031 2318 Christi
1054 2278 1233 2328 pertinet.
1296 2289 1353 2327 25.
1385 2278 1526 2325 Neque

136 2342 226 2369 vero
264 2332 394 2381 negari
426 2341 565 2382 potest,
601 2333 695 2383 quin
737 2333 921 2371 monachi
955 2332 1160 2371 docuerint
1193 2345 1233 2369 sc
1267 2345 1335 2381 per
1366 2338 1457 2368 vota
1491 2337 1527 2367 et

137 2383 429 2425 observationes
444 2400 532 2425 suas
547 2387 744 2425 iustificari
759 2394 797 2425 et
814 2386 950 2425 mereri
965 2386 1234 2428 remissionem
1252 2392 1501 2434 peccatorum
1522 2397 1529 2429 3

138 2437 217 2476 imo
236 2439 466 2478 affinxerunt
486 2441 726 2488 absurdiora,
748 2441 929 2480 dixerunt
951 2455 990 2479 se
1010 2440 1094 2478 aliis
1117 2438 1283 2477 mutuari
1309 2452 1378 2475 sua
1399 2449 1527 2486 opera.

180 2510 189 2529 ¹
216 2511 301 2542 That
330 2513 369 2551 is,
398 2514 579 2554 Augustine
606 2524 640 2544 as
667 2514 786 2555 quoted
811 2515 842 2544 in
865 2514 996 2545 Decreli
1023 2514 1057 2543 l‘.
1086 2513 1128 2542 ΙΙ.
1154 2512 1262 2543 Causa
1289 2511 1384 2541 xxvii.
1410 2511 1471 2550 Qu.
1500 2519 1525 2542 1.

138 2554 218 2595 Cap.
235 2565 287 2594 41,
305 2558 312 2572 ‘
327 2556 547 2596 Nuptiarum.'
