1715 2780
108 102 181 147 246
294 100 592 140 CATHOLIC
622 100 743 138 AND
774 100 1159 145 PROTESTANT,
1197 110 1297 148 1529
1427 100 1501 137 108

145 206 234 250 No.
253 209 351 250 108.
398 207 505 250 The
517 207 710 261 Treaty
731 207 790 251 of
803 208 1098 257 Barcelona‚
1122 219 1181 259 29
1203 207 1335 259 June
1357 218 1481 260 1529.

159 288 324 326 Carolus
354 287 527 337 quintus,
554 287 687 327 divina
716 288 870 326 favente
891 286 1112 333 clementia,
1134 288 1281 325 electus
1304 289 1504 326 Romano-

105 354 189 378 rum
213 342 431 390 Imperator
451 343 665 391 Augustus,
696 354 742 379 ac
773 340 1020 387 Germaniae,
1048 340 1345 390 Hispaniarum,
1367 340 1504 379 utrius—

105 408 181 443 que
212 394 366 434 Siciliae
397 426 403 433 .
437 426 444 433 .
478 426 484 433 .
519 397 616 442 Rex,
653 394 857 433 Archidux
884 394 1078 441 Austriae‚
1114 396 1205 432 Dux
1237 394 1501 445 Burgundiae‚

106 448 340 487 Brabantiae
381 454 461 496 &c.‚
505 450 651 488 Comes
697 448 936 498 Habspurgi‚
980 448 1199 495 Flandriae,
1239 448 1397 495 Tirolis,
1434 451 1501 487 &c.

106 503 445 552 Recognoscimus
476 533 483 540 .
516 534 522 540 .
556 533 563 540 .
597 503 706 552 quod
726 515 818 540 cum
839 516 964 553 nuper
985 501 1262 541 Sanctissimus
1284 501 1323 540 in
1345 502 1504 541 Christo

105 558 218 594 Pater
239 586 246 593 .
270 587 276 594 .
301 587 308 594 .
334 558 383 594 D.
400 558 587 596 Clemens
608 557 705 603 VII,
723 557 759 594 S.
780 557 828 594 R.
847 569 892 594 ac
913 555 1142 594 universalis
1165 556 1368 594 Ecclesiae
1387 558 1500 595 Pont.

106 611 210 647 Max.
235 610 327 648 hinc
358 609 643 660 rempublicam
675 609 940 649 Christianam
970 609 1150 648 civilibus
1180 609 1352 649 dissidiis
1380 617 1503 648 totam

105 662 269 701 divisam
305 671 343 702 et
375 664 414 701 in
448 671 585 714 aperto
620 663 846 702 discrimine
886 663 1153 710 constitutam,
1185 663 1339 702 etiamsi
1373 665 1504 702 nullus

105 724 286 755 externus
307 717 430 756 hostis
452 725 619 767 urgeret,
635 717 727 756 inde
748 717 996 756 saevissimos
1018 717 1264 757 Christianae
1287 717 1504 767 Religionis

107 769 279 823 [hostes]
308 773 458 810 Turcas
487 771 659 810 victoriis
690 773 824 817 elatos,
855 785 963 810 arma
992 779 1173 821 parantes
1204 770 1367 821 diraque
1397 771 1506 810 Chri-

105 824 232 863 stiano
262 825 414 863 nomini
446 825 654 872 minantes,
676 825 836 872 videret,
860 832 1100 875 cuperetque
1131 855 1137 862 .
1171 855 1178 862 .
1215 856 1222 862 .
1252 824 1380 863 civilia
1404 825 1506 864 bella

104 877 286 917 dirimere
307 879 702 929 Christianorumque
724 878 950 929 Principum
980 879 1133 918 animos
1164 878 1263 917 inter
1293 892 1334 917 se
1360 878 1506 917 divisos

105 931 313 970 universali
343 946 440 983 pace
470 933 722 983 coniungere,
743 940 784 970 ut
815 946 893 982 qua
922 940 1030 983 parte
1060 932 1211 971 facilius
1237 933 1288 971 ad
1316 932 1356 971 id
1376 932 1506 971 aditus

105 986 264 1035 patebat
291 986 392 1024 viam
424 986 601 1036 aperiret,
635 988 915 1025 Reverendum
946 986 986 1024 in
1008 986 1166 1025 Christo
1189 988 1344 1025 Patrem
1367 986 1508 1025 Hiero·

106 1053 267 1089 nymum
291 1040 535 1090 Episcopum
553 1040 866 1079 Vasionensem¹
889 1039 1165 1090 Apostolicum
1192 1040 1387 1078 Nuntium
1415 1054 1505 1079 cum

104 1093 356 1143 amplissimis
390 1094 587 1132 mandatis
622 1102 702 1132 tam
736 1095 786 1132 ad
817 1107 955 1144 pacem
998 1094 1257 1132 universalem
1297 1107 1417 1144 quam
1455 1095 1506 1133 ad

105 1147 337 1196 particulare
358 1149 498 1187 foedus
519 1157 557 1186 et
577 1148 790 1186 amicitiam
812 1148 912 1186 inter
933 1149 1052 1186 Suam
1074 1149 1331 1186 Sanctitatem
1362 1155 1400 1186 et
1421 1149 1506 1187 Nos

106 1202 354 1240 tractandum
375 1210 413 1240 et
434 1203 757 1240 concludendum
785 1203 835 1240 ad
857 1203 942 1240 Nos
968 1201 1084 1241 misit.
1116 1233 1122 1240 .
1159 1232 1165 1239 .
1198 1233 1204 1239 .
1238 1203 1330 1250 Quo
1360 1203 1506 1240 factum

105 1262 163 1293 est
190 1262 232 1293 ut
263 1285 271 1293 .
303 1286 310 1293 .
345 1286 351 1293 .
384 1256 484 1294 inter
504 1257 721 1306 praefatum
744 1255 939 1293 Nuntium
971 1269 1016 1293 ac
1044 1258 1318 1294 Procuratores
1341 1257 1507 1294 Nostros

186 1340 193 1349 .
226 1310 276 1347 ad
298 1310 395 1347 haec
416 1317 530 1359 pacta
551 1311 764 1347 deventum
786 1317 854 1347 est.

161 1414 196 1467 [ξ
210 1414 250 1467 4]
293 1417 407 1462 Item,
439 1430 562 1466 quum
593 1416 768 1466 spoliatis
799 1416 932 1454 onmia
962 1416 1044 1454 iura
1075 1418 1241 1463 faveant,
1273 1431 1346 1455 nec
1379 1416 1507 1455 minus

107 1469 328 1508 favorabilis
349 1478 555 1509 censeatur
579 1471 835 1520 spoliatorum
866 1470 1058 1509 restitutio
1078 1483 1196 1520 quam
1219 1470 1508 1520 possidentium

108 1523 354 1562 manutentio
385 1554 392 1561 .
424 1554 431 1562 .
466 1554 472 1561 .
506 1537 658 1562 memor
679 1525 872 1563 Caesarea
898 1523 1086 1562 Maiestas
1107 1525 1216 1574 quod
1238 1524 1394 1563 illustris
1415 1538 1508 1563 suae

107 1577 331 1615 Sanctitatis
346 1577 503 1625 familia,
513 1579 702 1617 haeredes
716 1579 864 1616 scilicet
881 1579 1084 1627 quondam
1095 1577 1299 1628 Magnifici
1308 1577 1508 1617 Laurentii

107 1631 156 1669 de
179 1630 375 1670 Medicis²
395 1645 418 1669 a
447 1631 684 1670 clarissimae
709 1633 921 1670 memoriae
951 1631 1225 1670 Maximiliano
1241 1632 1254 1652 ³
1274 1633 1442 1672 Caesare
1462 1645 1508 1670 ac

109 1684 386 1724 Ferdinando⁴
408 1687 518 1745 Rege
539 1685 759 1732 Catholico,
784 1685 866 1724 eius
887 1685 967 1723 avis
989 1693 1153 1736 paterno
1177 1694 1295 1736 atque
1318 1693 1506 1733 materno,

107 1738 373 1788 superioribus
416 1740 529 1778 annis
574 1740 613 1777 in
652 1739 816 1790 patriam
859 1740 1096 1778 Florentiam
1137 1738 1339 1787 restituti⁵,
1375 1741 1507 1778 multis

107 1792 257 1831 eisdem
287 1795 646 1843 corresponderunt
675 1793 855 1840 officiis,
847 1807 887 1831 in
914 1793 1180 1843 omnibusque
1207 1807 1248 1832 se
1268 1793 1507 1843 gratissimos

108 1845 369 1884 exhibuerunt
385 1861 395 1895 3
424 1848 645 1897 dolensque
666 1847 766 1886 inter
794 1855 967 1886 caeteras
987 1847 1212 1885 Sanctitatis
1237 1861 1330 1886 suae
1351 1847 1507 1885 calami-

109 1907 205 1937 tates
237 1900 312 1938 hoc
342 1913 502 1950 quoque
533 1901 710 1939 evenisse
740 1909 781 1939 ut
809 1902 970 1951 quidam
1000 1901 1225 1939 Sanctitatis
1246 1914 1340 1939 suae
1361 1902 1506 1948 hostes,

108 1953 176 2001 qui
197 1955 336 1991 eadem
365 1955 442 1991 iam
468 1962 584 1992 antea
608 1954 772 1993 consilia
791 1954 1005 2004 agitabant,
1029 1954 1093 1992 illa
1113 1954 1322 1993 occasione
1342 1961 1505 2004 arrepta,

109 2008 214 2044 velut
234 2007 450 2056 desperatis
476 2021 569 2046 suae
591 2008 815 2046 Sanctitatis
846 2009 972 2055 rebus,
997 2008 1036 2046 in
1057 2008 1244 2046 familiam
1265 2009 1316 2047 de
1338 2007 1507 2046 Medicis

109 2060 406 2099 insurrexerint6
422 2069 540 2110 atque
557 2061 640 2099 eius
657 2062 824 2100 civitatis
842 2069 985 2100 statum
1004 2062 1239 2100 mutaverint
1257 2073 1263 2096 t
1296 2061 1507 2111 cupiatque

109 2127 178 2151 sua
199 2114 393 2154 Caesarea
415 2115 615 2161 Maiestas,
639 2129 708 2165 pro
730 2115 836 2153 filiali
860 2129 950 2165 erga
971 2115 1226 2154 Sanctitatem
1248 2129 1359 2154 suam
1381 2115 1509 2154 obser-

110 2168 240 2206 vantia
269 2175 307 2206 et
336 2181 480 2215 amore,
505 2168 622 2206 etiam
653 2169 988 2218 contemplatione
1021 2169 1259 2208 matrimonii
1290 2168 1441 2207 tractati
1471 2176 1509 2207 et

110 2221 286 2260 conclusi
306 2222 406 2261 inter
421 2223 616 2260 Illustrem
640 2224 688 2260 D.
705 2223 972 2260 Alexandrum
992 2224 1042 2260 de
1061 2223 1229 2261 Medicis
1250 2236 1343 2261 suae
1364 2222 1511 2261 Sancti-

155 2314 163 2331 ¹
192 2314 411 2355 Hieronymus
425 2314 569 2353 soledus,
588 2314 712 2355 Bishop
730 2315 767 2345 of
780 2314 916 2351 Vaison,
937 2317 1120 2353 1523—>t33.

154 2356 166 2377 ²
189 2358 336 2389 Lorenzo
368 2358 422 2388 the
455 2357 681 2398 Magnificent,
713 2357 896 2398 1469—†94‚
927 2357 1022 2388 uncle
1050 2357 1088 2388 os
1116 2357 1267 2388 Clement
1294 2358 1370 2395 VII,
1397 2357 1507 2389 whose

110 2401 237 2432 natural
260 2412 318 2432 son
344 2401 557 2438 Alessandro,
576 2402 700 2441 †1537,
717 2401 857 2431 married
876 2400 992 2441 (under
1016 2400 1080 2431 this
1103 2401 1221 2441 treaty)
1243 2401 1296 2432 the
1321 2401 1508 2442 Emperor's

111 2445 236 2475 natural
254 2444 427 2485 daughter,
448 2445 614 2485 Margaret
632 2445 670 2475 of
684 2445 824 2479 Austria,
843 2444 963 2484 †1586.

155 2487 167 2507 3
193 2488 350 2529 Emperor
370 2488 554 2529 1508—†19.
820 2487 832 2506 '¹
856 2488 947 2528 King
963 2486 1000 2517 of
1012 2486 1111 2527 Spain
1133 2487 1317 2527 1512-†16.

157 2531 229 2562 ⁵In
250 2540 341 2571 1512.
903 2531 1090 2571 61111527.
