1715 2780
163 83 237 121 392
485 67 604 105 THE
638 64 991 104 BEGINNINGS
1026 64 1097 103 OF
1126 63 1245 101 THE
1493 71 1562 109 173

162 173 287 212 under
307 170 509 223 penalties,
532 171 626 209 then
656 171 674 208 Ι
700 171 799 208 have
823 167 990 217 nothing
1015 167 1166 227 against
1189 166 1227 214 it,
1251 166 1401 216 though
1423 167 1442 204 I
1463 166 1562 204 have

161 235 231 266 not
256 227 442 266 offended
469 225 592 265 either
618 224 768 275 against
789 236 865 274 you
894 236 937 262 or
956 221 1107 273 against
1128 221 1220 261 God
1236 219 1328 260 with
1348 233 1413 270 my
1432 221 1562 271 eating

160 283 205 320 of
229 282 370 321 flesh.

161 392 251 437 No.
283 401 375 445 174
438 390 594 432 From
625 387 888 441 Zwingli’s
920 397 1144 433 sermon,
1176 385 1251 429 De
1283 385 1480 428 delectu
1511 385 1562 427 et

355 449 515 491 libero
549 448 778 489 ciborum
811 457 918 497 6511,
950 456 1005 497 23
1038 444 1216 487 March
1246 454 1368 497 1522.

217 545 331 582 Haec
353 549 454 589 sunt,
472 540 635 580 fratres
626 554 666 578 m
687 540 847 580 Christo
867 552 968 589 quae
989 550 1124 598 nuper,
1140 539 1256 588 plena
1275 537 1560 587 Scripturarum

161 597 392 636 auctoritate
431 595 617 642 munitus,
646 607 717 644 pro
756 593 914 644 publica
946 592 1140 631 concione
1173 591 1303 639 docui,
1332 605 1437 629 nunc
1468 604 1560 630 vero

161 651 325 712 repetita
344 650 495 700 scriptis
512 650 699 688 mandare
718 648 846 687 visum
873 655 942 694 est,
965 660 1046 686 non
1069 646 1144 685 alia
1167 647 1217 685 de
1241 659 1359 684 causa
1379 659 1497 696 quam
1519 653 1561 684 ut

162 706 200 743 hi
222 707 289 755 qui
310 705 587 755 scripturarum
609 704 725 742 rudes
747 710 785 742 et
806 701 974 752 imperiti
995 708 1097 748 sunt,
1112 702 1174 738 vel
1193 700 1304 738 inviti
1320 713 1385 739 eas
1399 699 1560 738 scrutari

160 760 267 798 iuxta
299 758 444 799 Christi
484 757 720 797 sententiam
755 757 1069 806 compellanturg
1109 761 1147 793 et
1180 762 1223 792 ut
1260 755 1373 793 vobis
1411 755 1561 792 vestris-

160 827 237 864 que
257 813 443 852 omnibus
459 825 566 850 arma
583 811 886 861 suppedstarem,
905 810 1049 871 quibus
1069 809 1290 847 libertatem
1306 807 1398 847 fidei
1411 815 1561 846 vestrae

160 875 297 906 contra
326 867 479 906 illorum
510 865 726 904 calumnias
754 872 792 904 et
819 864 990 902 convitia
1013 863 1109 902 tueri
1135 862 1303 913 possitis.
1354 863 1559 911 Quantum

160 921 264 961 enim
287 923 337 960 de
358 934 421 959 me
441 921 571 959 dicere
590 933 763 970 possum,
787 920 930 957 invitus
953 925 1057 956 certe
1077 917 1185 955 hisce
1204 918 1255 956 de
1274 916 1391 954 rebus
1412 915 1559 966 scripsi,

160 977 270 1026 quod
296 977 451 1015 videam
481 988 555 1034 me,
579 973 650 1012 etsi
678 972 913 1012 sententiam
938 985 1067 1010 meam
1088 984 1218 1010 veram
1242 977 1446 1020 ratamque
1474 982 1561 1009 esse

162 1029 293 1068 multis
324 1028 563 1079 argumentis
593 1027 746 1067 evicero
780 1027 840 1078 (ut
874 1039 937 1064 me
967 1028 1043 1064 iam
1074 1024 1236 1064 evicisse
1267 1023 1448 1063 dubitare
1478 1037 1559 1062 non

161 1083 375 1135 possum)
366 1115 375 1132 ‚
404 1096 485 1121 non
519 1090 652 1120 tamen
682 1082 896 1131 quicquam
925 1080 1032 1118 aliud
1061 1078 1274 1139 profecisse
1302 1092 1421 1129 quam
1451 1079 1560 1138 quod

161 1137 387 1177 Christiano
420 1136 572 1176 homini
604 1135 846 1186 quibuslibet
879 1134 977 1173 cibis
1007 1133 1146 1184 quovis
1178 1132 1242 1172 die
1265 1132 1428 1193 impune
1453 1132 1560 1170 iuxta

161 1194 264 1242 leges
296 1191 449 1231 divinas
480 1190 585 1229 vesci
615 1190 741 1228 liceat.
801 1188 964 1227 Interim
996 1196 1128 1227 tamen
1168 1201 1248 1226 non
1287 1186 1424 1237 ignoro
1457 1187 1559 1225 hanc

161 1260 287 1284 meam
305 1259 464 1296 operam
486 1244 530 1283 iis
545 1245 612 1294 qui
626 1258 715 1283 vera
728 1242 964 1294 gratitudine
984 1241 1149 1293 praediti
1164 1241 1431 1279 infirmitatem
1447 1254 1558 1279 suam

161 1300 359 1338 humiliter
374 1306 605 1360 agnoscunt,
621 1312 701 1337 non
715 1311 874 1348 parvam
887 1296 1073 1336 laet1t1am
1089 1309 1174 1335 esse
1189 1294 1411 1346 parituram.
1448 1293 1559 1333 Licet

161 1355 266 1392 enim
280 1354 330 1392 ab
344 1355 452 1392 omni
467 1352 641 1391 carnium
659 1366 727 1391 esu
741 1353 879 1402 quovis
894 1358 1070 1400 tempore
1086 1350 1320 1396 abstineant,
1328 1349 1558 1399 gaudebunt

161 1416 293 1446 tamen
318 1407 472 1466 quoties
500 1408 572 1444 hac
600 1406 779 1444 libertate
807 1419 830 1443 a
851 1404 1009 1444 Christo
1036 1417 1077 1442 se
1107 1405 1276 1442 donatos
1303 1415 1389 1442 esse
1409 1402 1554 1441 vident.

161 1463 371 1501 Caeterum
393 1460 559 1499 maiores
573 1473 678 1498 nunc
699 1460 794 1497 mihi
815 1459 967 1497 labores
983 1458 1206 1497 exantlandi
1223 1463 1313 1495 sunt
1328 1457 1378 1495 ad
1392 1456 1558 1495 offendi-

159 1518 292 1553 culum
325 1528 444 1554 omne
476 1514 781 1565 prohibendum,
813 1526 931 1573 quam
970 1512 1001 1551 si
1035 1511 1153 1551 errori
1184 1524 1255 1550 suo
1293 1509 1556 1561 permisissem

160 1569 350 1608 infaustos
371 1568 553 1607 homines
575 1568 741 1615 immori,
761 1567 828 1617 qui
848 1566 1075 1604 huiusmodi
1096 1572 1304 1616 praecepta
1325 1578 1395 1615 pro
1415 1564 1557 1603 divinis

159 1623 369 1673 amplexati
407 1631 508 1670 sunt,
549 1623 657 1672 quod
696 1629 828 1660 tamen
870 1620 1118 1659 vocationem
1161 1632 1290 1658 meam
1332 1617 1556 1669 diligentius

160 1677 424 1716 consideranti
457 1678 566 1715 1111110
598 1677 720 1715 modo
754 1677 881 1714 facere
911 1674 1031 1712 licuit.
1103 1675 1246 1724 Neque
1277 1686 1347 1711 vos
1380 1672 1557 1723 ignorare

159 1731 324 1770 arbitror
355 1738 647 1770 sacrosanctum
684 1731 775 1768 Iesu
811 1729 957 1769 Christi
992 1729 1249 1778 Evangelium
1288 1740 1309 1765 a
1350 1727 1556 1765 Matthaeo

160 1785 437 1845 conscriptum,
484 1786 766 1835 Apostolorum
811 1785 923 1830 Acta,
968 1782 1079 1820 Pauli
1105 1758 1175 1820 ead
1218 1781 1473 1819 Timotheum
1517 1788 1556 1818 et

161 1841 331 1886 Galatas,
362 1839 457 1877 item
487 1846 671 1888 utrasque
702 1837 805 1876 Petri
837 1836 1032 1886 epistolas,
1064 1835 1290 1874 huiusmodi
1320 1834 1555 1873 testimoniis

159 1893 372 1940 abundare,
405 1905 526 1942 quum
562 1894 633 1930 hos
670 1891 773 1930 Noti
806 1889 1052 1929 Testamenti
1081 1889 1200 1928 libros
1230 1902 1368 1927 omnes
1397 1888 1556 1939 publice

161 1948 309 1985 docens
338 1946 449 1985 tobis
479 1946 753 1995 interpretatus
778 1945 862 1983 sim.
914 1947 1034 1982 Porro
1064 1945 1177 1982 decet
1204 1943 1368 1981 omnino
1392 1949 1430 1980 et
1453 1955 1556 1981 sum-

162 2013 321 2050 mopere
350 1999 613 2038 necessarium
644 2007 713 2046 est,
745 2006 786 2036 ut
816 1998 989 2036 iucunda
1015 2005 1052 2036 et
1080 1996 1234 2046 placida
1264 1995 1410 2036 Christi
1436 1995 1554 2034 facies

159 2055 210 2093 ab
240 2053 467 2092 huiusmodi
498 2053 629 2091 naetis
660 2060 697 2090 et
729 2054 988 2090 humanarum
1024 2050 1276 2089 traditionum
1313 2049 1475 2087 maculis
1508 2063 1554 2088 ac

159 2108 342 2147 sordibus
373 2108 548 2146 abstersa
579 2107 773 2153 liberetm,
798 2119 877 2155 quo
913 2118 1031 2143 suase
1065 2104 1161 2142 illud
1190 2104 1323 2154 iugum
1354 2103 1554 2141 salvatoris

160 2162 282 2201 nostri
313 2170 350 2200 et
380 2175 480 2199 onus
510 2162 593 2199 leve
622 2167 881 2209 agnoscentes
906 2172 996 2197 vero
1027 2167 1063 2196 et
1086 2171 1273 2208 germano
1297 2171 1430 2196 amore
1457 2157 1553 2196 illud

160 2216 345 2266 amplecti
361 2217 494 2254 denuo
511 2214 716 2264 possimus.
756 2216 863 2251 Deus
881 2226 949 2251 sua
966 2212 1106 2251 virtute
1122 2220 1159 2251 et
1176 2211 1318 2262 Spiritu
1333 2212 1552 2250 doctrinam

161 2284 270 2308 suam
293 2270 332 2308 in
353 2269 436 2308 dies
458 2275 611 2307 tueatur
630 2276 667 2307 et
688 2268 886 2317 provehat.
946 2269 1088 2305 Amen.

215 2324 426 2363 Caeterum
444 2325 494 2362 de
510 2323 580 2370 1115,
597 2335 697 2372 quae
713 2323 902 2360 hactenus
919 2334 940 2359 a
958 2320 1071 2359 nobis
1088 2322 1356 2359 demonstrata
1371 2326 1473 2365 sunt,
1489 2332 1552 2357 me

162 2380 351 2416 rationem
383 2378 505 2416 cuivis
528 2376 770 2416 redditurum
796 2388 881 2414 esse
908 2375 1065 2425 publice
1094 2388 1226 2413 coram
1258 2376 1345 2412 Deo
1365 2372 1552 2424 polliceor

161 2440 362 2483 testorque
376 2447 386 2480 ,-
409 2432 605 2482 simulque
625 2443 694 2470 vos
715 2443 853 2469 omnes
866 2430 1033 2480 appello,
1049 2435 1245 2479 quotquot
1267 2427 1550 2478 Scripturarum
