1715 2780
199 167 243 191 22
425 154 544 192 THE
586 153 950 192 NINETY-FIVE
990 154 1214 201 THESES,
1262 166 1358 204 1517
1555 165 1590 192 11

254 271 311 297 10.
356 258 525 296 Indocte
556 264 593 296 et
633 257 735 296 male
768 256 916 295 faciunt
950 256 1174 295 sacerdotes
1213 256 1249 304 ii,
1287 255 1354 308 qui
1393 256 1589 295 morituris

195 311 457 362 poenitentias
477 311 687 350 canonicas
709 311 748 349 in
768 310 1035 362 purgatorium
1056 318 1265 350 reservant.

253 378 311 405 11.
343 365 497 405 Zizania
517 366 582 404 illa
602 367 652 405 de
676 366 867 404 mutanda
892 377 1021 416 poena
1041 366 1233 404 canonica
1252 364 1292 404 in
1311 378 1484 416 poenam
1503 379 1590 417 pur-

193 419 331 471 gatorii
351 419 534 460 videntur
553 428 658 459 certe
679 420 966 458 dormientibus
988 419 1183 470 episcopis
1203 418 1405 458 seminata.

254 488 312 513 12.
345 473 450 514 Olim
476 487 628 525 poenae
648 472 864 512 canonicae
885 486 966 512 non
986 481 1074 524 post
1094 473 1165 513 sed
1184 481 1276 512 ante
1295 472 1588 514 absolutionem

194 527 511 579 imponebantur,
534 536 721 578 tanquam
743 535 987 567 tentamenta
1006 539 1120 567 verae
1140 526 1397 567 contritionis.

253 596 311 633 13.
343 581 524 622 Morituri
544 595 613 633 per
629 589 796 621 mortem
816 580 950 621 omnia
970 582 1137 629 solvunt,
1161 590 1200 621 et
1219 581 1370 632 legibus
1389 595 1588 621 canonum

196 635 338 676 mortui
359 635 437 675 iam
457 645 558 684 sunt,
582 635 774 675 habentes
795 635 878 675 iure
897 648 1030 675 earum
1052 636 1342 675 relaxationem.

253 703 310 739 14.
344 691 580 741 Imperfecta
600 689 744 729 sanitas
766 702 833 729 seu
855 688 993 729 caritas
1019 688 1193 729 morituri
1213 689 1434 729 necessario
1454 703 1588 730 secum

196 745 266 784 fert
294 757 480 796 magnum
505 744 698 791 timorem,
727 752 918 794 tantoque
946 743 1134 783 maiorem
1155 751 1305 795 quanto
1329 744 1457 783 minor
1476 745 1589 784 fuerit

194 812 289 849 ipsa.

254 865 311 903 15.
342 854 421 891 Hic
438 852 554 892 timor
574 861 611 892 et
625 852 760 892 horror
776 852 867 891 satis
883 861 941 891 est
958 865 999 891 se
1020 854 1115 900 solo,
1131 860 1174 891 ut
1189 852 1264 891 alia
1280 859 1444 901 taceam,
1462 853 1589 892 facere

197 920 366 957 poenam
388 907 609 957 purgatorii,
633 920 723 945 cum
745 908 793 945 sit
814 906 1013 956 proximus
1034 905 1318 957 desperationis
1338 907 1499 946 horrori.

254 963 310 999 16.
346 961 542 1000 Videntur
572 961 746 1000 infernus
785 960 1051 1012 purgatorium
1090 962 1245 999 coelum
1285 960 1449 1008 differre,
1490 961 1589 1000 sicut

195 1015 430 1066 desperatio,
459 1028 581 1065 prope
611 1014 843 1065 desperatio,
876 1014 1061 1053 securitas
1091 1014 1287 1054 differunt.

254 1083 311 1118 17.
345 1069 619 1108 Necessarium
641 1068 793 1107 videtur
813 1069 1020 1107 animabus
1041 1068 1080 1106 in
1101 1068 1324 1119 purgatorio
1345 1068 1445 1108 sicut
1467 1068 1589 1108 minui

197 1126 409 1170 horrorem,
433 1123 484 1162 ita
504 1122 636 1173 augeri
657 1123 869 1162 caritatem.

254 1180 310 1216 18.
345 1178 430 1217 Nec
451 1177 659 1228 probatum
681 1178 836 1216 videtur
856 1177 943 1215 ullis
964 1184 1031 1215 aut
1052 1176 1269 1215 rationibus
1290 1186 1357 1216 aut
1378 1177 1589 1229 scripturis,

196 1233 304 1282 quod
325 1231 401 1270 sint
423 1238 527 1270 extra
548 1239 692 1270 statum
714 1231 840 1270 meriti
861 1244 930 1270 seu
950 1232 1155 1281 augendae
1175 1230 1356 1270 caritatis.

255 1300 310 1335 19.
345 1286 430 1325 Nec
457 1287 534 1324 hoc
559 1285 767 1336 probatum
794 1298 878 1324 esse
898 1285 1062 1332 videtur,
1085 1286 1195 1335 quod
1215 1284 1292 1323 sint
1313 1286 1362 1324 de
1383 1298 1453 1324 sua
1473 1285 1591 1324 beati-

196 1340 332 1378 tudine
365 1348 492 1379 certae
524 1348 562 1379 et
601 1353 771 1387 securae,
806 1341 943 1378 saltem
978 1352 1129 1387 omnes,
1161 1338 1250 1378 licet
1280 1352 1353 1378 nos
1385 1339 1589 1378 certissimi

196 1394 328 1433 simus.

252 1461 311 1486 20.
344 1448 466 1498 Igitur
487 1461 588 1498 papa
616 1462 684 1498 per
710 1447 982 1486 remissionem
1007 1447 1221 1498 plenariam
1245 1448 1422 1486 omnium
1448 1459 1590 1497 poena-

197 1515 280 1540 rum
312 1515 392 1541 non
419 1501 647 1551 simpliciter
667 1501 845 1540 omnium
873 1502 1062 1552 intelligit,
1086 1502 1155 1541 sed
1184 1514 1208 1540 a
1236 1515 1278 1542 se
1307 1502 1393 1552 ipso
1421 1509 1590 1540 tantum-

199 1556 318 1595 modo
347 1555 628 1607 impositarum.

252 1623 313 1649 21.
346 1611 485 1650 Errant
505 1610 638 1660 itaque
659 1609 988 1660 indulgentiarum
1010 1609 1298 1660 praedicatores
1318 1609 1343 1647 ii
1364 1610 1431 1660 qui
1451 1608 1588 1649 dicunt

197 1677 264 1714 per
279 1677 404 1715 papae
420 1664 682 1714 indulgentias
700 1665 901 1703 hominem
917 1664 968 1702 ab
983 1663 1093 1701 omni
1113 1676 1242 1714 poena
1262 1663 1359 1702 solvi
1380 1670 1418 1702 et
1438 1664 1586 1702 salvari.

252 1732 312 1757 22.
345 1718 453 1767 Quin
481 1720 627 1756 nullam
655 1717 815 1757 remittit
841 1717 1049 1756 animabus
1079 1717 1118 1755 in
1142 1717 1377 1768 purgatorio,
1405 1730 1523 1768 quam
1549 1719 1587 1756 in

196 1774 268 1810 hac
289 1772 366 1811 vita
386 1772 615 1811 debuissent
635 1773 855 1811 secundum
876 1785 1048 1811 canones
1069 1773 1227 1811 solvere.

253 1840 313 1875 23.
344 1825 381 1864 Si
404 1826 580 1865 remissio
601 1828 678 1865 ulla
699 1825 877 1864 omnium
899 1825 1063 1864 omnino
1084 1838 1300 1876 poenarum
1322 1832 1452 1876 potest
1471 1825 1587 1864 alicui

196 1880 290 1927 dari,
323 1887 471 1918 certum
504 1889 562 1919 est
596 1893 682 1918 eam
717 1893 798 1919 non
830 1879 903 1918 nisi
934 1879 1235 1930 perfectissimis,
1268 1879 1309 1919 id
1339 1887 1407 1928 est,
1439 1879 1589 1930 paucis-

195 1933 302 1971 simis
333 1933 425 1972 dari.

253 2000 311 2034 24.
345 1987 440 2025 Falli
481 1987 532 2025 ob
565 1987 603 2026 id
636 1999 795 2026 necesse
834 1995 891 2025 est
932 1987 1118 2026 maiorem
1153 1995 1302 2038 partem
1336 1988 1484 2037 populi,
1521 2000 1588 2038 per

197 2041 483 2080 indifferentem
501 2041 605 2078 illam
620 2048 657 2079 et
675 2041 922 2090 magnificam
940 2054 1091 2090 poenae
1107 2043 1257 2080 solutae
1272 2041 1587 2091 promissionem.

254 2106 312 2144 25.
345 2096 513 2144 Qualem
541 2102 775 2144 potestatem
798 2095 918 2132 habet
941 2108 1043 2144 papa
1072 2095 1110 2132 in
1141 2094 1405 2145 purgatorium
1431 2107 1588 2144 genera-

196 2150 291 2194 liter,
310 2149 427 2187 talem
455 2149 574 2187 habet
601 2148 765 2198 quilibet
796 2147 1003 2198 episcopus
1031 2156 1068 2186 et
1096 2155 1252 2186 curatus
1277 2149 1315 2186 in
1343 2162 1412 2187 sua
1439 2148 1585 2187 dioceffl

197 2210 235 2241 et
255 2202 440 2253 parochia
460 2201 687 2252 specialiter.

253 2259 312 2294 26.
344 2255 505 2306 Optime
537 2256 627 2294 facit
658 2268 769 2306 papa,
802 2256 911 2305 quod
943 2268 1023 2292 non
1061 2263 1255 2304 potestate
1292 2255 1410 2293 clavis
1450 2256 1583 2306 (quam

197 2312 343 2349 nullam
368 2309 505 2361 habet)
533 2310 601 2348 sed
633 2323 700 2360 per
731 2310 893 2347 modum
924 2308 1091 2358 suffragii
1122 2309 1189 2347 dat
1218 2308 1425 2348 animabus
1455 2309 1586 2348 remis-

196 2366 360 2403 sionem.

253 2432 311 2467 27.
346 2417 563 2456 Hominem
587 2418 824 2467 praedicant,
855 2416 920 2466 qui
945 2415 1086 2462 statim,
1115 2425 1155 2454 ut
1184 2416 1306 2454 iactus
1332 2430 1518 2455 nummus
1546 2416 1584 2455 in

196 2473 333 2511 cistam
354 2471 536 2516 tinnierit,
559 2472 712 2509 evolare
733 2470 869 2509 dicunt
889 2469 1073 2508 animam.

254 2529 312 2565 28.
345 2527 505 2565 Certum
528 2533 586 2563 est
605 2537 769 2563 nummo
786 2525 824 2562 in
846 2523 942 2562 cista
962 2523 1153 2563 tinniente
1171 2524 1302 2574 augeri
1324 2531 1529 2574 quaestum
1546 2533 1584 2563 et
