1715 2780
201 86 273 122 432
359 73 479 111 THE
511 70 927 111 DISPUTATIoNs
958 72 1031 109 AT
1060 61 1293 117 Zi'JRICH,
1326 81 1426 121 1523
1519 80 1593 120 197

197 177 298 215 velit.
333 208 339 215 .
373 207 379 215 .
414 207 420 214 .
453 178 573 214 Porro
608 175 675 214 ubi
707 175 1084 214 Schafhusianorum
1117 173 1362 213 ecclesiastes
1397 175 1592 213 Martinus

199 230 347 280 Steinly
366 230 625 280 interrogatus
642 237 711 277 est,
733 229 772 267 in
794 230 892 268 haec
911 229 1030 268 verba
1050 228 1268 267 orationem
1288 228 1439 268 habuit.

253 286 381 323 Mart.
403 285 560 333 Steinly.
607 285 770 334 Semper
790 282 954 322 omnino
975 296 1021 322 ea
1041 282 1138 321 mihi
1163 281 1359 322 sententia
1382 282 1454 321 fuit
1484 284 1526 321 Ρ.
1544 282 1590 322 C.

198 347 241 378 ut
263 339 428 378 Missam
449 337 683 377 sacrificium
704 350 789 376 esse
810 338 1023 376 crederem,
1045 368 1053 376 .
1077 367 1084 376 .
1107 367 1115 376 .

253 395 374 432 Porro
412 400 455 431 ut
492 393 543 431 ad
580 399 809 442 argumenta
843 391 987 441 quibus
1027 392 1192 430 Missam
1232 389 1466 429 sacrificium
1505 404 1591 430 esse

199 448 366 498 probare
392 446 542 485 institui
571 447 733 485 tandem
762 447 999 496 perveniam,
1024 448 1134 485 Deus
1164 445 1231 495 qui
1258 444 1413 484 mentiri
1442 445 1590 495 nequit,

198 503 305 552 apud
327 500 565 540 Malachiam
588 501 833 551 prophetam,
855 499 995 539 veteris
1016 499 1110 550 legis
1140 500 1363 538 sacerdotes
1387 506 1425 538 et
1450 500 1590 537 horum

198 569 372 603 munera,
402 555 442 594 id
476 562 545 603 est,
574 554 763 593 sacrificia
796 553 975 593 reiiciens
1009 562 1047 593 et
1080 561 1216 605 gentes
1245 553 1319 592 sibi
1347 553 1593 604 peculiariter

197 610 355 660 eligens,
388 609 443 648 sic
472 610 595 648 fatur:
626 610 719 647 Non
749 616 807 647 est
837 608 932 646 mihi
952 610 1133 647 voluntas
1163 607 1203 646 in
1227 606 1351 654 vobis,
1380 615 1418 646 et
1447 621 1591 646 munus

198 678 279 702 non
300 665 511 714 suscipiam
541 664 592 702 de
621 676 741 701 manu
762 669 898 701 vestra.
958 663 1022 701 Ab
1043 669 1129 701 ortu
1157 661 1262 700 enim
1283 661 1374 700 solis
1395 674 1521 712 usque
1540 663 1591 700 ad

198 731 383 757 occasum
414 731 601 767 magnum
632 724 690 755 est
720 730 867 756 nomen
898 730 1030 755 meum
1060 716 1100 755 in
1128 715 1323 767 gentibus,
1345 723 1384 754 et
1412 715 1452 753 in
1482 717 1591 754 omni

197 774 286 811 loco
316 771 556 811 sacrificatur
584 778 623 809 et
652 772 810 810 offertur
839 770 991 809 nomini
1020 783 1111 809 meo
1138 769 1288 809 oblatio
1314 770 1476 817 munda,
1499 769 1591 820 quia

198 840 384 877 magnum
415 834 472 865 est
502 839 649 864 nomen
680 838 813 864 meum
840 826 879 863 in
907 825 1113 875 gentibus:
1143 824 1238 863 dicit
1265 825 1463 863 Dominus
1489 836 1592 863 exer-

196 881 370 920 cituum:
397 882 491 919 Mal.
515 880 536 918 i.
564 893 621 928 10,
650 893 708 918 11.
766 880 952 919 Ceterum
973 892 1092 918 nemo
1118 878 1325 918 hominum
1352 878 1502 916 munda
1528 878 1592 916 illa

197 943 255 974 est
275 935 437 974 oblatio.
461 965 468 973 .
490 965 497 973 .
522 965 529 973 .
553 935 616 973 De
633 933 790 973 Christo
810 947 902 984 ergo
922 933 987 972 illa
1006 932 1171 972 omnino
1192 931 1445 983 intelligenda
1465 939 1588 979 erunt,

196 989 263 1039 qui
284 1002 373 1028 vere
393 997 473 1027 tam
504 996 638 1027 sancta
663 996 700 1027 et
725 989 874 1026 munda
903 987 1052 1026 oblatio
1081 994 1149 1027 est.
1209 989 1415 1026 Praeterea
1442 999 1516 1025 nec
1540 987 1590 1025 de

196 1043 338 1082 visibili
359 1043 424 1082 illa
439 1042 640 1082 oblatione
660 1043 779 1081 verba
799 1043 897 1081 haec
917 1041 1078 1092 intelligi
1100 1048 1296 1092 poterunt,
1311 1054 1390 1091 qua
1409 1040 1590 1080 Christus

197 1111 238 1136 se
258 1097 387 1148 ipsum
411 1099 500 1136 Deo
522 1098 625 1135 Patri
647 1098 769 1136 semel
789 1096 828 1134 in
849 1109 914 1135 ara
934 1097 1059 1135 crucis
1079 1109 1150 1146 pro
1170 1094 1342 1145 peccatis
1361 1094 1504 1133 nostris
1524 1095 1591 1133 ob-

197 1152 297 1190 tulit.
340 1151 542 1200 Quoniam
563 1151 712 1190 oblatio
732 1164 779 1190 ea
794 1157 900 1189 certo
916 1150 956 1188 in
972 1151 1071 1197 loco,
1089 1148 1375 1200 Hierosolymis
1391 1148 1588 1197 nimirum,

194 1207 295 1244 facta
316 1213 385 1252 est,
408 1213 446 1244 et
466 1205 633 1256 proinde
653 1218 727 1243 nec
747 1204 896 1255 ubique
917 1217 990 1243 nec
1011 1205 1050 1242 in
1070 1203 1266 1255 gentibus,
1288 1204 1359 1242 sed
1378 1202 1419 1241 in
1441 1203 1590 1241 Iudaea

195 1267 252 1298 est
274 1260 417 1299 oblata.
469 1259 722 1309 Relinquitur
742 1272 834 1309 ergo
854 1266 897 1297 ut
917 1259 1068 1297 munda
1096 1258 1172 1305 illa,
1195 1271 1297 1308 quae
1325 1257 1426 1296 inter
1452 1263 1589 1307 gentes

195 1315 364 1360 offertur,
401 1313 551 1352 oblatio
590 1326 670 1351 non
709 1314 816 1351 aliud
850 1312 924 1351 nisi
954 1313 1084 1351 altaris
1123 1311 1357 1351 sacrificium
1388 1310 1447 1356 sit,
1481 1312 1589 1361 quod

195 1367 508 1407 Christianorum
530 1366 695 1406 ecclesia
714 1367 814 1406 inter
832 1373 969 1416 gentes
989 1366 1166 1404 instituta
1186 1372 1225 1404 et
1245 1365 1393 1415 ub'ique
1411 1366 1589 1404 locorum

195 1422 370 1472 dispersa
390 1435 458 1471 per
478 1421 676 1460 ministros
697 1434 788 1459 suos
809 1420 943 1459 divino
964 1420 1115 1459 nomini
1136 1420 1274 1458 offerre
1292 1420 1507 1458 consuevit.
1525 1449 1532 1457 .
1552 1450 1558 1457 .
1579 1449 1586 1457 .

249 1477 442 1523 Secunda,
461 1488 563 1525 quae
586 1475 751 1513 Missam
772 1474 1005 1513 sacrificium
1026 1487 1111 1513 esse
1127 1474 1256 1521 docet,
1270 1473 1368 1512 ratio
1388 1474 1486 1512 haec
1507 1480 1564 1511 est
1581 1488 1587 1511 :

195 1529 320 1568 Missa
340 1543 388 1568 eo
408 1530 530 1568 modo
550 1528 812 1567 administrari
841 1529 961 1567 debet
981 1541 1061 1578 quo
1082 1527 1262 1567 Christus
1283 1527 1389 1565 illam
1409 1528 1588 1578 primitus

194 1583 371 1631 instituit,
394 1590 436 1622 ut
456 1583 641 1621 nimirum
668 1585 708 1621 in
732 1582 898 1622 ecclesia
926 1582 1154 1621 celebretur.
1213 1581 1392 1621 Christus
1422 1580 1588 1620 Missam

194 1651 267 1677 ceu
288 1637 521 1676 sacrificium
543 1637 718 1676 instituit.
762 1639 866 1686 Ergo
888 1636 1013 1675 Missa
1032 1643 1090 1675 est
1110 1635 1355 1674 sacrificium.
1404 1636 1588 1674 Testatur

194 1693 271 1730 hoc
292 1693 391 1730 Psal.
415 1705 472 1730 cx.
496 1705 519 1738 4
541 1691 600 1730 his
620 1691 770 1730 verbis:
802 1690 948 1729 Iuravit
964 1690 1172 1737 Dominus,
1194 1697 1233 1728 et
1249 1702 1330 1728 non
1345 1688 1586 1739 poenitebit:

194 1748 257 1784 Tu
278 1760 318 1785 es
340 1747 522 1784 sacerdos
543 1745 582 1783 in
602 1754 805 1784 aeternum
836 1758 882 1783 ex
906 1744 1044 1783 ordine
1066 1743 1351 1782 Melchizedek.
1412 1744 1463 1781 Et
1484 1744 1584 1782 Gen.

194 1801 266 1838 xiv.
303 1802 348 1838 18
379 1799 581 1838 scribitur:
622 1798 897 1837 Melchizedek
926 1811 991 1837 rex
1020 1799 1150 1837 Salem
1180 1798 1348 1836 offerens
1376 1809 1520 1846 panem
1548 1804 1585 1835 et

194 1853 328 1891 vinum
352 1854 448 1903 (erat
469 1853 574 1892 enim
600 1854 782 1892 sacerdos
814 1852 890 1891 Dei
914 1851 1110 1902 altissimi)
1130 1850 1332 1890 benedixit
1352 1851 1387 1889 ei
1408 1854 1475 1888 &c.
1534 1852 1586 1888 Et

192 1907 388 1957 peculiare
408 1907 622 1946 sacerdotis
643 1920 787 1945 munus
808 1914 865 1945 est
883 1908 972 1944 Deo
992 1907 1138 1944 offerre.
1200 1905 1473 1943 Melchizedek
1494 1917 1585 1954 ergo

193 1963 283 2000 Deo
303 1974 447 2011 panem
469 1968 505 1998 et
526 1960 660 1998 vinum
681 1960 835 1999 obtulit.
869 1991 875 1998 .
908 1990 916 1998 .
949 1990 955 1997 .
989 1961 1124 2008 Quum
1151 1965 1283 1997 autem
1304 1959 1483 1998 Christus
1503 1970 1584 1996 non

193 2017 244 2054 ad
265 2015 495 2053 solvendam
517 2015 643 2064 legem
665 2015 735 2052 sed
755 2022 797 2052 ut
824 2013 929 2052 illam
955 2014 1145 2063 impleret,
1168 2011 1316 2051 venerit
1345 2041 1352 2050 .
1385 2041 1393 2049 .
1427 2042 1434 2049 .
1466 2011 1584 2050 etiam

193 2070 379 2107 hocloco
400 2080 557 2106 carnem
579 2076 617 2106 et
643 2067 874 2117 sanguinem
901 2080 1016 2105 suum
1046 2066 1119 2104 sub
1149 2067 1279 2116 specie
1307 2064 1419 2115 panis
1445 2072 1485 2104 et
1504 2064 1584 2104 vini

192 2130 381 2173 tanquam
402 2121 635 2161 sacrificium
652 2121 832 2168 instituit,
847 2128 889 2158 ut
905 2120 1089 2158 nimirum
1106 2119 1190 2170 ipsa
1209 2119 1263 2158 rei
1281 2118 1422 2158 veritas
1439 2120 1583 2169 figurae

193 2178 458 2227 responderet.
475 2207 482 2214 .
500 2206 507 2214 .
522 2206 529 2213 .
547 2177 661 2213 Haec
678 2174 812 2213 omnia
824 2174 863 2212 in
878 2173 1023 2214 Christi
1036 2173 1219 2224 passione
1232 2173 1394 2223 impleta
1405 2179 1508 2211 sunt.
1525 2202 1532 2210 .
1547 2201 1556 2211 .
1572 2203 1580 2211 .

192 2233 246 2269 At
272 2232 455 2270 sacerdos
479 2229 579 2280 (ex)
602 2228 739 2268 ordine
764 2228 1039 2267 Melchizedek
1062 2235 1195 2266 manet
1221 2226 1262 2265 in
1285 2233 1503 2275 aeternum,
1526 2227 1582 2265 sic

192 2284 377 2323 nimirum
402 2291 444 2323 ut
470 2285 521 2323 ad
547 2283 663 2321 huius
692 2283 915 2332 exemplum
944 2281 1134 2320 sacrificet
1149 2296 1159 2329 3
1187 2280 1308 2331 idque
1334 2279 1513 2330 quotidie
1542 2279 1582 2317 in

194 2338 319 2377 Missa
338 2340 380 2377 fit
401 2337 655 2385 invisibiliter,
678 2350 801 2387 quum
822 2335 988 2374 ecclesia
1008 2348 1166 2374 carnem
1188 2342 1226 2374 et
1246 2333 1478 2385 sanguinem
1498 2333 1581 2372 eius

193 2393 266 2431 sub
283 2392 414 2441 specie
434 2393 546 2442 panis
567 2398 605 2430 et
624 2390 704 2430 vini
724 2390 910 2429 immolat.

247 2446 390 2494 Tertia,
413 2459 491 2496 qua
512 2445 677 2484 Missam
698 2445 930 2483 sacrificium
952 2443 1082 2483 dicere
1102 2443 1328 2493 compellor,
1346 2454 1465 2480 causa
1483 2442 1580 2479 haec
