1715 2780
168 125 239 159 262
437 120 555 157 THE
587 119 725 157 DIET
755 119 827 158 OF
858 119 1178 167 AUGsssURG‚
1215 129 1313 169 1530
1495 120 1558 157 116

162 223 314 274 imperii
335 225 382 261 V.
406 223 452 263 C.
478 225 533 261 M.
557 222 690 261 habita
720 228 822 271 sunt,
851 235 920 272 per
950 223 1160 270 Electores‚
1184 222 1385 273 Principes
1414 229 1452 261 et
1478 222 1560 261 reli-

163 291 263 328 quos
292 279 423 316 Status
454 276 613 328 Imperii
643 290 798 327 semper
826 275 1073 315 concorditer
1095 283 1227 315 actum
1254 283 1292 316 et
1315 276 1560 327 congruenti-

163 332 237 370 bus
258 331 446 382 suffragiis
467 332 698 370 conclusum
718 338 787 369 est.
846 333 879 369 8.
911 331 977 369 Ad
997 329 1108 369 cuius
1126 330 1244 369 etiam
1259 331 1449 381 generalis
1469 343 1560 370 con-

163 385 241 424 cilii
270 393 523 432 conventum,
554 386 669 423 simul
699 392 737 423 et
765 385 816 423 ad
845 386 892 422 V.
916 384 961 424 C.
987 385 1042 422 M.
1074 384 1114 422 in
1143 385 1218 423 hac
1246 386 1362 435 longe
1390 384 1560 423 maxima

162 447 200 478 et
229 439 455 490 gravissima
483 452 600 477 causa
628 438 705 477 iam
735 446 826 477 ante
855 439 972 477 etiam
1002 438 1138 477 debito
1166 439 1288 477 modo
1317 446 1355 477 et
1374 438 1414 476 in
1434 440 1559 477 forma

162 493 254 531 iuris
284 493 584 543 provocavimus
614 500 651 531 et
680 492 975 543 appellavimus.
1034 491 1109 531 Cui
1147 492 1400 542 appellationi
1428 494 1480 531 ad
1508 494 1558 531 V.

164 549 208 587 C.
233 549 290 585 M.
314 548 429 585 simul
460 555 498 586 et
527 546 738 585 concilium
768 547 899 585 adhuc
928 547 1200 594 adhaeremus,
1224 559 1353 596 neque
1383 560 1468 585 eam
1490 559 1558 597 per

165 603 270 639 hunc
299 603 360 640 vel
389 601 508 639 alium
538 608 745 639 tractatum
776 599 867 651 (nisi
889 613 1007 638 causa
1027 601 1127 639 inter
1155 613 1228 639 nos
1249 608 1288 639 et
1307 608 1434 650 partes
1455 601 1560 639 iuxta

163 663 341 694 tenorem
372 656 588 694 Caesareae
617 654 818 705 proximae
847 653 1042 692 citationis
1062 653 1188 693 amice
1216 654 1257 692 in
1276 654 1435 693 caritate
1455 667 1560 693 com-

162 709 302 759 posita,
335 710 471 748 sedata
500 716 537 747 et
566 710 617 747 ad
647 708 911 748 Christianam
941 708 1194 747 concordiam
1229 709 1392 747 reducta
1429 708 1561 760 fuerit)

162 764 341 802 deserere
370 762 614 802 intendimus
643 770 711 801 aut
739 775 950 813 possumus
966 777 975 811 3
1003 763 1054 801 de
1084 775 1164 812 quo
1193 761 1258 801 hic
1287 763 1405 801 etiam
1434 763 1559 801 solen-

160 818 261 856 niter
280 825 319 857 et
338 817 496 868 publice
516 823 790 867 protestamur.

364 927 493 961 PARS
523 927 551 960 Ι.
601 925 858 960 ARTICULI
887 925 1035 959 FIDEI
1066 925 1369 961 PRAECIPUI.

729 996 760 1033 Ι.
794 995 859 1031 DE
889 995 994 1032 DEo.

218 1059 418 1099 Ecclesiae
461 1072 606 1110 magno
645 1072 842 1097 consensu
882 1059 989 1109 apud
1035 1071 1108 1097 nos
1154 1059 1311 1106 docent,
1355 1060 1558 1099 decretum

164 1116 200 1153 N
205 1113 366 1153 icaenae
396 1114 537 1164 synodi
567 1114 617 1152 de
646 1114 795 1151 unitate
816 1112 1008 1152 essentiae
1029 1111 1186 1151 divinae
1205 1121 1243 1152 et
1263 1114 1314 1152 de
1333 1113 1456 1152 tribus
1477 1127 1559 1164 per-

163 1168 267 1207 sonis
297 1181 431 1207 verum
462 1176 499 1207 et
529 1167 612 1206 sine
642 1168 720 1205 ulla
748 1166 996 1206 dubitatione
1024 1167 1267 1206 credendum
1297 1180 1407 1206 esse:
1455 1168 1558 1207 vide-

162 1222 253 1261 licet
282 1224 391 1273 quod
421 1223 468 1261 sit
498 1235 577 1260 una
605 1220 775 1260 essentia
804 1220 946 1268 divina,
979 1233 1080 1270 quae
1110 1228 1147 1259 et
1177 1222 1395 1271 appellatur
1423 1229 1462 1260 et
1499 1230 1558 1261 est

163 1277 284 1324 Deus,
314 1283 507 1323 aeternus,
539 1275 803 1325 incorporeus,
839 1274 1096 1324 impartibilis,
1138 1274 1331 1328 immensa
1368 1275 1555 1326 potentia,

162 1331 364 1380 sapientia,
400 1330 588 1375 bonitate,
633 1336 784 1367 creator
827 1336 864 1367 et
906 1336 1158 1367 conservator
1197 1328 1375 1367 omnium
1415 1342 1554 1377 rerum,

162 1383 373 1422 visibilium
404 1391 442 1422 et
471 1382 754 1430 invisibilium,
795 1389 833 1421 et
863 1390 994 1420 tamen
1025 1390 1101 1421 tres
1131 1381 1208 1420 sint
1236 1396 1438 1432 personae,
1461 1383 1559 1422 eius-

163 1439 254 1476 dem
272 1437 465 1476 essentiae
485 1444 523 1475 et
544 1435 754 1487 potentiae,
777 1443 814 1474 et
835 1443 1076 1483 coaeternae,
1100 1437 1223 1483 Pater,
1244 1436 1365 1475 Filius
1385 1445 1422 1475 et
1444 1437 1558 1488 Spiri-

163 1499 224 1529 tus
246 1493 422 1530 Sanctus.
484 1505 516 1529 2.
549 1492 599 1528 Et
621 1489 781 1528 nomine
795 1497 982 1539 personae
1002 1497 1164 1528 utuntur
1184 1502 1229 1528 ea
1259 1489 1555 1540 significatione,

162 1558 240 1595 qua
269 1544 329 1583 usi
350 1552 440 1583 sunt
461 1544 500 1583 in
530 1545 604 1582 hac
634 1557 752 1582 causa
780 1543 987 1593 scriptores
1017 1542 1281 1591 ecclesiastici,
1303 1551 1345 1583 ut
1365 1544 1557 1594 significet

163 1613 243 1638 non
264 1606 414 1649 partem
435 1605 501 1638 aut
522 1597 751 1648 qualitatem
773 1596 812 1635 in
831 1597 919 1644 alio,
943 1598 1013 1636 sed
1033 1598 1142 1647 quod
1162 1597 1317 1648 proprie
1337 1598 1523 1637 subsistit.

217 1667 251 1702 3.
285 1655 488 1691 Damnant
516 1664 655 1691 omnes
683 1653 863 1690 haereses
883 1658 1020 1689 contra
1039 1652 1146 1689 hunc
1165 1651 1371 1690 articulum
1392 1660 1556 1701 exortas,

163 1714 204 1745 ut
226 1706 496 1754 Manichaeos,
518 1705 585 1756 qui
608 1707 689 1745 duo
709 1704 899 1756 principia
919 1705 1131 1755 ponebant,
1155 1705 1305 1744 bonum
1327 1713 1364 1744 et
1384 1707 1530 1744 malum
1550 1721 1558 1753 ;

162 1760 256 1799 item
296 1761 606 1806 Valentinianos,
637 1759 816 1807 Arianos,
853 1758 1137 1806 Eunomianos‚
1180 1758 1482 1798 Mahometistas
1520 1768 1559 1799 et

163 1827 302 1853 omnes
332 1816 472 1852 horum
503 1813 657 1852 similes.
717 1827 752 1860 4.
785 1815 987 1851 Damnant
1017 1820 1055 1851 et
1084 1814 1373 1861 Samosatenos‚
1408 1821 1556 1853 veteres

163 1876 200 1906 et
231 1867 461 1915 neotericos,
493 1867 559 1917 qui
593 1880 714 1917 quum
745 1874 898 1905 tantum
938 1880 1057 1904 unam
1095 1880 1304 1916 personam
1343 1880 1428 1906 esse
1465 1881 1556 1906 con-

164 1923 340 1968 tendant,
363 1923 413 1959 de
433 1922 567 1959 Verbo
597 1929 634 1959 et
655 1922 705 1959 de
726 1922 869 1970 Spiritu
891 1922 1036 1959 Sancto
1056 1928 1184 1959 astute
1204 1928 1242 1959 et
1261 1920 1380 1971 impie
1400 1921 1558 1960 rhetori-

163 1983 311 2022 cantur,
335 1976 443 2024 quod
472 1988 553 2012 non
583 1974 660 2012 sint
680 1986 870 2023 personae
899 1973 1118 2020 distinctae,
1150 1975 1219 2013 sed
1249 1975 1357 2023 quod
1377 1975 1553 2013 Verbum

164 2028 354 2078 significet
375 2028 538 2067 verbum
559 2029 705 2075 vocale,
728 2035 765 2066 et
787 2027 951 2077 Spiritus
972 2034 1124 2065 motum
1146 2027 1185 2065 in
1205 2027 1321 2066 rebus
1341 2036 1526 2067 creatum.

552 2093 604 2129 II.
666 2093 732 2129 DE
762 2102 947 2130 PECCATo
977 2102 1174 2129 0R1G1N1s.

220 2159 321 2196 Itern
352 2158 508 2202 docent,
540 2157 648 2206 quod
678 2163 766 2206 post
794 2157 946 2205 lapsum
977 2157 1090 2194 Adae
1119 2168 1257 2195 omnes
1287 2157 1478 2205 homines,
1501 2170 1556 2196 se-

164 2212 340 2250 cundum
371 2218 548 2249 naturam
578 2211 790 2259 propagati,
822 2216 1032 2247 nascantur
1060 2222 1149 2247 cum
1180 2218 1353 2260 peccato,
1380 2212 1456 2249 hoc
1485 2218 1554 2257 est,

165 2265 249 2303 sine
288 2272 394 2303 metu
431 2263 517 2310 Dei,
549 2263 633 2302 sine
673 2264 816 2301 fiducia
859 2275 947 2312 erga
991 2264 1134 2310 Deum,
1166 2271 1204 2302 et
1243 2277 1333 2302 curn
1373 2264 1556 2314 concupi-

165 2319 325 2365 scentia,
347 2319 535 2368 quodque
555 2317 618 2354 hic
639 2317 799 2355 morbus
819 2328 887 2355 seu
908 2316 1044 2354 vitium
1065 2316 1223 2366 originis
1242 2330 1331 2357 vere
1351 2318 1399 2356 sit
1419 2331 1556 2367 pecca-

165 2381 260 2420 tum,
282 2374 475 2411 damnans
505 2378 542 2409 et
570 2371 734 2409 afferens
753 2383 859 2408 nunc
888 2383 1048 2420 quoque
1075 2378 1274 2409 aeternam
1306 2379 1470 2410 mortem
1495 2371 1555 2409 his

166 2426 233 2476 qui
254 2439 334 2464 non
356 2432 611 2464 renascuntur
631 2437 699 2474 per
720 2425 959 2474 baptismum
981 2432 1018 2462 et
1039 2424 1225 2474 Spiritum
1246 2426 1444 2464 Sanctum.

223 2494 254 2518 2.
293 2482 493 2519 Damnant
524 2478 753 2528 Pelagianos
779 2485 817 2516 et
845 2477 941 2516 alios
971 2479 1037 2527 qui
1067 2478 1203 2517 vitium
1232 2478 1390 2528 originis
1411 2485 1555 2528 negant
