1715 2780
120 89 178 139 96
336 85 653 127 LUTHERAN
691 83 1114 134 COMMUNITIES,
1153 89 1306 136 1526—9
1444 97 1517 135 203

120 193 217 231 tium
237 193 325 230 Act.
349 191 423 230 viii.
452 206 509 239 14,
533 193 656 230 immo
683 199 720 230 et
750 190 871 240 ipsius
893 190 1038 230 Christi
1063 190 1354 229 circumeuntis.
1416 191 1519 228 Dein

120 260 166 285 ex
195 245 330 285 Veteri
361 247 620 285 Testamento
654 246 856 292 Samuelis,
899 244 1010 283 Eliae
1044 252 1082 283 et
1116 244 1303 283 Helisaei.
1378 246 1521 282 Postea

122 299 418 351 Episcoporum‚
454 300 521 350 qui
560 299 645 351 ipso
679 300 842 338 nomine
882 313 954 338 suo
988 298 1220 337 visitationis
1259 297 1432 337 officium
1467 300 1521 336 in—

121 356 263 402 dicant,
296 362 407 393 vetus
438 354 662 393 institutum
692 362 730 392 et
760 366 911 392 morem
946 354 1091 401 laudat,
1128 355 1238 403 quod
1272 361 1448 403 pastores
1482 360 1521 391 et

120 410 287 460 populos
317 409 391 448 sibi
417 408 653 447 commissos
682 408 778 447 olim
805 407 1045 447 visitaverint
1059 423 1069 456 3
1100 421 1231 458 neque
1258 415 1391 446 tamen
1419 414 1521 445 tacet

120 463 324 514 quomodo
361 463 412 502 ab
443 464 650 513 Episcopis
686 464 785 501 fastu
821 462 966 501 saeculi
994 461 1325 501 insolescentibus
1355 463 1522 500 salutare

121 525 159 556 et
181 517 444 556 necessarium
472 518 548 556 hoc
572 516 805 555 visitationis
830 516 1004 555 officium
1032 518 1269 567 neglectum,
1298 524 1335 554 et
1356 515 1518 563 vicariis,

119 571 169 611 ab
190 571 301 610 initio
321 571 483 621 quidem
500 571 714 611 Canonicis
735 570 1026 621 capitularibus,
1042 584 1142 621 quos
1164 578 1306 609 vocant
1325 585 1334 618 3
1363 570 1520 617 deinde,

121 639 209 665 cum
249 634 287 665 et
325 625 365 664 hi
405 625 487 664 otio
530 634 741 676 torperent,
784 625 1017 664 officialibus
1065 626 1351 664 demandatum
1396 624 1520 663 suerit.

119 682 172 719 At
199 681 236 718 hi
259 677 349 734 [ait]
371 679 624 719 citationibus
645 680 840 719 vexabant
861 679 1042 718 homines
1071 680 1108 718 in
1131 679 1259 718 causis
1280 678 1520 727 nummariis,

121 735 318 773 neminem
339 742 471 773 autem
492 734 714 773 visitabant

163 786 229 848 [p.
261 786 353 841 149]
378 790 560 828 Tandem
592 802 683 828 vero
713 787 872 842 [pergit]
896 802 944 827 eo
968 789 1129 839 delapsa
1156 796 1213 827 est
1243 787 1452 838 disciplina
1482 796 1524 826 ut

120 842 237 882 etiam
253 845 450 882 Dominus
471 842 646 882 officialis
667 843 776 882 domi
797 843 994 882 desideret
1008 850 1047 882 et
1063 843 1306 882 nebulonem
1310 843 1522 902 quendam

120 910 188 948 per
207 898 352 948 oppida
379 905 418 937 et
444 911 564 948 pagos
592 897 816 936 visitantem
844 899 1025 945 mitteret,
1048 897 1116 947 qui
1144 897 1280 936 audita
1307 896 1346 934 in
1367 910 1523 947 popinis

119 959 186 990 aut
223 965 246 990 a
274 952 516 991 delatoribus
554 960 735 1002 suggesta
763 952 920 991 officiali
950 952 1154 991 referebat.
1214 953 1253 990 Is
1282 959 1420 1001 postea
1454 964 1525 1000 pro

123 1019 282 1045 munere
303 1019 374 1045 suo
390 1006 586 1045 exactorio
602 1020 787 1044 nummos
805 1007 1036 1045 corradebat
1049 1006 1099 1045 ab
1117 1005 1409 1052 innocentibus,
1424 1018 1524 1055 quos

120 1061 270 1099 honore
298 1069 335 1099 et
365 1063 468 1099 fama
493 1061 699 1111 spoliabat,
721 1062 828 1099 uude
854 1062 996 1099 caedes
1025 1069 1062 1099 et
1085 1062 1161 1099 alia
1182 1062 1286 1099 mala
1306 1067 1390 1099 orta
1421 1068 1521 1097 sunt.

122 1115 334 1164 Reliquum
350 1115 467 1153 etiam
483 1114 626 1153 mansit
638 1127 783 1153 nomen
798 1114 950 1163 synodi,
965 1115 1004 1153 id
1018 1123 1087 1162 est,
1098 1123 1150 1161 ut,
1166 1116 1255 1153 loco
1269 1115 1522 1164 synodorum,

122 1168 303 1208 visitandi
324 1183 442 1208 causa
461 1169 512 1207 ab
530 1168 737 1219 Episcopis
759 1170 1043 1215 habendarum,
1068 1182 1135 1218 per
1152 1168 1417 1207 missionarios
1438 1168 1525 1206 illos

123 1224 177 1260 nil
210 1222 285 1262 nisi
314 1231 415 1262 artes
450 1223 609 1274 plebem
644 1223 813 1273 pecunia
848 1223 1090 1273 emungendi
1122 1230 1404 1270 exercerentur,
1441 1230 1524 1260 tum

123 1277 600 1316 excommunicationibus
631 1277 852 1324 saeviretur,
884 1285 951 1316 aut
977 1278 1193 1327 aliquando
1221 1278 1319 1316 ordo
1345 1276 1525 1326 antipho-

124 1345 260 1370 narum
282 1339 321 1371 et
336 1345 520 1371 versuum
541 1333 579 1370 in
601 1331 758 1382 templis
779 1333 1067 1371 cantandorum
1085 1340 1347 1370 renovaretur.
1394 1332 1525 1369 Nemo

127 1383 214 1438 [ait]
254 1387 416 1425 curabat
455 1385 551 1437 quid
590 1387 799 1425 doceretur
841 1393 909 1424 aut
948 1387 1182 1434 crederetur,
1220 1387 1281 1424 vel
1320 1386 1526 1436 quomodo

125 1439 346 1480 Christiane
376 1448 414 1479 et
441 1442 661 1480 secundum
692 1441 923 1479 charitatem
954 1440 1156 1487 viveretur,
1189 1448 1257 1479 aut
1286 1439 1525 1490 pauperibus

125 1494 420 1544 prospiceretur,
450 1495 588 1534 solatia
618 1494 794 1541 infirmis,
823 1508 1011 1533 censurae
1037 1494 1209 1545 profanis
1231 1494 1523 1540 adhiberentur,

126 1561 253 1599 neque
282 1549 356 1588 alia
385 1551 436 1588 ad
458 1549 632 1588 officium
661 1549 908 1600 pertinentia.
969 1551 1063 1588 Non
1087 1549 1161 1587 nisi
1189 1550 1395 1587 helluones
1417 1556 1526 1586 erant

126 1602 192 1652 qui
211 1603 453 1642 devorabant
474 1617 575 1654 quae
596 1604 770 1650 aderant,
795 1617 869 1642 nec
890 1604 1108 1654 quidquam
1131 1605 1240 1653 quod
1262 1617 1343 1641 non
1364 1604 1527 1641 damno-

127 1669 213 1695 sum
257 1666 359 1697 esset
402 1658 572 1708 agebant
610 1658 664 1696 ita
702 1665 744 1696 ut
793 1657 1084 1696 sanctissimum
1125 1659 1221 1696 illud
1261 1658 1449 1706 Episcopi
1489 1664 1527 1694 ct

126 1710 331 1751 visitatoris
361 1725 505 1751 munus
536 1714 575 1750 in
605 1712 820 1751 ludibrium
842 1725 997 1751 versum
1028 1712 1087 1750 sit.
1144 1713 1287 1750 Nullus
1318 1712 1416 1749 ordo
1446 1710 1527 1749 sive

127 1771 248 1804 status
286 1766 493 1805 hominum
533 1779 652 1816 purus
688 1774 726 1804 et
759 1766 930 1805 illibatus
970 1765 1125 1813 mansit,
1167 1773 1224 1804 tot
1264 1774 1394 1804 sectae
1431 1773 1527 1814 quot

128 1819 290 1870 collegia
321 1828 359 1859 et
388 1820 626 1860 monasteria
657 1828 763 1859 ortae
794 1828 895 1868 sunt,
928 1834 1116 1870 oppressa
1146 1819 1301 1858 interim
1336 1819 1525 1865 Ecclesia,

128 1875 297 1913 extincta
318 1875 405 1922 fide,
430 1889 539 1914 versa
560 1876 599 1912 in
627 1876 725 1913 rixas
747 1882 785 1912 et
813 1875 917 1913 bella
937 1874 1137 1922 charitate,
1163 1874 1379 1924 Evangelio
1401 1875 1529 1911 occul-

129 1934 218 1975 tato,
241 1936 279 1967 et
309 1929 391 1968 eius
422 1931 510 1968 loco
541 1930 774 1968 introductis
796 1928 980 1967 humanis
1003 1928 1320 1968 ordinationibus
1352 1927 1528 1966 somniis-

129 1994 216 2031 que.
258 1983 367 2032 Quid
387 1983 502 2034 igitur
524 1983 663 2022 mirum
686 1983 717 2021 si
738 1984 902 2021 Satanas
923 1984 1038 2021 larvis
1059 1984 1137 2022 suis
1155 1982 1288 2022 omnia
1310 1982 1530 2032 repleverit,

129 2048 220 2074 cum
240 2049 358 2076 nemo
379 2045 597 2088 opponeret
617 2037 866 2076 autoritatem
889 2046 956 2076 aut
978 2038 1241 2076 industriam?
1291 2038 1400 2086 Quid
1423 2036 1528 2075 enim

131 2088 170 2127 in
204 2090 396 2139 primitiva
431 2094 550 2130 etiam
583 2093 760 2130 Ecclesia
790 2091 1091 2141 diligentissima
1121 2093 1404 2142 Apostolorum
1437 2104 1529 2129 cura

131 2145 345 2193 profecerit,
372 2159 418 2184 ex
442 2146 552 2184 Pauli
583 2146 751 2196 querelis
781 2147 832 2184 ad
853 2145 1094 2192 Corinthios,
1123 2147 1283 2185 Galatas
1305 2147 1530 2190 et‚Thessa-

129 2197 349 2247 lonicenses
377 2207 544 2239 constat.
604 2200 712 2248 Quid
741 2199 856 2249 igitur
876 2202 1130 2247 comedones,
1154 2202 1348 2246 lurcones,
1377 2207 1529 2237 ventres

132 2249 185 2288 illi
205 2251 300 2302 pigri
321 2254 518 2292 efficerent
539 2257 544 2292 ἔ

187 2302 240 2357 [p.
264 2306 354 2359 150]
379 2309 495 2346 Nunc
516 2308 693 2347 restituta
710 2322 778 2358 per
798 2308 973 2347 divinam
997 2308 1305 2347 misericordiam
1326 2306 1528 2356 Evangelii

133 2358 218 2397 luce
239 2367 277 2398 et
297 2362 542 2411 deprehensa
563 2364 680 2401 foeda
700 2364 764 2400 illa
785 2362 1033 2402 Christianae
1056 2362 1260 2401 Ecclesiae
1281 2360 1528 2405 confusione,

134 2412 438 2454 desideravimus
452 2416 613 2466 quidem
628 2424 813 2456 utverum
828 2416 924 2455 illud
940 2417 1230 2467 Episcoporum
1246 2424 1283 2454 et
1298 2413 1531 2453 visitationis

135 2478 274 2506 munus
306 2470 582 2508 reduceretur:
623 2472 706 2518 sed,
738 2484 826 2509 cum
861 2484 980 2509 nemo
1015 2478 1191 2509 nostrum
1229 2476 1434 2507 vocaretur
1467 2476 1531 2506 aut
