1715 2780
107 127 132 164 3
512 113 584 153 OF
623 111 802 151 PAPAL
841 111 1092 150 FINANCE
1486 122 1503 158 7

107 232 206 271 gere,
225 227 264 259 et
286 216 556 258 Eucharistiae
576 223 877 261 sacramentum,
899 223 1173 265 praeterquam
1196 213 1235 251 in
1257 213 1320 252 die
1344 214 1508 252 Pascha-

108 273 167 321 tis‚
189 281 228 313 et
247 272 288 312 in
308 270 445 311 mortis
473 271 638 310 articulo
666 268 750 308 aliis
779 268 873 307 anni
893 268 1139 318 temporibus
1161 267 1390 314 ministrare,
1418 280 1508 306 nec·

109 341 190 366 non
225 339 295 378 per
332 339 399 365 eos
431 324 576 364 emissa
611 331 704 362 vota
742 334 1018 373 quaecumque
1047 351 1054 359 .
1085 352 1092 360 .
1125 351 1132 359 .
1163 322 1202 359 in
1240 321 1315 359 alia
1354 320 1508 370 pietatis

109 394 228 432 opera
256 386 511 420 commutare.
544 408 554 422 .,
584 408 591 416 .
625 407 633 416 .

162 436 181 485 ᾗ
214 449 272 483 14.
303 436 364 473 Ac
397 444 671 484 quoscumque
702 429 770 481 qui
800 438 892 469 ante
924 437 1093 469 aetatem
1125 427 1339 480 legitimam
1371 430 1422 467 ad
1454 442 1510 467 sa-

109 503 194 529 cros
223 488 341 528 etiam
371 488 661 539 presbyteratus
695 484 853 524 ordines
883 514 892 523 .
923 514 932 523 .
964 514 972 522 .
1004 497 1045 522 se
1076 482 1300 534 promoveri
1333 483 1510 522 fecerunt

190 572 198 582 .
237 556 284 582 ac
320 553 607 593 quoscumque,
642 539 710 590 qui
743 538 926 589 publicae
959 537 1176 577 honestatis
1213 537 1304 587 <et>
1342 536 1511 575 iustitiae

109 596 396 648 impedimento
424 609 493 634 seu
522 594 616 633 alias
646 592 950 644 quomodolibet
979 591 1170 642 impediti,
1203 590 1511 638 matrimonium,

109 653 276 691 scienter
303 651 365 689 vel
393 649 625 700 ignoranter,
658 648 698 686 in
727 654 866 697 quarto
895 647 956 685 vel
990 646 1115 693 tertio,
1151 659 1197 684 ac
1228 658 1297 696 per
1327 647 1511 695 copulam

109 704 367 751 fornicariam,
399 717 481 742 non
512 711 645 741 tamen
678 701 889 751 publicam,
925 701 1043 740 etiam
1076 700 1115 738 in
1154 699 1280 749 primo
1314 700 1511 737 affinitatis

109 760 231 811 gradu
275 757 559 797 contraxissent
596 764 634 795 et
673 755 817 794 carnali
851 756 994 805 copula
1026 761 1337 801 consumassent‚
1379 751 1411 791 si
1445 752 1511 791 im-

111 813 383 864 pedimentum
428 809 655 850 huiusmodi
695 809 733 847 in
774 809 962 848 iudicium
1002 809 1219 848 deductum
1261 820 1342 845 non
1385 807 1510 853 fuerit,

110 869 170 907 vel
209 868 440 906 scandalum
477 877 661 916 generare
700 877 780 902 non
819 863 952 913 possit,
991 863 1042 902 ab
1081 875 1240 901 excessu
1284 860 1512 900 huiusmodi

110 935 156 960 ac
186 918 606 960 excommunicationis
639 916 834 957 sententia
861 930 980 967 quarn
1014 924 1218 967 propterea
1248 915 1511 961 incurrissent,

112 975 286 1014 iniuncta
314 974 407 1014 inde
441 973 495 1013 eis
527 986 597 1023 pro
627 973 748 1011 modo
779 973 918 1021 culpae
948 970 1192 1021 poenitentia
1226 969 1381 1008 salutari
1413 982 1514 1019 quae

111 1031 161 1068 ad
192 1029 377 1068 fabricam
409 1026 635 1066 huiusmodi
665 1025 878 1075 dirigatur.
901 1055 910 1064 .
933 1055 941 1064 .
963 1025 1167 1064 absolvere
1195 1055 1201 1062 .
1233 1055 1240 1063 .

781 1302 797 1339 Ι
804 1302 837 1337 V

369 1403 654 1456 SPECIMEN
695 1414 920 1453 GRANTS
961 1413 1032 1452 or
1076 1425 1255 1463 1513—17

792 1489 838 1540 (i)

166 1560 374 1594 Francesco
392 1558 502 1600 Zeno,
515 1563 552 1591 to
567 1555 687 1590 whom
703 1555 822 1600 Julius
837 1555 872 1588 11
893 1553 970 1589 had
985 1553 1175 1588 entrusted
1196 1554 1258 1589 the
1278 1553 1518 1597 indulgences

118 1605 272 1651 granted
297 1606 344 1649 by
367 1604 426 1639 his
455 1603 538 1638 Bull
561 1604 700 1647 Liquet
722 1602 904 1644 omnibus,
923 1600 1009 1636 died
1035 1610 1078 1644 23
1101 1601 1185 1646 July
1207 1609 1308 1646 1512.
1362 1601 1420 1635 He
1442 1611 1518 1634 was

122 1652 331 1689 succeeded
349 1651 398 1697 by
415 1652 572 1686 another
586 1649 824 1692 franciscam,
839 1649 1017 1693 Timothy
1036 1648 1075 1682 of
1093 1649 1225 1683 Lucca.
1277 1648 1359 1683 The
1377 1647 1515 1682 follow-

121 1701 182 1746 ing
199 1711 262 1736 are
279 1700 342 1734 the
361 1698 452 1745 [No.
472 1697 508 1742 4]
528 1699 747 1732 Formulae
766 1697 814 1731 of
828 1696 1069 1731 absolution
1086 1696 1302 1738 (Loescher,
1322 1695 1516 1740 Reforma—

119 1749 313 1791 tionsacta,
335 1746 356 1781 i.
375 1754 439 1791 371
463 1745 559 1791 sqq.)
588 1744 707 1779 which
729 1743 777 1778 he
801 1754 875 1778 was
896 1742 1109 1777 authorized
1131 1749 1168 1776 to
1185 1742 1344 1787 employ.
1399 1742 1430 1776 lt
1449 1741 1517 1775 will

121 1795 168 1831 be
194 1794 378 1830 observed
403 1793 484 1827 that
512 1793 574 1826 the
602 1791 850 1827 contribution
877 1790 952 1825 had
979 1796 1015 1824 to
1046 1790 1091 1824 be
1118 1789 1228 1824 made
1255 1789 1358 1824 three
1385 1788 1516 1831 times;

121 1842 175 1887 (a)
205 1842 262 1876 for
291 1841 353 1876 the
383 1840 531 1885 general
561 1837 782 1880 absolution‚
812 1837 860 1881 (b)
889 1837 944 1871 sor
970 1837 1032 1871 the
1060 1836 1168 1879 dead,
1199 1834 1245 1881 (c)
1272 1836 1326 1870 sor
1352 1837 1455 1871 leave
1482 1842 1520 1869 to

122 1887 392 1924 communicate
410 1894 447 1922 at
466 1886 549 1921 will.

313 1985 401 2029 No.
427 1997 472 2039 4.
505 1983 777 2027 Formulae
811 1981 868 2024 of
892 1981 1202 2033 absolution,
1236 1982 1317 2023 διε.

178 2067 237 2118 (a)
267 2066 454 2105 Formula
483 2062 745 2103 absolutionis
775 2063 973 2114 plenariae
1003 2060 1217 2113 praemissa
1257 2060 1520 2100 confessione.

125 2121 255 2161 Semel
283 2121 323 2159 in
352 2119 432 2158 vita
460 2127 498 2158 et
527 2118 567 2157 in
597 2117 776 2168 quolibet
814 2116 988 2168 periculo
1027 2124 1065 2155 et
1104 2116 1144 2154 in
1184 2114 1319 2154 mortis
1357 2114 1521 2153 articulo

123 2176 186 2215 vel
213 2173 425 2213 verisimili.

179 2229 414 2267 Misereatur
443 2225 499 2265 tui
520 2228 590 2265 &c.
651 2227 701 2264 Et
730 2232 819 2276 post
849 2224 968 2263 verba
997 2223 1220 2263 communis
1249 2221 1519 2268 absolutionis,

127 2283 233 2322 dicat
261 2282 475 2321 Sacerdos:
513 2282 661 2318 Iterum
692 2278 923 2330 Apostolica
951 2278 1183 2316 auctoritate
1216 2277 1286 2315 tibi
1319 2288 1518 2321 concessa,

127 2343 166 2376 et
207 2335 304 2374 mihi
346 2335 385 2373 in
427 2335 499 2373 hac
542 2341 651 2384 parte
691 2332 913 2379 commissa,
956 2333 1120 2371 absolvo
1165 2340 1202 2370 te
1241 2331 1292 2369 ab
1337 2329 1522 2367 omnibus

127 2390 309 2440 peccatis,
346 2388 498 2427 delictis
537 2397 575 2427 et
623 2387 847 2426 excessibus
888 2393 1240 2437 quantumcunque
1282 2382 1521 2427 enormibus,

129 2446 318 2482 hactenus
342 2456 410 2493 per
434 2451 472 2481 te
498 2441 728 2489 commissis,
750 2454 795 2479 ac
822 2440 996 2479 censuris
1023 2438 1324 2489 quomodolibet
1347 2437 1520 2476 incursis,

129 2497 246 2536 ctiam
279 2496 371 2535 Sedi
402 2495 654 2545 Apostolicae
685 2496 895 2535 reservatis,
934 2494 970 2531 in
1007 2502 1197 2541 quantum
1232 2491 1325 2529 mihi
1361 2491 1522 2528 facultas
