1715 2780
121 58 196 96 126
469 56 956 103 PROTESTANTISM,
994 66 1170 105 1532—41
1439 69 1514 105 317

120 161 376 199 mutationem
394 166 635 199 mutaturum
650 159 766 198 fuisse
779 161 1034 206 voluntatem,
1050 161 1272 198 voluntates
1286 166 1514 198 testatorum

121 214 260 253 mutari
280 213 446 265 impium
460 221 518 253 est
537 229 543 252 :
573 215 624 253 de
639 215 748 253 lucro
762 214 837 253 iam
856 214 972 253 toties
989 213 1170 261 diximus,
1190 227 1310 264 quare
1332 221 1514 263 putamus

120 268 282 308 omnino
302 268 598 308 abstinendum.

173 322 256 374 (23)
286 322 514 362 Omnibus
506 337 544 361 1n
565 336 720 361 summa
741 322 865 372 explic
869 322 941 361 atis
961 335 1062 373 quae
1079 322 1275 382 pertinent
1295 323 1346 361 ad
1367 321 1514 360 univ-er

118 376 207 416 salis
236 378 425 416 ecclesiae
454 378 695 427 pontificem,
727 385 919 426 quantum
949 376 1084 415 animo
1113 376 1314 436 potuimus
1342 389 1516 426 compre-

118 432 301 478 hendere,
353 438 472 470 restat
492 438 534 469 ut
586 432 778 470 nonnulla
834 430 1012 470 dicamus
1064 444 1165 481 quae
1218 430 1415 481 pertinent
1464 431 1515 469 ad

118 487 347 524 Romanurn
368 485 610 535 episcopum.
671 487 785 524 Haec
806 487 989 524 Romana
1010 486 1146 523 civitas
1159 492 1197 524 et
1212 484 1377 524 ecclesia
1393 492 1515 522 mater

118 547 175 578 est
201 547 239 578 et
266 538 450 590 magistra
476 539 637 577 aliarum
667 539 932 578 ecclesiarum.
994 541 1092 578 Ideo
1123 538 1292 578 maxime
1322 540 1361 576 in
1392 552 1438 577 ea
1464 539 1515 576 vi-

117 606 207 644 gere
227 593 348 632 debet
368 592 524 632 divinus
545 594 673 632 cultus
695 600 733 632 et
756 607 909 632 morum
931 595 1117 632 honestas
1135 609 1140 631 :
1167 593 1268 640 ideo,
1287 592 1515 632 beatissime

117 654 236 698 pater,
266 647 578 686 scandalizantur
607 660 746 686 omnes
774 649 893 686 exteri
925 647 992 698 qui
1020 647 1292 698 ingrediuntur
1321 648 1513 697 templum

117 701 331 740 beatissimi
357 701 460 740 Petri
487 701 553 740 ubi
584 703 809 741 sacerdotes
837 701 999 752 quidam
1028 701 1187 749 sordidi,
1220 701 1354 752 ignari,
1384 701 1511 740 induti

117 756 354 806 paramentis
375 762 413 795 et
433 755 621 803 vestibus,
644 755 789 806 quibus
810 769 884 794 nec
904 756 944 794 in
965 756 1135 795 sordidis
1156 756 1323 795 aedibus
1346 757 1513 794 honeste

116 809 172 848 uti
192 818 365 861 possent,
386 810 524 849 missas
545 810 768 849 celebrant:
800 811 876 849 hoc
898 823 1084 860 magnum
1107 818 1165 849 est
1192 810 1378 848 omnibus
1406 823 1513 848 scan-

116 865 274 903 dalum:
305 864 396 903 ideo
417 864 704 914 iniungendum
731 872 790 904 est
815 865 1142 903 reverendissimo
1162 863 1511 915 archipresbytero,

116 919 175 957 vel
196 918 521 958 reverendissimo
548 918 860 969 poenitentiario,
885 926 926 957 ut
951 920 1049 958 haec
1079 926 1216 958 curent
1241 926 1279 957 et
1303 925 1513 957 amoveant

117 973 193 1011 hoc
213 974 456 1020 scandalum,
479 972 614 1023 sicque
635 972 675 1010 in
696 972 780 1011 aliis
801 972 987 1012 ecclesiis.

168 1025 255 1077 (24)
287 1029 336 1066 In
367 1028 441 1065 hac
479 1027 596 1065 etiam
629 1027 726 1066 urbe
757 1027 979 1066 meretrices
1014 1034 1057 1065 ut
1088 1034 1290 1066 matronae
1323 1027 1513 1065 incedunt

114 1094 182 1130 per
202 1080 352 1128 urbem,
376 1095 444 1119 seu
461 1082 568 1119 mula
587 1082 794 1128 vehuntur,
811 1095 908 1131 quas
928 1089 1172 1120 assectantur
1193 1082 1243 1119 de
1265 1080 1395 1119 media
1416 1080 1512 1119 urbe

114 1134 268 1173 nobiles
289 1134 498 1174 familiares
519 1136 777 1174 cardinalium
800 1134 1021 1185 clericique.
1082 1136 1202 1173 Nulla
1233 1134 1272 1172 in
1300 1134 1397 1173 urbe
1418 1134 1513 1173 vidi-

114 1201 202 1227 mus
218 1190 320 1227 hanc
334 1189 626 1239 corruptionem
641 1197 914 1240 praeterquam
932 1189 971 1227 in
989 1191 1062 1227 hac
1079 1188 1258 1228 omnium
1275 1188 1486 1238 exemplari
1504 1203 1512 1235 ;

114 1242 294 1281 habitant
315 1244 432 1282 etiam
463 1243 634 1294 insignes
662 1244 793 1282 aedes.
858 1244 1124 1294 Corrigendus
1155 1243 1273 1281 etiam
1304 1242 1368 1281 hic
1389 1242 1512 1293 turpis

113 1296 272 1336 abusus.

169 1350 255 1402 (25)
285 1353 385 1390 Sunt
419 1350 536 1390 etiam
566 1351 607 1389 in
637 1352 711 1389 hac
742 1352 837 1390 urbe
872 1351 1112 1401 privatorum
1153 1351 1298 1390 civium
1337 1350 1429 1389 odia
1474 1358 1512 1389 et

114 1403 341 1444 inimicitiae
355 1418 451 1456 quas
465 1418 706 1456 componere
720 1412 757 1444 et
771 1405 832 1444 civ
835 1418 876 1444 es
893 1406 1103 1445 conciliare
1119 1405 1330 1456 praecipue
1351 1404 1512 1444 interest

115 1458 301 1509 episcopi,
333 1460 424 1499 ideo
454 1473 522 1510 per
549 1459 767 1498 cardinales
799 1461 994 1510 quosdam
1027 1462 1246 1506 Romanos,
1283 1459 1511 1509 praesertim

115 1512 183 1563 qui
206 1512 330 1564 magis
354 1521 485 1552 essent
510 1513 654 1561 idonei,
681 1527 820 1553 omnes
848 1515 922 1553 hae
950 1514 1179 1553 inimicitiae
1205 1515 1511 1564 componendae

115 1575 246 1606 essent
266 1574 305 1606 et
325 1567 469 1606 civium
489 1567 610 1606 animi
631 1567 881 1607 conciliandi.

170 1621 255 1672 (26)
285 1623 384 1661 Sunt
410 1621 451 1660 in
475 1623 548 1660 hac
573 1622 669 1661 urbe
700 1622 920 1672 hospitalia,
942 1629 1033 1661 sunt
1060 1622 1207 1673 populi,
1238 1629 1328 1660 sunt
1356 1621 1507 1660 viduae.

116 1676 270 1714 Harum
292 1689 385 1715 cura
406 1675 574 1714 maxime
594 1675 762 1726 pertinet
788 1677 838 1715 ad
860 1678 1092 1726 episcopum
1118 1684 1156 1715 et
1184 1677 1235 1715 ad
1264 1674 1482 1726 principem
1502 1689 1510 1721 3

115 1728 206 1768 ideo
238 1730 424 1768 sanctitas
458 1737 524 1768 tua
558 1744 627 1780 per
656 1729 874 1768 cardinales
905 1730 1006 1768 viros
1042 1730 1188 1780 probos
1224 1737 1357 1780 posset
1391 1729 1509 1767 etiam

115 1784 328 1822 commode
348 1784 445 1822 haec
466 1783 600 1822 omnia
619 1796 765 1822 curare.

172 1838 286 1875 Haec
315 1844 416 1885 sunt,
447 1837 672 1876 beatissime
693 1845 813 1887 pater,
836 1850 938 1887 quae
965 1837 1004 1875 in
1036 1838 1257 1888 praesentia
1281 1850 1353 1887 pro
1385 1838 1510 1875 tenui-

115 1897 194 1929 tate
224 1890 370 1941 ingenii
409 1890 530 1930 nostri
570 1891 792 1941 colligenda
831 1904 915 1930 esse
954 1891 1149 1938 duximus,
1183 1900 1221 1930 et
1259 1904 1360 1941 quae
1390 1890 1510 1929 nobis

114 1943 345 1994 corrigenda
365 1944 600 1984 viderentur.
659 1947 723 1983 Tu
745 1959 836 1984 vero
858 1959 928 1995 pro
955 1953 1022 1983 tua
1048 1945 1227 1985 bonitate
1251 1953 1290 1983 et
1317 1943 1508 1995 sapientia

115 1998 250 2036 omnia
279 1999 557 2038 moderabere:
597 2012 670 2037 nos
699 2007 815 2047 certe,
847 2013 878 2038 Sl
908 2012 989 2037 non
1020 1998 1074 2038 rei
1104 1998 1377 2050 magnitudini,
1408 2011 1509 2048 quae

115 2060 268 2091 nostras
297 2052 396 2091 vires
423 2054 540 2102 longe
570 2060 737 2103 superat,
769 2052 1036 2092 conscientiae
1060 2060 1193 2092 tamen
1221 2060 1376 2092 nostrae
1404 2052 1509 2090 satis-

116 2106 281 2144 fecimus
314 2119 395 2145 non
427 2106 511 2145 sine
550 2120 693 2157 magna
722 2120 790 2157 spe
825 2115 867 2145 ut
901 2107 974 2145 sub
1013 2115 1051 2145 te
1090 2107 1266 2157 principe
1305 2107 1509 2145 videamus

116 2159 323 2198 ecclesiam
357 2161 434 2198 Dei
471 2168 687 2210 purgatam,
717 2162 929 2199 formosam
962 2168 1004 2199 ut
1036 2162 1274 2208 columbam,
1311 2160 1382 2198 sibi
1419 2173 1509 2197 con-

116 2215 277 2252 cordem
316 2213 356 2251 in
400 2227 523 2252 unum
562 2227 704 2265 corpus
749 2214 1077 2262 consentientem,
1116 2227 1206 2253 cum
1252 2221 1410 2253 aeterna
1454 2211 1506 2250 tui

117 2267 287 2306 nominis
319 2267 519 2306 memoria.
590 2268 800 2318 Sumpsisti
830 2268 901 2307 tibi
931 2282 1079 2308 nomen
1110 2268 1244 2307 Pauli:
1281 2265 1506 2311 imitaberis,

116 2333 329 2371 speramus,
352 2320 554 2360 caritatem
576 2321 708 2360 Pauli:
739 2324 887 2361 electus
905 2322 975 2360 fuit
996 2322 1059 2361 ille
1080 2330 1122 2361 ut
1135 2336 1201 2361 vas
1216 2322 1325 2371 quod
1341 2321 1508 2359 deferret

116 2387 264 2413 nomen
298 2374 443 2415 Christi
482 2389 550 2425 per
587 2383 749 2425 gentes:
799 2384 836 2415 te
873 2389 966 2415 vero
1005 2390 1206 2426 speramus
1245 2377 1425 2420 electum,
1468 2381 1509 2410 ut

116 2440 263 2466 nomen
302 2427 378 2466 iam
411 2428 556 2468 Christi
595 2429 762 2468 oblitum
794 2443 816 2468 a
854 2429 1037 2478 gentibus
1069 2437 1106 2467 et
1144 2443 1166 2466 a
1206 2427 1320 2466 nobis
1360 2426 1509 2466 clericis
