1715 2780
191 94 265 141 362
460 93 580 130 THE
611 91 861 132 INTERIM
895 93 965 132 OF
995 92 1301 134 AUGSBURG
1511 93 1584 144 148

190 195 253 233 cui
274 195 387 234 multi
411 196 529 235 etiam
558 205 812 236 assueverunt
842 205 880 236 et
908 198 959 236 ab
989 211 1037 236 eo
1065 197 1179 236 avelli
1209 197 1292 237 sine
1320 198 1425 248 gravi
1454 212 1581 237 rerum

192 257 302 288 motu
323 250 399 289 hoc
421 258 596 301 tempore
618 264 698 290 non
719 259 907 301 possunt:
933 258 971 290 et
991 252 1082 301 quia
1104 251 1328 291 Concilium
1349 252 1584 291 Oecumeni-

190 317 296 351 cum,
326 304 389 342 cui
424 318 562 343 omnes
596 305 754 355 Imperii
790 307 920 343 Status
952 319 993 344 se
1023 306 1299 353 submiserunt,
1322 305 1584 356 proculdubio

190 357 294 407 piam
316 366 353 396 et
381 358 586 397 sollicitam
608 373 740 397 curam
762 359 978 406 adhibebit,
1002 367 1043 397 ut
1064 358 1103 397 in
1125 360 1201 398 hoc
1221 373 1314 398 casu
1335 359 1585 399 conscientiis

191 413 404 450 multorum
443 420 481 450 et
524 413 706 463 publicae
745 413 1014 463 tranquillitati
1053 413 1202 463 optime
1240 415 1477 461 consulatur,
1517 413 1583 464 qui

191 479 304 503 usum
326 466 529 516 utriusque
550 466 694 517 speciei
719 468 886 505 antehac
913 474 1143 517 receperunt
1169 480 1340 517 eumque
1366 467 1585 518 relinquere

190 521 340 566 nolunt,
383 534 498 570 super
536 534 581 559 ea
621 534 780 570 quoque
829 535 868 559 re
907 520 1233 560 deliberationem
1272 528 1311 559 et
1349 521 1583 560 sententiam

189 574 448 612 Oecumenici
470 574 635 614 Consilii
654 582 891 635 exspectent.

246 641 264 664 2
276 641 305 665 ῐ.
339 628 396 665 Hi
417 635 549 666 tamen
566 628 632 678 qui
650 629 853 689 utriusque
868 628 1013 679 speciei
1028 642 1142 667 usum
1159 630 1460 680 amplectuntur,
1479 628 1584 667 illam

189 680 443 720 inveteratam
483 682 557 721 sub
596 696 675 721 una
711 683 854 733 speciei
895 683 1217 722 communicandi
1255 682 1585 722 consuetudinem

190 737 475 784 reprehendere
496 750 577 775 non
598 737 769 776 debent:
801 751 873 775 nec
903 736 1011 775 alteri
1032 738 1173 776 alteros
1194 737 1436 787 perturbent
1456 737 1585 775 donec

190 802 305 839 super
326 804 371 828 ea
392 804 431 828 re
453 790 677 830 Concilium
700 790 1015 830 Oecumenicum
1034 791 1259 830 decreverit.

247 857 305 881 22.
340 845 389 881 Et
424 858 652 894 quanquam
689 846 985 883 Sacramentum
1018 844 1288 883 Eucharistiae
1318 846 1392 883 sub
1421 852 1585 894 utraque

190 897 319 947 specie
350 897 573 936 institutum
595 906 664 946 est,
688 912 767 937 non
796 907 928 937 tamen
953 898 1206 937 sentiendum
1234 906 1292 937 est
1313 899 1515 938 Christum
1545 897 1585 936 in

189 964 305 990 carne
332 951 465 999 dividi,
489 960 626 990 contra
650 966 767 1002 quam
797 953 995 1003 Scriptura
1024 952 1210 991 divinitus
1241 952 1427 1003 inspirata
1455 951 1586 999 tradit,

189 1006 258 1043 sed
280 1006 352 1044 sub
375 1005 535 1056 singulis
558 1006 764 1056 speciebus
786 1007 980 1057 integrum
1002 1006 1203 1045 contineri.

246 1072 304 1108 23.
337 1062 397 1097 Ac
436 1062 625 1109 quoniam
664 1061 703 1098 in
743 1062 997 1099 Sacramento
1046 1061 1315 1099 Eucharistiae
1354 1068 1412 1099 est
1450 1073 1583 1099 verum

190 1113 335 1152 Christi
374 1127 516 1163 corpus
547 1122 584 1152 et
614 1128 726 1153 verus
762 1115 906 1154 Christi
946 1114 1115 1165 sanguis,
1147 1116 1186 1153 in
1225 1117 1301 1154 hoc
1330 1116 1584 1154 Sacramento

190 1167 390 1206 Christum
414 1168 553 1206 merito
573 1168 726 1207 adorari
748 1169 902 1207 debere.

245 1234 303 1268 24.
339 1223 439 1260 Item
480 1224 777 1261 Sacramentum
818 1222 1087 1261 Eucharistiae
1126 1225 1247 1261 semel
1281 1223 1400 1261 verbo
1440 1221 1585 1261 Christi

188 1284 472 1322 consecratum,
496 1276 612 1314 etiam
641 1276 671 1314 si
696 1285 913 1315 asservetur
942 1276 1103 1324 diutius,
1124 1284 1256 1315 tamen
1287 1278 1583 1315 Sacramentum

188 1336 225 1366 et
247 1342 388 1378 corpus
410 1337 447 1368 et
468 1330 699 1380 sanguinem
720 1330 866 1369 Christi
887 1344 1087 1369 remanere
1108 1332 1237 1369 donec
1258 1337 1442 1376 sumatur.

246 1395 305 1432 25.
339 1384 452 1431 Quae
491 1397 583 1422 vero
621 1385 672 1422 ad
711 1384 958 1434 disciplinam
998 1384 1090 1422 cleri
1128 1392 1166 1423 et
1205 1383 1340 1434 populi
1375 1384 1582 1434 pertinent,

187 1436 369 1475 videntur
399 1451 489 1475 cum
520 1437 653 1487 primis
684 1438 902 1476 necessaria
931 1451 1016 1477 esse
1044 1439 1095 1476 ad
1124 1439 1299 1477 tollenda
1329 1451 1375 1476 ex
1408 1436 1583 1476 ecclesiis

189 1492 373 1528 scandala
395 1505 495 1540 quae
517 1492 613 1529 dant
635 1505 816 1541 magnam
838 1505 997 1530 causam
1019 1493 1159 1530 horum
1188 1499 1410 1542 temporum
1438 1498 1583 1542 pertur-

189 1544 350 1591 bationi,
374 1544 414 1583 id
445 1547 553 1594 quod
584 1559 642 1583 res
673 1545 756 1595 ipsa
787 1546 967 1596 loquitur.
1030 1547 1170 1596 Itaque
1199 1545 1230 1584 si
1257 1559 1375 1596 quam
1407 1544 1582 1584 ecclesiis

189 1598 322 1636 utilem
365 1599 681 1637 reformationem
719 1601 762 1639 C.
801 1602 856 1638 M.
891 1599 1165 1650 procuraverit,
1201 1607 1353 1638 tantum
1392 1600 1504 1638 abest
1542 1606 1584 1637 ut

189 1652 397 1702 quisquam
424 1660 581 1691 sanctae
603 1653 799 1703 religionis
829 1661 984 1692 nostrae
1014 1662 1051 1693 et
1082 1653 1264 1704 publicae
1294 1652 1582 1703 tranquillitatis

189 1706 388 1745 studiosus
419 1707 624 1756 repudiare
655 1721 740 1746 eam
773 1708 873 1754 velit,
907 1716 947 1746 ut
979 1722 1116 1746 omnes
1147 1707 1264 1746 etiam
1295 1721 1364 1757 pro
1395 1720 1440 1745 ea
1469 1706 1582 1744 citius

189 1763 458 1809 promovenda
506 1770 542 1799 et
592 1763 838 1811 procuranda
877 1763 920 1802 C.
965 1764 1020 1800 M.
1045 1761 1188 1801 obnixe
1232 1769 1269 1800 et
1315 1774 1469 1799 summa
1507 1773 1581 1810 ope

188 1814 364 1853 laborare
392 1815 575 1853 debeant.

825 1888 936 1924 XLV

493 1969 612 2005 THE
644 1969 823 2007 PEACE
856 1969 927 2007 OF
956 1968 1264 2008 AUGSBURG

237 2040 360 2074 While
401 2041 464 2074 the
503 2041 687 2084 Emperor
729 2052 803 2074 was
846 2040 1039 2084 enforcing
1081 2040 1141 2074 the
1187 2039 1347 2080 Interim,
1393 2039 1581 2082 Germany

189 2089 340 2123 became
359 2087 497 2131 doubly
515 2087 721 2131 aggrieved,
745 2087 796 2130 (1)
816 2094 853 2121 at
873 2088 929 2122 his
956 2088 1075 2131 policy
1094 2088 1133 2121 of
1148 2087 1320 2131 religious
1337 2085 1553 2130 oppression
1572 2097 1579 2124 :

191 2136 241 2179 (2)
261 2141 298 2168 at
318 2135 375 2169 his
393 2135 606 2170 endeavour
626 2142 661 2167 to
680 2134 872 2178 exchange
891 2133 1165 2168 constitutional
1188 2134 1266 2168 rule
1293 2134 1348 2167 for
1371 2144 1394 2167 a
1417 2133 1579 2177 Spanish

189 2181 419 2216 absolutism.
473 2182 560 2215 Paul
589 2182 662 2223 111,
685 2183 755 2218 †10
781 2181 1192 2224 Nov.1549,resented
1216 2180 1273 2214 his
1301 2180 1480 2214 intrusion
1503 2179 1580 2213 into

188 2229 314 2272 things
350 2228 541 2273 spiritual;
577 2229 893 2272 ‘Imperatoremf
921 2227 1001 2262 said
1027 2228 1089 2262 the
1117 2226 1239 2270 Curia,
1258 2227 1380 2261 ‘hunc
1407 2226 1577 2261 Carolum

189 2287 385 2320 usurpasse
412 2275 479 2310 sibi
507 2286 653 2309 omnem
681 2274 973 2309 iurisdictionem
999 2274 1314 2309 ecclesiasticam’
1341 2272 1578 2318 (Massarelli‚

189 2324 383 2365 Dz'am',um
416 2323 451 2356 iv
478 2321 537 2366 [25
572 2324 666 2367 June
700 2320 814 2366 1548],
843 2322 1174 2366 ‹1p.C072c.Tr2'.d
1203 2322 1431 2355 Dmrzorzcm
1466 2320 1578 2354 Nova

191 2371 373 2411 Callet-tw,
416 2370 435 2403 i.
474 2378 553 2413 775,
594 2370 651 2403 ed.
696 2368 860 2403 Societas
900 2367 1173 2412 Goerresiana).
1234 2368 1314 2402 The
1350 2378 1427 2401 new
1468 2367 1578 2410 Pope‚

188 2417 302 2461 Julius
333 2418 402 2458 ΙΙΙ,
432 2426 450 2459 7
480 2417 565 2451 Feb.
595 2418 801 2460 1550—†23
832 2414 974 2450 March‘
993 2424 1090 2460 1555,
1111 2416 1251 2459 though
1279 2426 1324 2449 an
1352 2413 1580 2458 imperialist,

189 2476 262 2497 was
294 2464 478 2498 alienated
513 2464 560 2506 hy
591 2463 652 2497 the
689 2474 856 2507 pressure
885 2461 1002 2496 which
1036 2463 1098 2496 the
1133 2463 1314 2506 Emperor
1345 2467 1407 2505 put
1436 2471 1483 2494 on
1518 2459 1578 2494 the
