1715 2780
249 87 325 131 624
518 85 637 122 THE
668 82 1144 123 ECCLESIASTICAL
1171 84 1348 121 sTATE
1557 91 1638 131 305

248 195 382 238 potem
404 187 634 238 pervenerit,
652 200 743 227 eum
759 200 829 226 vos
845 186 1036 234 doctrina,
1052 199 1154 237 quae
1173 200 1196 225 a
1215 187 1364 237 populo
1385 187 1461 225 Dei
1482 194 1638 237 recepta

249 249 288 280 et
308 242 474 292 probata
493 249 562 290 est,
586 242 842 280 instructuros
861 255 870 289 3
899 240 1014 279 sicuti
1040 240 1209 279 breviter
1229 247 1267 279 et
1287 240 1512 279 summatim
1533 254 1638 279 com-

249 297 442 345 prehensa
462 304 520 335 est
541 296 580 334 in
601 309 646 335 ea
667 294 916 334 confessione
937 294 1040 342 fidei,
1063 308 1182 345 quam
1203 307 1342 334 omnes
1362 302 1555 334 tenemus.

302 351 445 398 Credo,
468 352 538 388 ἃς.

301 404 514 454 Spondetis
535 404 649 454 igitur
669 417 738 442 vos
759 404 919 442 daturos
941 415 1112 453 operam,
1134 409 1177 440 ut
1205 401 1315 441 omni
1335 403 1409 440 hac
1430 402 1636 453 disciplina

248 457 469 505 instruatur,
505 471 550 496 ac
589 457 804 507 generatim
839 456 1025 495 omnibus
1056 456 1128 504 his,
1165 469 1266 506 quae
1304 455 1456 506 scriptis
1494 457 1635 495 divinis

247 513 509 558 continentur,
532 513 572 550 id
602 518 670 558 est,
701 519 783 550 tum
814 510 934 549 veteri
963 517 1047 549 tum
1074 523 1179 549 novo
1205 511 1487 549 Testamento:
1518 517 1561 549 ut
1590 523 1636 549 ea

245 567 504 616 amplectatur
537 573 576 604 et
606 565 740 604 audiat
781 573 969 614 tanquam
1013 564 1175 603 verbum
1217 577 1521 614 sermonemque
1560 564 1634 603 Dei

246 620 517 667 certissimum,
541 619 706 658 coelitus
727 619 955 658 demissum.
1016 620 1118 656 Eum
1146 625 1344 668 praeterea
1368 617 1632 665 hortabimini,

246 680 288 711 ut
320 675 372 713 ad
404 687 491 713 eam
526 687 705 712 normam
740 680 779 712 et
812 674 985 722 regulam
1017 672 1136 710 vitam
1164 685 1274 710 suam
1307 671 1483 710 instituat
1515 684 1633 722 quam

245 727 360 766 nobis
391 730 501 767 Deus
532 728 570 765 in
602 729 706 777 Lege
736 740 806 765 sua
834 726 1090 776 praescripsit,
1114 725 1225 764 cuius
1251 727 1349 764 haec
1370 739 1524 764 summa
1543 733 1635 764 sunt

244 782 394 832 capita:
426 782 606 832 primum,
630 789 673 820 ut
695 783 826 820 Deum
857 788 941 819 toto
967 787 1136 830 pectore,
1158 779 1292 818 animo
1312 786 1350 818 et
1370 779 1527 827 viribus,
1549 787 1632 818 tum

244 843 443 885 praeterea
481 835 702 886 proximum
742 842 919 873 nostrum
951 847 1033 872 non
1065 847 1177 872 secus
1212 847 1331 883 quam
1369 833 1634 884 nosmetipsos

244 889 462 939 diligamus.
523 892 625 928 Item
647 897 689 927 ut
710 889 879 928 sermoni
896 895 934 927 et
953 887 1303 935 admonitionibus,
1322 900 1419 937 quas
1435 887 1550 926 nobis
1566 901 1634 937 per

244 944 459 993 Prophetas
489 951 527 982 et
557 944 771 993 Apostolos
801 956 892 981 suos
924 944 1034 980 Deus
1062 941 1233 988 tradidit,
1256 942 1375 980 fidem
1404 941 1567 989 habens,
1587 955 1633 980 ac

243 997 317 1035 sibi
357 997 429 1048 ipsi
468 997 627 1047 suisque
674 996 1006 1047 concupiscentiis
1054 995 1301 1042 renuncians,
1351 1008 1470 1034 omne
1517 1008 1631 1033 suum

243 1051 417 1090 studium
458 1052 497 1090 in
535 1052 802 1101 praedicando
840 1050 1002 1089 nomine
1042 1051 1132 1088 Iesu
1171 1049 1317 1090 Christi
1361 1057 1399 1088 et
1446 1049 1632 1099 proximis

241 1105 499 1144 aedificandis
520 1107 698 1144 collocet.

294 1161 551 1198 Promissione
567 1160 679 1209 sacta
718 1173 850 1197 nomen
889 1158 1037 1207 infanti
1071 1158 1283 1206 imponitur
1293 1171 1310 1201 ,·
1351 1162 1432 1194 tum
1469 1157 1511 1194 in
1549 1169 1632 1194 enm

241 1227 382 1262 aquam
402 1215 603 1264 Baptismi
617 1215 806 1252 Minister
821 1213 994 1264 effundit,
1014 1212 1187 1260 inquiens
1202 1227 1213 1249 .-

298 1269 346 1306 Ν.
370 1268 534 1318 Baptizo
554 1275 592 1306 te
613 1267 653 1305 in
674 1267 835 1305 nomine
859 1265 980 1304 Patris
1001 1273 1038 1303 et
1061 1264 1147 1302 Filii
1168 1272 1207 1303 et
1227 1264 1391 1315 Spiritus
1412 1263 1547 1302 sancti.

294 1323 450 1359 Horum
481 1322 585 1360 m‘lu't
611 1322 689 1359 nisi
715 1323 821 1359 clara
851 1333 930 1359 voce
952 1319 1239 1369 pronunciatur
1269 1320 1473 1367 linguaque
1491 1319 1631 1367 patria

240 1376 367 1413 omnia
407 1381 703 1424 nuncupantur:
743 1376 877 1424 quippe
913 1387 1030 1422 quum
1069 1373 1280 1419 multitudo,
1301 1384 1308 1389 “
1329 1384 1425 1421 quae
1470 1373 1526 1408 ad
1567 1372 1635 1409 lcoc

241 1430 459 1476 mysterium
497 1430 650 1475 assistit,
687 1429 788 1466 testis
820 1440 892 1465 esse
928 1428 1058 1464 debeat
1082 1439 1220 1473 eorum,
1248 1438 1343 1474 qnae
1371 1426 1411 1462 in
1440 1437 1479 1462 eo
1495 1425 1630 1473 fiunt:

239 1496 354 1531 quam
383 1485 437 1520 ad
463 1496 537 1520 rem
567 1483 815 1531 intelligentia
846 1481 1051 1519 necessaria
1080 1485 1159 1518 est:
1187 1480 1280 1528 quin
1307 1479 1420 1516 etiam
1447 1483 1491 1515 ut
1507 1491 1631 1516 omnes

239 1538 360 1585 magis
388 1538 578 1586 magisque
605 1537 883 1584 coafirmentur,
907 1540 1116 1573 revocantes
1142 1534 1315 1572 animam
1341 1533 1396 1569 ad
1412 1533 1631 1570 memoriam

225 1589 382 1638 sructns
401 1596 437 1628 et
454 1591 635 1628 utilitatis
653 1590 717 1628 sui
731 1590 938 1639 Baptismi.

292 1645 425 1693 Neque
452 1657 540 1683 vero
567 1645 788 1693 ignoramus
815 1643 904 1680 aliis
929 1642 970 1680 in
992 1642 1077 1679 locis
1097 1641 1272 1678 adlziberi
1287 1641 1388 1678 altas
1407 1640 1631 1678 ceremonias

238 1699 557 1747 quamplurimas,
585 1711 681 1747 quas
708 1697 982 1736 vetustissimas
1009 1708 1082 1733 esse
1111 1695 1265 1733 minime
1282 1695 1498 1743 diffitemur.
1558 1695 1635 1732 Sed

236 1753 417 1800 quoniam
437 1758 508 1789 aut
525 1752 720 1790 hominum
741 1751 902 1788 arbitrio
921 1755 1031 1798 atque
1051 1749 1206 1787 libidine
1224 1753 1295 1786 aut
1306 1753 1400 1785 certe
1411 1747 1488 1786 levi
1498 1747 1630 1796 aliqua

237 1807 280 1842 de
298 1819 413 1843 causa
432 1807 660 1855 excogitatae
674 1809 774 1851 sunt,
790 1805 946 1852 demque
961 1804 1140 1853 qnoniam
1155 1803 1235 1840 sine
1252 1802 1362 1840 verbo
1380 1801 1464 1838 Dei
1466 1801 1583 1849 fictae
1597 1806 1633 1838 et

237 1860 411 1897 inductae
429 1865 529 1906 sunt,
552 1873 597 1897 ac
614 1865 692 1896 tam
715 1859 855 1896 multae
865 1862 1067 1906 praeterea
1086 1856 1366 1906 superstitiones
1389 1855 1476 1893 inde
1498 1867 1630 1892 mana-

239 1918 341 1959 runt,
364 1914 467 1951 nobis
486 1926 577 1950 sane
596 1914 675 1950 sine
696 1913 775 1949 nlla
796 1911 972 1959 reug-ione
986 1911 1109 1948 visum
1125 1915 1180 1948 est
1188 1922 1251 1947 eas
1264 1909 1349 1947 tolli
1364 1913 1475 1957 atque
1490 1908 1634 1946 aboleri

238 1972 413 2015 oportere,
441 1972 485 2003 ut
506 1980 549 2003 ne
567 1967 728 2015 postlzac
750 1966 923 2013 cuiquam
938 1965 1254 2013 praecluderetur
1274 1963 1403 2000 aditus
1425 1962 1479 1999 ad
1499 1963 1627 1999 Iesum

243 2020 452 2059 Christum.
510 2020 689 2057 Primum
709 2020 807 2056 enim
827 2019 923 2056 satis
940 2023 1093 2064 constat,
1114 2029 1352 2065 quaecunque
1370 2029 1394 2052 a
1414 2016 1499 2053 Deo
1515 2021 1629 2064 prae—

237 2074 377 2122 scripta
411 2078 522 2122 atque
545 2074 722 2110 instituta
753 2085 827 2109 nou
855 2077 954 2118 sunt,
977 2084 1020 2108 ea
1048 2071 1177 2108 omnia
1205 2070 1375 2108 libertati
1398 2069 1629 2117 arbitrioque

237 2133 365 2164 nostro
385 2127 555 2175 relinqui
564 2140 582 2170 ,·
612 2127 752 2171 deinde,
779 2125 958 2173 quicquid
981 2125 1035 2161 ad
1060 2123 1354 2172 aedificationem
1373 2121 1624 2170 confirmatio-
1670 2125 1676 2133 '

238 2194 391 2229 nemque
402 2181 561 2230 pietatis
581 2192 654 2217 non
664 2179 843 2229 pertinet,
865 2179 908 2215 id
921 2178 1072 2215 nn'm'me
1087 2177 1335 2226 recipiendum
1354 2188 1428 2213 esse
1446 2176 1486 2212 in
1505 2176 1628 2213 Eccle-

235 2235 333 2271 siam
348 2248 365 2277 ,·
394 2235 496 2283 quod
510 2235 547 2272 si
563 2235 603 2272 in
623 2246 705 2270 eam
723 2233 915 2270 inductum
946 2237 1044 2276 esset,
1073 2231 1275 2267 tollendum
1305 2242 1349 2266 ac
1366 2230 1626 2267 removendum

236 2301 319 2326 esse.
382 2288 467 2336 Quo
495 2289 615 2336 magis
645 2288 696 2333 id,
725 2287 826 2335 quod
852 2285 955 2322 nillil
978 2284 1055 2321 nisi
1079 2284 1303 2321 scandalum
1331 2288 1368 2320 et
1392 2282 1627 2331 offensionem

227 2343 344 2390 parit
371 2342 552 2390 quasique
581 2341 820 2378 idololatriae
850 2339 1142 2375 instrumentum
1169 2338 1357 2385 quoddam
1387 2341 1442 2373 est
1469 2340 1506 2373 et
1532 2347 1625 2373 com-

237 2396 497 2433 mentitiarum
516 2395 747 2444 opinionum,
768 2393 873 2429 nullo
894 2392 999 2428 modo
1018 2392 1256 2428 tolerandum
1276 2395 1337 2427 est.

291 2449 418 2498 Atqui
442 2462 514 2486 non
535 2448 688 2486 dubium
711 2453 765 2485 est
785 2446 878 2495 quin
903 2445 1128 2491 luminaria,
1159 2448 1348 2493 unguenta
1373 2441 1486 2493 (quae
1515 2442 1624 2480 Clzri-

1713 1874 1715 1911 l

1714 1913 1715 1950 l

1713 1989 1715 2013 A
