<?xml version="1.0" encoding="UTF-8"?>
<!DOCTYPE html PUBLIC "-//W3C//DTD XHTML 1.0 Transitional//EN"
    "http://www.w3.org/TR/xhtml1/DTD/xhtml1-transitional.dtd">
<html xmlns="http://www.w3.org/1999/xhtml" xml:lang="en" lang="en">
 <head>
  <title>
</title>
<meta http-equiv="Content-Type" content="text/html;charset=utf-8" />
  <meta name='ocr-system' content='tesseract 3.04.00' />
  <meta name='ocr-capabilities' content='ocr_page ocr_carea ocr_par ocr_line ocrx_word'/>
</head>
<body>
  <div class='ocr_page' id='page_1' title='image "./docreform00kidd_0115.png"; bbox 0 0 1715 2780; ppageno 0'>
   <div class='ocr_carea' id='block_1_1' title="bbox 60 93 1525 165">
    <p class='ocr_par' dir='ltr' id='par_1_1' title="bbox 60 93 1525 165">
     <span class='ocr_line' id='line_1_1' title="bbox 60 93 1525 165; baseline -0.001 -33"><span class='ocrx_word' id='word_1_1' title='bbox 60 153 74 165; x_wconf 33' lang='grc' dir='ltr'><strong>ι</strong></span> <span class='ocrx_word' id='word_1_2' title='bbox 127 105 181 143; x_wconf 87' lang='lat'><strong>44</strong></span> <span class='ocrx_word' id='word_1_3' title='bbox 219 95 339 132; x_wconf 84' lang='lat' dir='ltr'><strong>THE</strong></span> <span class='ocrx_word' id='word_1_4' title='bbox 363 95 500 132; x_wconf 84' lang='lat' dir='ltr'>DIET</span> <span class='ocrx_word' id='word_1_5' title='bbox 521 93 593 133; x_wconf 87' lang='lat' dir='ltr'><strong>OF</strong></span> <span class='ocrx_word' id='word_1_6' title='bbox 614 93 831 138; x_wconf 82' lang='lat' dir='ltr'><strong>WORMS,</strong></span> <span class='ocrx_word' id='word_1_7' title='bbox 858 103 903 141; x_wconf 91' lang='lat'><strong>27</strong></span> <span class='ocrx_word' id='word_1_8' title='bbox 927 94 1150 142; x_wconf 85' lang='lat' dir='ltr'><strong>JAN.—-25</strong></span> <span class='ocrx_word' id='word_1_9' title='bbox 1176 94 1309 139; x_wconf 76' lang='lat' dir='ltr'><strong>MAY,</strong></span> <span class='ocrx_word' id='word_1_10' title='bbox 1338 104 1433 142; x_wconf 83' lang='lat'><strong>1521</strong></span> <span class='ocrx_word' id='word_1_11' title='bbox 1478 96 1525 141; x_wconf 80' lang='lat'><strong>87</strong></span> 
     </span>
    </p>
   </div>
   <div class='ocr_carea' id='block_1_2' title="bbox 130 195 1529 300">
    <p class='ocr_par' dir='ltr' id='par_1_2' title="bbox 130 195 1529 300">
     <span class='ocr_line' id='line_1_2' title="bbox 130 195 1529 246; baseline -0.004 -8"><span class='ocrx_word' id='word_1_12' title='bbox 130 198 238 238; x_wconf 88' lang='lat' dir='ltr'><strong>statis</strong></span> <span class='ocrx_word' id='word_1_13' title='bbox 269 197 548 245; x_wconf 88' lang='lat' dir='ltr'><strong>districturum,</strong></span> <span class='ocrx_word' id='word_1_14' title='bbox 580 210 729 246; x_wconf 90' lang='lat' dir='ltr'><strong>eosque</strong></span> <span class='ocrx_word' id='word_1_15' title='bbox 758 202 1072 246; x_wconf 80' lang='lat' dir='ltr'><strong>persecuturum,</strong></span> <span class='ocrx_word' id='word_1_16' title='bbox 1111 208 1331 245; x_wconf 88' lang='lat' dir='ltr'><strong>omnesque</strong></span> <span class='ocrx_word' id='word_1_17' title='bbox 1371 195 1529 234; x_wconf 87' lang='lat' dir='ltr'><strong>iniurias</strong></span> 
     </span>
     <span class='ocr_line' id='line_1_3' title="bbox 130 248 1422 300; baseline -0.005 -8"><span class='ocrx_word' id='word_1_18' title='bbox 130 253 260 292; x_wconf 91' lang='lat' dir='ltr'><strong>eidem</strong></span> <span class='ocrx_word' id='word_1_19' title='bbox 282 252 375 291; x_wconf 92' lang='lat' dir='ltr'><strong>Sedi</strong></span> <span class='ocrx_word' id='word_1_20' title='bbox 396 252 532 299; x_wconf 89' lang='lat' dir='ltr'><strong>illatas,</strong></span> <span class='ocrx_word' id='word_1_21' title='bbox 556 259 744 300; x_wconf 83' lang='lat' dir='ltr'><strong>tanquam</strong></span> <span class='ocrx_word' id='word_1_22' title='bbox 767 249 841 288; x_wconf 84' lang='lat' dir='ltr'>sibi</span> <span class='ocrx_word' id='word_1_23' title='bbox 863 250 996 295; x_wconf 87' lang='lat' dir='ltr'><strong>factas,</strong></span> <span class='ocrx_word' id='word_1_24' title='bbox 1021 248 1323 287; x_wconf 86' lang='lat' dir='ltr'><strong>vindicaturum.</strong></span> <span class='ocrx_word' id='word_1_25' title='bbox 1351 280 1358 287; x_wconf 90' lang='lat'>.</span> <span class='ocrx_word' id='word_1_26' title='bbox 1384 280 1390 287; x_wconf 92' lang='lat'>.</span> <span class='ocrx_word' id='word_1_27' title='bbox 1417 279 1422 287; x_wconf 90' lang='lat'><strong>.</strong></span> 
     </span>
    </p>
   </div>
   <div class='ocr_carea' id='block_1_3' title="bbox 263 364 1396 422">
    <p class='ocr_par' dir='ltr' id='par_1_3' title="bbox 263 364 1396 422">
     <span class='ocr_line' id='line_1_4' title="bbox 263 364 1396 422; baseline -0.003 -13"><span class='ocrx_word' id='word_1_28' title='bbox 263 366 351 411; x_wconf 82' lang='lat' dir='ltr'><strong>No.</strong></span> <span class='ocrx_word' id='word_1_29' title='bbox 383 380 456 422; x_wconf 89' lang='lat'><strong>45.</strong></span> <span class='ocrx_word' id='word_1_30' title='bbox 519 366 627 410; x_wconf 87' lang='lat' dir='ltr'><strong>The</strong></span> <span class='ocrx_word' id='word_1_31' title='bbox 657 364 802 409; x_wconf 90' lang='lat' dir='ltr'><strong>Edict</strong></span> <span class='ocrx_word' id='word_1_32' title='bbox 831 364 889 408; x_wconf 93' lang='lat' dir='ltr'><strong>of</strong></span> <span class='ocrx_word' id='word_1_33' title='bbox 913 365 1137 415; x_wconf 86' lang='lat' dir='ltr'><strong>Worms,</strong></span> <span class='ocrx_word' id='word_1_34' title='bbox 1169 364 1229 406; x_wconf 88' lang='lat'><strong>26</strong></span> <span class='ocrx_word' id='word_1_35' title='bbox 1261 364 1396 419; x_wconf 86' lang='lat' dir='ltr'><strong>May.</strong></span> 
     </span>
    </p>
   </div>
   <div class='ocr_carea' id='block_1_4' title="bbox 132 455 1550 2504">
    <p class='ocr_par' dir='ltr' id='par_1_4' title="bbox 132 455 1534 824">
     <span class='ocr_line' id='line_1_5' title="bbox 186 455 1529 508; baseline -0.006 -7"><span class='ocrx_word' id='word_1_36' title='bbox 186 462 351 502; x_wconf 87' lang='lat' dir='ltr'><strong>Carolus</strong></span> <span class='ocrx_word' id='word_1_37' title='bbox 386 462 434 508; x_wconf 91' lang='lat' dir='ltr'><strong>V,</strong></span> <span class='ocrx_word' id='word_1_38' title='bbox 471 459 545 497; x_wconf 92' lang='lat' dir='ltr'><strong>Dei</strong></span> <span class='ocrx_word' id='word_1_39' title='bbox 578 456 820 508; x_wconf 79' lang='lat' dir='ltr'>benignitate</span> <span class='ocrx_word' id='word_1_40' title='bbox 860 458 1007 494; x_wconf 88' lang='lat' dir='ltr'><strong>electus</strong></span> <span class='ocrx_word' id='word_1_41' title='bbox 1048 457 1257 493; x_wconf 86' lang='lat' dir='ltr'><strong>Romanus</strong></span> <span class='ocrx_word' id='word_1_42' title='bbox 1298 455 1529 506; x_wconf 81' lang='lat' dir='ltr'><strong>Imperator,</strong></span> 
     </span>
     <span class='ocr_line' id='line_1_6' title="bbox 132 509 1529 567; baseline -0.005 -13"><span class='ocrx_word' id='word_1_43' title='bbox 132 529 286 567; x_wconf 84' lang='lat' dir='ltr'><strong>semper</strong></span> <span class='ocrx_word' id='word_1_44' title='bbox 315 517 543 565; x_wconf 85' lang='lat' dir='ltr'><strong>Augustus;</strong></span> <span class='ocrx_word' id='word_1_45' title='bbox 586 511 832 558; x_wconf 85' lang='lat' dir='ltr'><strong>Germaniae,</strong></span> <span class='ocrx_word' id='word_1_46' title='bbox 868 509 1099 560; x_wconf 81' lang='lat' dir='ltr'><strong>Hispaniae,</strong></span> <span class='ocrx_word' id='word_1_47' title='bbox 1132 511 1337 559; x_wconf 88' lang='lat' dir='ltr'><strong>utriusque</strong></span> <span class='ocrx_word' id='word_1_48' title='bbox 1364 509 1529 554; x_wconf 82' lang='lat' dir='ltr'><strong>Siciliae,</strong></span> 
     </span>
     <span class='ocr_line' id='line_1_7' title="bbox 133 563 1533 619; baseline -0.006 -10"><span class='ocrx_word' id='word_1_49' title='bbox 133 570 446 619; x_wconf 89' lang='lat' dir='ltr'><strong>Hierosolymae,</strong></span> <span class='ocrx_word' id='word_1_50' title='bbox 486 566 725 616; x_wconf 84' lang='lat' dir='ltr'><strong>Hungariae,</strong></span> <span class='ocrx_word' id='word_1_51' title='bbox 773 564 1006 609; x_wconf 81' lang='lat' dir='ltr'><strong>Dalmatiae,</strong></span> <span class='ocrx_word' id='word_1_52' title='bbox 1055 563 1248 611; x_wconf 86' lang='lat' dir='ltr'><strong>Croatiae,</strong></span> <span class='ocrx_word' id='word_1_53' title='bbox 1291 566 1376 610; x_wconf 53' lang='grc' dir='ltr'><strong>ἂρ,</strong></span> <span class='ocrx_word' id='word_1_54' title='bbox 1420 566 1505 602; x_wconf 89' lang='lat' dir='ltr'><strong>Rex</strong></span> <span class='ocrx_word' id='word_1_55' title='bbox 1524 578 1533 610; x_wconf 83' lang='grc'><strong>,-</strong></span> 
     </span>
     <span class='ocr_line' id='line_1_8' title="bbox 133 618 1529 669; baseline -0.005 -7"><span class='ocrx_word' id='word_1_56' title='bbox 133 623 336 662; x_wconf 85' lang='lat' dir='ltr'><strong>Archidux</strong></span> <span class='ocrx_word' id='word_1_57' title='bbox 356 621 538 661; x_wconf 89' lang='lat' dir='ltr'><strong>Austriae</strong></span> <span class='ocrx_word' id='word_1_58' title='bbox 557 636 565 668; x_wconf 79' lang='lat'><em>3</em></span> <span class='ocrx_word' id='word_1_59' title='bbox 598 623 688 658; x_wconf 83' lang='lat' dir='ltr'><strong>Dux</strong></span> <span class='ocrx_word' id='word_1_60' title='bbox 706 618 968 669; x_wconf 82' lang='lat' dir='ltr'><strong>Burgundiae,</strong></span> <span class='ocrx_word' id='word_1_61' title='bbox 987 620 1058 656; x_wconf 67' lang='lat' dir='ltr'><strong>&amp;o</strong></span> <span class='ocrx_word' id='word_1_62' title='bbox 1075 632 1084 665; x_wconf 79' lang='lat'><em>3</em></span> <span class='ocrx_word' id='word_1_63' title='bbox 1116 619 1262 657; x_wconf 89' lang='lat' dir='ltr'><strong>Comes</strong></span> <span class='ocrx_word' id='word_1_64' title='bbox 1287 618 1529 667; x_wconf 85' lang='lat' dir='ltr'><strong>Habsburgi‚</strong></span> 
     </span>
     <span class='ocr_line' id='line_1_9' title="bbox 135 671 1534 724; baseline -0.004 -9"><span class='ocrx_word' id='word_1_65' title='bbox 135 677 352 724; x_wconf 86' lang='lat' dir='ltr'><strong>Flandriae,</strong></span> <span class='ocrx_word' id='word_1_66' title='bbox 371 675 525 722; x_wconf 76' lang='lat' dir='ltr'><strong>Tirohs,</strong></span> <span class='ocrx_word' id='word_1_67' title='bbox 542 678 633 713; x_wconf 76' lang='lat' dir='ltr'><strong>&amp;c.:</strong></span> <span class='ocrx_word' id='word_1_68' title='bbox 663 673 852 712; x_wconf 87' lang='lat' dir='ltr'><strong>universis</strong></span> <span class='ocrx_word' id='word_1_69' title='bbox 869 680 907 710; x_wconf 89' lang='lat' dir='ltr'><strong>et</strong></span> <span class='ocrx_word' id='word_1_70' title='bbox 922 671 1086 722; x_wconf 84' lang='lat' dir='ltr'><strong>singulis</strong></span> <span class='ocrx_word' id='word_1_71' title='bbox 1106 671 1370 719; x_wconf 83' lang='lat' dir='ltr'><strong>Electoribus‚</strong></span> <span class='ocrx_word' id='word_1_72' title='bbox 1390 671 1534 710; x_wconf 90' lang='lat' dir='ltr'><strong>Princi-</strong></span> 
     </span>
     <span class='ocr_line' id='line_1_10' title="bbox 134 726 1533 782; baseline -0.005 -12"><span class='ocrx_word' id='word_1_73' title='bbox 134 731 250 782; x_wconf 88' lang='lat' dir='ltr'><strong>pibus</strong></span> <span class='ocrx_word' id='word_1_74' title='bbox 274 733 346 770; x_wconf 84' lang='lat' dir='ltr'><strong>&amp;c.</strong></span> <span class='ocrx_word' id='word_1_75' title='bbox 377 760 383 767; x_wconf 94' lang='lat'>.</span> <span class='ocrx_word' id='word_1_76' title='bbox 415 762 422 770; x_wconf 93' lang='lat'><strong>.</strong></span> <span class='ocrx_word' id='word_1_77' title='bbox 459 761 466 768; x_wconf 89' lang='lat'><em>.</em></span> <span class='ocrx_word' id='word_1_78' title='bbox 502 730 668 767; x_wconf 88' lang='lat' dir='ltr'><strong>salutem</strong></span> <span class='ocrx_word' id='word_1_79' title='bbox 695 741 740 766; x_wconf 89' lang='lat' dir='ltr'><strong>ac</strong></span> <span class='ocrx_word' id='word_1_80' title='bbox 768 726 1067 777; x_wconf 84' lang='lat' dir='ltr'><strong>prosperitatem</strong></span> <span class='ocrx_word' id='word_1_81' title='bbox 1101 739 1191 764; x_wconf 90' lang='lat' dir='ltr'><strong>cum</strong></span> <span class='ocrx_word' id='word_1_82' title='bbox 1223 726 1533 764; x_wconf 82' lang='lat' dir='ltr'><strong>denunciatione</strong></span> 
     </span>
     <span class='ocr_line' id='line_1_11' title="bbox 134 785 649 824; baseline -0.008 0"><span class='ocrx_word' id='word_1_83' title='bbox 134 785 366 824; x_wconf 88' lang='lat' dir='ltr'><strong>clementiae</strong></span> <span class='ocrx_word' id='word_1_84' title='bbox 387 792 554 823; x_wconf 85' lang='lat' dir='ltr'><strong>nostrae.</strong></span> <span class='ocrx_word' id='word_1_85' title='bbox 579 814 585 820; x_wconf 93' lang='lat'><strong>.</strong></span> <span class='ocrx_word' id='word_1_86' title='bbox 611 814 617 821; x_wconf 93' lang='lat'><strong>.</strong></span> <span class='ocrx_word' id='word_1_87' title='bbox 644 813 649 819; x_wconf 91' lang='lat'><em>.</em></span> 
     </span>
    </p>

    <p class='ocr_par' dir='ltr' id='par_1_5' title="bbox 137 834 1537 1108">
     <span class='ocr_line' id='line_1_12' title="bbox 191 834 1533 888; baseline -0.005 -10"><span class='ocrx_word' id='word_1_88' title='bbox 191 854 225 888; x_wconf 88' lang='lat'><strong>4.</strong></span> <span class='ocrx_word' id='word_1_89' title='bbox 259 841 361 879; x_wconf 89' lang='lat' dir='ltr'><strong>Cum</strong></span> <span class='ocrx_word' id='word_1_90' title='bbox 386 870 393 877; x_wconf 94' lang='lat'>.</span> <span class='ocrx_word' id='word_1_91' title='bbox 416 870 422 877; x_wconf 90' lang='lat'>.</span> <span class='ocrx_word' id='word_1_92' title='bbox 448 870 454 877; x_wconf 94' lang='lat'><strong>.</strong></span> <span class='ocrx_word' id='word_1_93' title='bbox 479 838 563 876; x_wconf 84' lang='lat' dir='ltr'><strong>sine</strong></span> <span class='ocrx_word' id='word_1_94' title='bbox 584 836 708 876; x_wconf 88' lang='lat' dir='ltr'><strong>dubio</strong></span> <span class='ocrx_word' id='word_1_95' title='bbox 729 835 877 874; x_wconf 89' lang='lat' dir='ltr'><strong>nemini</strong></span> <span class='ocrx_word' id='word_1_96' title='bbox 906 841 1076 874; x_wconf 85' lang='lat' dir='ltr'><strong>vestrum</strong></span> <span class='ocrx_word' id='word_1_97' title='bbox 1106 834 1153 871; x_wconf 87' lang='lat' dir='ltr'><strong>sit</strong></span> <span class='ocrx_word' id='word_1_98' title='bbox 1179 834 1391 872; x_wconf 89' lang='lat' dir='ltr'><strong>obscurum</strong></span> <span class='ocrx_word' id='word_1_99' title='bbox 1414 847 1533 883; x_wconf 79' lang='lat' dir='ltr'><strong>quani</strong></span> 
     </span>
     <span class='ocr_line' id='line_1_13' title="bbox 137 888 1534 945; baseline -0.004 -13"><span class='ocrx_word' id='word_1_100' title='bbox 137 895 272 945; x_wconf 89' lang='lat' dir='ltr'><strong>procul</strong></span> <span class='ocrx_word' id='word_1_101' title='bbox 294 907 441 933; x_wconf 85' lang='lat' dir='ltr'><strong>errores</strong></span> <span class='ocrx_word' id='word_1_102' title='bbox 462 894 723 941; x_wconf 83' lang='lat' dir='ltr'><strong>haeresesque</strong></span> <span class='ocrx_word' id='word_1_103' title='bbox 743 904 765 928; x_wconf 85' lang='lat' dir='ltr'><strong>a</strong></span> <span class='ocrx_word' id='word_1_104' title='bbox 788 890 1010 930; x_wconf 90' lang='lat' dir='ltr'><strong>Christiana</strong></span> <span class='ocrx_word' id='word_1_105' title='bbox 1031 888 1093 925; x_wconf 88' lang='lat' dir='ltr'><strong>via</strong></span> <span class='ocrx_word' id='word_1_106' title='bbox 1115 919 1121 927; x_wconf 93' lang='lat'>.</span> <span class='ocrx_word' id='word_1_107' title='bbox 1147 918 1153 926; x_wconf 91' lang='lat'><strong>.</strong></span> <span class='ocrx_word' id='word_1_108' title='bbox 1180 918 1185 925; x_wconf 97' lang='lat'>.</span> <span class='ocrx_word' id='word_1_109' title='bbox 1208 888 1409 926; x_wconf 86' lang='lat' dir='ltr'><strong>declinent</strong></span> <span class='ocrx_word' id='word_1_110' title='bbox 1437 902 1534 938; x_wconf 87' lang='lat' dir='ltr'><strong>quas</strong></span> 
     </span>
     <span class='ocr_line' id='line_1_14' title="bbox 138 942 1537 999; baseline -0.006 -12"><span class='ocrx_word' id='word_1_111' title='bbox 138 947 449 999; x_wconf 85' lang='lat' dir='ltr'><strong>Augustinianae</strong></span> <span class='ocrx_word' id='word_1_112' title='bbox 482 946 652 985; x_wconf 88' lang='lat' dir='ltr'><strong>familiae</strong></span> <span class='ocrx_word' id='word_1_113' title='bbox 684 944 846 995; x_wconf 88' lang='lat' dir='ltr'><strong>quidam</strong></span> <span class='ocrx_word' id='word_1_114' title='bbox 877 942 1072 981; x_wconf 86' lang='lat' dir='ltr'><strong>Martinus</strong></span> <span class='ocrx_word' id='word_1_115' title='bbox 1110 943 1307 980; x_wconf 89' lang='lat' dir='ltr'><strong>Lutherus</strong></span> <span class='ocrx_word' id='word_1_116' title='bbox 1345 973 1351 980; x_wconf 91' lang='lat'>.</span> <span class='ocrx_word' id='word_1_117' title='bbox 1386 973 1393 980; x_wconf 95' lang='lat'><strong>.</strong></span> <span class='ocrx_word' id='word_1_118' title='bbox 1431 942 1537 981; x_wconf 82' lang='lat' dir='ltr'><strong>‚dis-</strong></span> 
     </span>
     <span class='ocr_line' id='line_1_15' title="bbox 137 996 1536 1052; baseline -0.005 -11"><span class='ocrx_word' id='word_1_119' title='bbox 137 1003 330 1041; x_wconf 86' lang='lat' dir='ltr'><strong>seminare</strong></span> <span class='ocrx_word' id='word_1_120' title='bbox 359 1008 551 1041; x_wconf 88' lang='lat' dir='ltr'><strong>conatur.</strong></span> <span class='ocrx_word' id='word_1_121' title='bbox 577 1031 583 1038; x_wconf 95' lang='lat'><strong>.</strong></span> <span class='ocrx_word' id='word_1_122' title='bbox 609 1031 616 1038; x_wconf 89' lang='lat'><strong><em>.</em></strong></span> <span class='ocrx_word' id='word_1_123' title='bbox 641 998 752 1052; x_wconf 82' lang='lat' dir='ltr'><strong>[here</strong></span> <span class='ocrx_word' id='word_1_124' title='bbox 784 999 944 1043; x_wconf 85' lang='lat' dir='ltr'><strong>follows,</strong></span> <span class='ocrx_word' id='word_1_125' title='bbox 973 997 1011 1046; x_wconf 77' lang='lat'><strong>§§</strong></span> <span class='ocrx_word' id='word_1_126' title='bbox 1041 1007 1116 1046; x_wconf 78' lang='lat'><strong>5—2</strong></span> <span class='ocrx_word' id='word_1_127' title='bbox 1125 1008 1159 1045; x_wconf 84' lang='lat'><strong>5,</strong></span> <span class='ocrx_word' id='word_1_128' title='bbox 1183 1010 1204 1033; x_wconf 88' lang='lat' dir='ltr'><strong>a</strong></span> <span class='ocrx_word' id='word_1_129' title='bbox 1230 996 1364 1035; x_wconf 86' lang='lat' dir='ltr'><strong>recital</strong></span> <span class='ocrx_word' id='word_1_130' title='bbox 1396 998 1440 1035; x_wconf 87' lang='lat' dir='ltr'><strong>of</strong></span> <span class='ocrx_word' id='word_1_131' title='bbox 1470 997 1536 1034; x_wconf 88' lang='lat' dir='ltr'><strong>the</strong></span> 
     </span>
     <span class='ocr_line' id='line_1_16' title="bbox 138 1050 800 1108; baseline -0.009 -12"><span class='ocrx_word' id='word_1_132' title='bbox 138 1056 396 1108; x_wconf 84' lang='lat' dir='ltr'><strong>proceedings</strong></span> <span class='ocrx_word' id='word_1_133' title='bbox 418 1055 457 1093; x_wconf 91' lang='lat' dir='ltr'><strong>in</strong></span> <span class='ocrx_word' id='word_1_134' title='bbox 480 1055 657 1092; x_wconf 81' lang='lat' dir='ltr'><strong>Luther&#39;s</strong></span> <span class='ocrx_word' id='word_1_135' title='bbox 680 1050 800 1103; x_wconf 71' lang='lat' dir='ltr'><strong>case]</strong></span> 
     </span>
    </p>

    <p class='ocr_par' dir='ltr' id='par_1_6' title="bbox 140 1104 1537 1212">
     <span class='ocr_line' id='line_1_17' title="bbox 198 1104 1537 1161; baseline -0.006 -12"><span class='ocrx_word' id='word_1_136' title='bbox 198 1123 256 1161; x_wconf 88' lang='lat'><strong>25.</strong></span> <span class='ocrx_word' id='word_1_137' title='bbox 397 1109 490 1147; x_wconf 92' lang='lat' dir='ltr'><strong>inde</strong></span> <span class='ocrx_word' id='word_1_138' title='bbox 530 1107 715 1146; x_wconf 87' lang='lat' dir='ltr'><strong>nimirum</strong></span> <span class='ocrx_word' id='word_1_139' title='bbox 755 1104 988 1155; x_wconf 85' lang='lat' dir='ltr'><strong>opportunis</strong></span> <span class='ocrx_word' id='word_1_140' title='bbox 1030 1104 1213 1142; x_wconf 84' lang='lat' dir='ltr'><strong>remediis</strong></span> <span class='ocrx_word' id='word_1_141' title='bbox 1257 1111 1393 1142; x_wconf 90' lang='lat' dir='ltr'><strong>contra</strong></span> <span class='ocrx_word' id='word_1_142' title='bbox 1435 1106 1537 1142; x_wconf 87' lang='lat' dir='ltr'><strong>hanc</strong></span> 
     </span>
     <span class='ocr_line' id='line_1_18' title="bbox 140 1157 1293 1212; baseline -0.007 -9"><span class='ocrx_word' id='word_1_143' title='bbox 140 1163 511 1203; x_wconf 87' lang='lat' dir='ltr'><strong>exulceratissimam</strong></span> <span class='ocrx_word' id='word_1_144' title='bbox 533 1169 684 1212; x_wconf 83' lang='lat' dir='ltr'><strong>pestem</strong></span> <span class='ocrx_word' id='word_1_145' title='bbox 707 1159 868 1211; x_wconf 86' lang='lat' dir='ltr'><strong>procedi</strong></span> <span class='ocrx_word' id='word_1_146' title='bbox 889 1159 1022 1205; x_wconf 89' lang='lat' dir='ltr'><strong>debet,</strong></span> <span class='ocrx_word' id='word_1_147' title='bbox 1044 1165 1085 1196; x_wconf 91' lang='lat' dir='ltr'><strong>ut</strong></span> <span class='ocrx_word' id='word_1_148' title='bbox 1107 1157 1293 1207; x_wconf 88' lang='lat' dir='ltr'><strong>sequitur.</strong></span> 
     </span>
    </p>

    <p class='ocr_par' dir='ltr' id='par_1_7' title="bbox 141 1211 1546 2185">
     <span class='ocr_line' id='line_1_19' title="bbox 196 1211 1539 1267; baseline -0.007 -10"><span class='ocrx_word' id='word_1_149' title='bbox 196 1221 256 1257; x_wconf 88' lang='lat'><strong>26.</strong></span> <span class='ocrx_word' id='word_1_150' title='bbox 289 1216 498 1267; x_wconf 89' lang='lat' dir='ltr'><strong>Principio,</strong></span> <span class='ocrx_word' id='word_1_151' title='bbox 528 1217 579 1254; x_wconf 91' lang='lat' dir='ltr'><strong>ad</strong></span> <span class='ocrx_word' id='word_1_152' title='bbox 608 1216 767 1253; x_wconf 88' lang='lat' dir='ltr'><strong>laudem</strong></span> <span class='ocrx_word' id='word_1_153' title='bbox 799 1212 1043 1262; x_wconf 84' lang='lat' dir='ltr'><strong>gloriamque</strong></span> <span class='ocrx_word' id='word_1_154' title='bbox 1073 1211 1358 1261; x_wconf 79' lang='lat' dir='ltr'><strong>omnipotentis</strong></span> <span class='ocrx_word' id='word_1_155' title='bbox 1392 1211 1467 1250; x_wconf 85' lang='lat' dir='ltr'><strong>Dei</strong></span> <span class='ocrx_word' id='word_1_156' title='bbox 1501 1219 1539 1249; x_wconf 87' lang='lat' dir='ltr'><strong>et</strong></span> 
     </span>
     <span class='ocr_line' id='line_1_20' title="bbox 141 1265 1536 1323; baseline -0.007 -11"><span class='ocrx_word' id='word_1_157' title='bbox 141 1271 497 1323; x_wconf 87' lang='lat' dir='ltr'><strong>propugnationem</strong></span> <span class='ocrx_word' id='word_1_158' title='bbox 533 1268 779 1309; x_wconf 86' lang='lat' dir='ltr'><strong>Christianae</strong></span> <span class='ocrx_word' id='word_1_159' title='bbox 812 1266 904 1305; x_wconf 85' lang='lat' dir='ltr'><strong>fidei</strong></span> <span class='ocrx_word' id='word_1_160' title='bbox 935 1265 1138 1304; x_wconf 87' lang='lat' dir='ltr'><strong>Pontificis</strong></span> <span class='ocrx_word' id='word_1_161' title='bbox 1170 1278 1332 1315; x_wconf 88' lang='lat' dir='ltr'><strong>quoque</strong></span> <span class='ocrx_word' id='word_1_162' title='bbox 1365 1265 1536 1303; x_wconf 87' lang='lat' dir='ltr'><strong>Romani</strong></span> 
     </span>
     <span class='ocr_line' id='line_1_21' title="bbox 141 1320 1539 1368; baseline -0.007 -2"><span class='ocrx_word' id='word_1_163' title='bbox 141 1334 179 1365; x_wconf 89' lang='lat' dir='ltr'><strong>et</strong></span> <span class='ocrx_word' id='word_1_164' title='bbox 211 1326 324 1366; x_wconf 90' lang='lat' dir='ltr'><strong>Sedis</strong></span> <span class='ocrx_word' id='word_1_165' title='bbox 358 1326 551 1363; x_wconf 89' lang='lat' dir='ltr'><strong>honorem</strong></span> <span class='ocrx_word' id='word_1_166' title='bbox 583 1323 775 1368; x_wconf 83' lang='lat' dir='ltr'><strong>debitum,</strong></span> <span class='ocrx_word' id='word_1_167' title='bbox 811 1320 1043 1358; x_wconf 85' lang='lat' dir='ltr'><strong>auctoritate</strong></span> <span class='ocrx_word' id='word_1_168' title='bbox 1074 1332 1120 1357; x_wconf 89' lang='lat' dir='ltr'><strong>ac</strong></span> <span class='ocrx_word' id='word_1_169' title='bbox 1155 1326 1351 1368; x_wconf 89' lang='lat' dir='ltr'><strong>potestate</strong></span> <span class='ocrx_word' id='word_1_170' title='bbox 1383 1326 1539 1357; x_wconf 87' lang='lat' dir='ltr'><strong>nostrae</strong></span> 
     </span>
     <span class='ocr_line' id='line_1_22' title="bbox 143 1372 1537 1429; baseline -0.008 -9"><span class='ocrx_word' id='word_1_171' title='bbox 143 1382 359 1420; x_wconf 87' lang='lat' dir='ltr'><strong>Caesareae</strong></span> <span class='ocrx_word' id='word_1_172' title='bbox 383 1377 582 1429; x_wconf 86' lang='lat' dir='ltr'><strong>dignitatis</strong></span> <span class='ocrx_word' id='word_1_173' title='bbox 609 1385 728 1426; x_wconf 89' lang='lat' dir='ltr'><strong>atque</strong></span> <span class='ocrx_word' id='word_1_174' title='bbox 753 1374 881 1420; x_wconf 85' lang='lat' dir='ltr'><strong>officii,</strong></span> <span class='ocrx_word' id='word_1_175' title='bbox 904 1381 1104 1424; x_wconf 88' lang='lat' dir='ltr'><strong>praeterea</strong></span> <span class='ocrx_word' id='word_1_176' title='bbox 1133 1372 1311 1411; x_wconf 87' lang='lat' dir='ltr'><strong>unanimi</strong></span> <span class='ocrx_word' id='word_1_177' title='bbox 1342 1386 1537 1411; x_wconf 87' lang='lat' dir='ltr'><strong>consensu</strong></span> 
     </span>
     <span class='ocr_line' id='line_1_23' title="bbox 143 1427 1537 1479; baseline -0.007 -5"><span class='ocrx_word' id='word_1_178' title='bbox 143 1442 181 1473; x_wconf 87' lang='lat' dir='ltr'><strong>et</strong></span> <span class='ocrx_word' id='word_1_179' title='bbox 198 1436 400 1474; x_wconf 89' lang='lat' dir='ltr'><strong>voluntate</strong></span> <span class='ocrx_word' id='word_1_180' title='bbox 420 1440 643 1471; x_wconf 90' lang='lat' dir='ltr'><strong>nostrorum</strong></span> <span class='ocrx_word' id='word_1_181' title='bbox 665 1429 842 1479; x_wconf 86' lang='lat' dir='ltr'><strong>sacrique</strong></span> <span class='ocrx_word' id='word_1_182' title='bbox 866 1427 1025 1478; x_wconf 88' lang='lat' dir='ltr'><strong>Imperii</strong></span> <span class='ocrx_word' id='word_1_183' title='bbox 1048 1428 1291 1475; x_wconf 84' lang='lat' dir='ltr'><strong>Electorum,</strong></span> <span class='ocrx_word' id='word_1_184' title='bbox 1312 1427 1537 1477; x_wconf 85' lang='lat' dir='ltr'><strong>Principum</strong></span> 
     </span>
     <span class='ocr_line' id='line_1_24' title="bbox 144 1480 1540 1534; baseline -0.008 -6"><span class='ocrx_word' id='word_1_185' title='bbox 144 1496 182 1527; x_wconf 91' lang='lat' dir='ltr'><strong>et</strong></span> <span class='ocrx_word' id='word_1_186' title='bbox 213 1487 410 1528; x_wconf 89' lang='lat' dir='ltr'><strong>Ordinum</strong></span> <span class='ocrx_word' id='word_1_187' title='bbox 442 1486 506 1525; x_wconf 91' lang='lat' dir='ltr'><strong>hic</strong></span> <span class='ocrx_word' id='word_1_188' title='bbox 536 1486 613 1524; x_wconf 90' lang='lat' dir='ltr'><strong>iam</strong></span> <span class='ocrx_word' id='word_1_189' title='bbox 649 1490 986 1534; x_wconf 84' lang='lat' dir='ltr'><strong>congregatorum,</strong></span> <span class='ocrx_word' id='word_1_190' title='bbox 1020 1483 1105 1519; x_wconf 88' lang='lat' dir='ltr'><strong>Nos</strong></span> <span class='ocrx_word' id='word_1_191' title='bbox 1139 1482 1190 1519; x_wconf 91' lang='lat' dir='ltr'><strong>ad</strong></span> <span class='ocrx_word' id='word_1_192' title='bbox 1225 1488 1455 1531; x_wconf 89' lang='lat' dir='ltr'><strong>perpetuam</strong></span> <span class='ocrx_word' id='word_1_193' title='bbox 1487 1480 1540 1519; x_wconf 88' lang='lat' dir='ltr'><strong>rei</strong></span> 
     </span>
     <span class='ocr_line' id='line_1_25' title="bbox 147 1535 1541 1591; baseline -0.007 -10"><span class='ocrx_word' id='word_1_194' title='bbox 147 1541 375 1581; x_wconf 89' lang='lat' dir='ltr'><strong>memoriam</strong></span> <span class='ocrx_word' id='word_1_195' title='bbox 407 1541 763 1591; x_wconf 87' lang='lat' dir='ltr'><strong>praestandamque</strong></span> <span class='ocrx_word' id='word_1_196' title='bbox 790 1536 949 1583; x_wconf 88' lang='lat' dir='ltr'><strong>decreti,</strong></span> <span class='ocrx_word' id='word_1_197' title='bbox 976 1535 1195 1573; x_wconf 87' lang='lat' dir='ltr'><strong>sententiae</strong></span> <span class='ocrx_word' id='word_1_198' title='bbox 1225 1548 1272 1573; x_wconf 92' lang='lat' dir='ltr'><strong>ac</strong></span> <span class='ocrx_word' id='word_1_199' title='bbox 1302 1536 1541 1573; x_wconf 84' lang='lat' dir='ltr'><strong>condemna-</strong></span> 
     </span>
     <span class='ocr_line' id='line_1_26' title="bbox 146 1588 1541 1644; baseline -0.007 -9"><span class='ocrx_word' id='word_1_200' title='bbox 146 1596 262 1635; x_wconf 89' lang='lat' dir='ltr'><strong>tionis</strong></span> <span class='ocrx_word' id='word_1_201' title='bbox 293 1597 441 1642; x_wconf 89' lang='lat' dir='ltr'><strong>Bullae,</strong></span> <span class='ocrx_word' id='word_1_202' title='bbox 473 1607 592 1644; x_wconf 91' lang='lat' dir='ltr'><strong>quam</strong></span> <span class='ocrx_word' id='word_1_203' title='bbox 624 1595 660 1631; x_wconf 87' lang='lat' dir='ltr'><strong>S.</strong></span> <span class='ocrx_word' id='word_1_204' title='bbox 685 1594 733 1630; x_wconf 95' lang='lat' dir='ltr'><strong>N.</strong></span> <span class='ocrx_word' id='word_1_205' title='bbox 768 1593 881 1629; x_wconf 89' lang='lat' dir='ltr'><strong>Pater</strong></span> <span class='ocrx_word' id='word_1_206' title='bbox 903 1592 1021 1640; x_wconf 86' lang='lat' dir='ltr'><strong>Papa,</strong></span> <span class='ocrx_word' id='word_1_207' title='bbox 1044 1590 1150 1627; x_wconf 87' lang='lat' dir='ltr'><strong>velut</strong></span> <span class='ocrx_word' id='word_1_208' title='bbox 1177 1588 1396 1627; x_wconf 86' lang='lat' dir='ltr'><strong>ordinarius</strong></span> <span class='ocrx_word' id='word_1_209' title='bbox 1424 1588 1541 1627; x_wconf 88' lang='lat' dir='ltr'><strong>iudex</strong></span> 
     </span>
     <span class='ocr_line' id='line_1_27' title="bbox 147 1643 1541 1697; baseline -0.008 -8"><span class='ocrx_word' id='word_1_210' title='bbox 147 1649 498 1688; x_wconf 88' lang='lat' dir='ltr'><strong>controversiarum</strong></span> <span class='ocrx_word' id='word_1_211' title='bbox 538 1646 734 1697; x_wconf 81' lang='lat' dir='ltr'><strong>religionis</strong></span> <span class='ocrx_word' id='word_1_212' title='bbox 769 1644 904 1690; x_wconf 89' lang='lat' dir='ltr'><strong>edidit,</strong></span> <span class='ocrx_word' id='word_1_213' title='bbox 946 1643 1234 1689; x_wconf 90' lang='lat' dir='ltr'><strong>executionem,</strong></span> <span class='ocrx_word' id='word_1_214' title='bbox 1275 1655 1541 1692; x_wconf 89' lang='lat' dir='ltr'><strong>supramemo-</strong></span> 
     </span>
     <span class='ocr_line' id='line_1_28' title="bbox 148 1696 1543 1747; baseline -0.006 -5"><span class='ocrx_word' id='word_1_215' title='bbox 148 1711 273 1742; x_wconf 89' lang='lat' dir='ltr'><strong>ratum</strong></span> <span class='ocrx_word' id='word_1_216' title='bbox 307 1702 524 1741; x_wconf 89' lang='lat' dir='ltr'><strong>Martinum</strong></span> <span class='ocrx_word' id='word_1_217' title='bbox 559 1702 775 1739; x_wconf 87' lang='lat' dir='ltr'><strong>Lutherum</strong></span> <span class='ocrx_word' id='word_1_218' title='bbox 806 1706 994 1747; x_wconf 88' lang='lat' dir='ltr'><strong>tanquam</strong></span> <span class='ocrx_word' id='word_1_219' title='bbox 1027 1697 1249 1735; x_wconf 88' lang='lat' dir='ltr'><strong>membrum</strong></span> <span class='ocrx_word' id='word_1_220' title='bbox 1281 1696 1331 1733; x_wconf 85' lang='lat' dir='ltr'><strong>ab</strong></span> <span class='ocrx_word' id='word_1_221' title='bbox 1365 1696 1543 1734; x_wconf 84' lang='lat' dir='ltr'><strong>Ecclesia</strong></span> 
     </span>
     <span class='ocr_line' id='line_1_29' title="bbox 149 1749 1540 1807; baseline -0.007 -11"><span class='ocrx_word' id='word_1_222' title='bbox 149 1757 225 1796; x_wconf 91' lang='lat' dir='ltr'><strong>Dei</strong></span> <span class='ocrx_word' id='word_1_223' title='bbox 264 1764 498 1807; x_wconf 89' lang='lat' dir='ltr'><strong>separatum,</strong></span> <span class='ocrx_word' id='word_1_224' title='bbox 539 1753 747 1805; x_wconf 87' lang='lat' dir='ltr'><strong>perniciosi</strong></span> <span class='ocrx_word' id='word_1_225' title='bbox 787 1750 1007 1790; x_wconf 82' lang='lat' dir='ltr'><strong>schismatis</strong></span> <span class='ocrx_word' id='word_1_226' title='bbox 1039 1758 1252 1796; x_wconf 85' lang='lat' dir='ltr'><strong>auctorem,</strong></span> <span class='ocrx_word' id='word_1_227' title='bbox 1291 1749 1540 1787; x_wconf 87' lang='lat' dir='ltr'><strong>manifestum</strong></span> 
     </span>
     <span class='ocr_line' id='line_1_30' title="bbox 150 1803 1543 1862; baseline -0.008 -12"><span class='ocrx_word' id='word_1_228' title='bbox 150 1811 471 1862; x_wconf 85' lang='lat' dir='ltr'><strong>pertinacemque</strong></span> <span class='ocrx_word' id='word_1_229' title='bbox 513 1807 753 1847; x_wconf 88' lang='lat' dir='ltr'><strong>haereticum</strong></span> <span class='ocrx_word' id='word_1_230' title='bbox 797 1820 820 1844; x_wconf 88' lang='lat' dir='ltr'><strong>a</strong></span> <span class='ocrx_word' id='word_1_231' title='bbox 867 1805 982 1843; x_wconf 88' lang='lat' dir='ltr'><strong>nobis</strong></span> <span class='ocrx_word' id='word_1_232' title='bbox 1031 1804 1224 1853; x_wconf 82' lang='lat' dir='ltr'><strong>vobisque</strong></span> <span class='ocrx_word' id='word_1_233' title='bbox 1271 1803 1460 1841; x_wconf 83' lang='lat' dir='ltr'><strong>universis</strong></span> <span class='ocrx_word' id='word_1_234' title='bbox 1506 1811 1543 1841; x_wconf 90' lang='lat' dir='ltr'><strong>et</strong></span> 
     </span>
     <span class='ocr_line' id='line_1_31' title="bbox 151 1856 1546 1915; baseline -0.008 -11"><span class='ocrx_word' id='word_1_235' title='bbox 151 1865 311 1915; x_wconf 84' lang='lat' dir='ltr'><strong>singulis</strong></span> <span class='ocrx_word' id='word_1_236' title='bbox 350 1863 653 1903; x_wconf 84' lang='lat' dir='ltr'><strong>existimandum</strong></span> <span class='ocrx_word' id='word_1_237' title='bbox 698 1860 1058 1908; x_wconf 82' lang='lat' dir='ltr'><strong>detestandumque</strong></span> <span class='ocrx_word' id='word_1_238' title='bbox 1097 1856 1373 1895; x_wconf 84' lang='lat' dir='ltr'><strong>renunciamus</strong></span> <span class='ocrx_word' id='word_1_239' title='bbox 1413 1863 1451 1895; x_wconf 89' lang='lat' dir='ltr'><strong>et</strong></span> <span class='ocrx_word' id='word_1_240' title='bbox 1481 1858 1546 1895; x_wconf 91' lang='lat' dir='ltr'><strong>de-</strong></span> 
     </span>
     <span class='ocr_line' id='line_1_32' title="bbox 151 1910 1545 1967; baseline -0.007 -10"><span class='ocrx_word' id='word_1_241' title='bbox 151 1921 354 1965; x_wconf 86' lang='lat' dir='ltr'><strong>claramus,</strong></span> <span class='ocrx_word' id='word_1_242' title='bbox 377 1918 497 1967; x_wconf 89' lang='lat' dir='ltr'><strong>idque</strong></span> <span class='ocrx_word' id='word_1_243' title='bbox 518 1915 675 1967; x_wconf 86' lang='lat' dir='ltr'><strong>publice</strong></span> <span class='ocrx_word' id='word_1_244' title='bbox 696 1921 880 1952; x_wconf 88' lang='lat' dir='ltr'><strong>testatum</strong></span> <span class='ocrx_word' id='word_1_245' title='bbox 903 1912 962 1950; x_wconf 88' lang='lat' dir='ltr'><strong>his</strong></span> <span class='ocrx_word' id='word_1_246' title='bbox 987 1912 1106 1950; x_wconf 83' lang='lat' dir='ltr'><strong>literis</strong></span> <span class='ocrx_word' id='word_1_247' title='bbox 1128 1913 1320 1957; x_wconf 83' lang='lat' dir='ltr'><strong>volumus,</strong></span> <span class='ocrx_word' id='word_1_248' title='bbox 1344 1910 1545 1949; x_wconf 78' lang='lat' dir='ltr'><strong>edicentes</strong></span> 
     </span>
     <span class='ocr_line' id='line_1_33' title="bbox 152 1965 1545 2023; baseline -0.007 -11"><span class='ocrx_word' id='word_1_249' title='bbox 152 1981 189 2012; x_wconf 88' lang='lat' dir='ltr'><strong>et</strong></span> <span class='ocrx_word' id='word_1_250' title='bbox 210 1973 447 2023; x_wconf 86' lang='lat' dir='ltr'><strong>imperantes</strong></span> <span class='ocrx_word' id='word_1_251' title='bbox 468 1970 580 2009; x_wconf 87' lang='lat' dir='ltr'><strong>vobis</strong></span> <span class='ocrx_word' id='word_1_252' title='bbox 602 1968 787 2008; x_wconf 88' lang='lat' dir='ltr'><strong>omnibus</strong></span> <span class='ocrx_word' id='word_1_253' title='bbox 804 1976 842 2006; x_wconf 91' lang='lat' dir='ltr'><strong>et</strong></span> <span class='ocrx_word' id='word_1_254' title='bbox 858 1966 1073 2015; x_wconf 85' lang='lat' dir='ltr'><strong>unicuique</strong></span> <span class='ocrx_word' id='word_1_255' title='bbox 1095 1965 1169 2003; x_wconf 85' lang='lat' dir='ltr'><strong>sub</strong></span> <span class='ocrx_word' id='word_1_256' title='bbox 1190 1965 1406 2015; x_wconf 88' lang='lat' dir='ltr'><strong>sponsione</strong></span> <span class='ocrx_word' id='word_1_257' title='bbox 1425 1972 1545 2014; x_wconf 87' lang='lat' dir='ltr'><strong>atque</strong></span> 
     </span>
     <span class='ocr_line' id='line_1_34' title="bbox 153 2018 1544 2075; baseline -0.007 -10"><span class='ocrx_word' id='word_1_258' title='bbox 153 2027 372 2065; x_wconf 86' lang='lat' dir='ltr'><strong>iuramento</strong></span> <span class='ocrx_word' id='word_1_259' title='bbox 417 2039 497 2075; x_wconf 88' lang='lat' dir='ltr'><strong>quo</strong></span> <span class='ocrx_word' id='word_1_260' title='bbox 543 2024 657 2062; x_wconf 87' lang='lat' dir='ltr'><strong>nobis</strong></span> <span class='ocrx_word' id='word_1_261' title='bbox 692 2034 883 2071; x_wconf 88' lang='lat' dir='ltr'><strong>sacroque</strong></span> <span class='ocrx_word' id='word_1_262' title='bbox 923 2019 1096 2069; x_wconf 91' lang='lat' dir='ltr'><strong>Imperio</strong></span> <span class='ocrx_word' id='word_1_263' title='bbox 1135 2019 1308 2057; x_wconf 88' lang='lat' dir='ltr'><strong>devincti</strong></span> <span class='ocrx_word' id='word_1_264' title='bbox 1348 2018 1451 2065; x_wconf 87' lang='lat' dir='ltr'><strong>estis,</strong></span> <span class='ocrx_word' id='word_1_265' title='bbox 1495 2020 1544 2056; x_wconf 85' lang='lat' dir='ltr'><strong>ad</strong></span> 
     </span>
     <span class='ocr_line' id='line_1_35' title="bbox 154 2073 1546 2131; baseline -0.009 -11"><span class='ocrx_word' id='word_1_266' title='bbox 154 2081 415 2131; x_wconf 84' lang='lat' dir='ltr'><strong>effugiendam</strong></span> <span class='ocrx_word' id='word_1_267' title='bbox 430 2080 524 2117; x_wconf 90' lang='lat' dir='ltr'><strong>item</strong></span> <span class='ocrx_word' id='word_1_268' title='bbox 544 2076 717 2116; x_wconf 91' lang='lat' dir='ltr'><strong>criminis</strong></span> <span class='ocrx_word' id='word_1_269' title='bbox 734 2078 860 2114; x_wconf 82' lang='lat' dir='ltr'><strong>laesae</strong></span> <span class='ocrx_word' id='word_1_270' title='bbox 874 2073 1088 2112; x_wconf 87' lang='lat' dir='ltr'><strong>maiestatis</strong></span> <span class='ocrx_word' id='word_1_271' title='bbox 1104 2086 1274 2123; x_wconf 90' lang='lat' dir='ltr'><strong>poenam</strong></span> <span class='ocrx_word' id='word_1_272' title='bbox 1292 2080 1546 2121; x_wconf 87' lang='lat' dir='ltr'><strong>nostramque</strong></span> 
     </span>
     <span class='ocr_line' id='line_1_36' title="bbox 154 2127 1371 2185; baseline -0.009 -11"><span class='ocrx_word' id='word_1_273' title='bbox 154 2142 192 2174; x_wconf 88' lang='lat' dir='ltr'><strong>et</strong></span> <span class='ocrx_word' id='word_1_274' title='bbox 214 2133 374 2185; x_wconf 88' lang='lat' dir='ltr'><strong>Imperii</strong></span> <span class='ocrx_word' id='word_1_275' title='bbox 395 2132 722 2184; x_wconf 89' lang='lat' dir='ltr'><strong>proscriptionem</strong></span> <span class='ocrx_word' id='word_1_276' title='bbox 744 2143 789 2168; x_wconf 92' lang='lat' dir='ltr'><strong>ac</strong></span> <span class='ocrx_word' id='word_1_277' title='bbox 811 2127 1276 2168; x_wconf 83' lang='lat' dir='ltr'><strong>excommunicationem.</strong></span> <span class='ocrx_word' id='word_1_278' title='bbox 1301 2157 1307 2164; x_wconf 96' lang='lat'>.</span> <span class='ocrx_word' id='word_1_279' title='bbox 1333 2156 1339 2164; x_wconf 91' lang='lat'>.</span> <span class='ocrx_word' id='word_1_280' title='bbox 1364 2157 1371 2164; x_wconf 91' lang='lat'><strong>.</strong></span> 
     </span>
    </p>

    <p class='ocr_par' dir='ltr' id='par_1_8' title="bbox 156 2183 1550 2504">
     <span class='ocr_line' id='line_1_37' title="bbox 212 2183 1548 2238; baseline -0.008 -11"><span class='ocrx_word' id='word_1_281' title='bbox 212 2200 270 2237; x_wconf 91' lang='lat'><strong>27.</strong></span> <span class='ocrx_word' id='word_1_282' title='bbox 305 2190 559 2238; x_wconf 89' lang='lat' dir='ltr'><strong>Imperantes‚</strong></span> <span class='ocrx_word' id='word_1_283' title='bbox 601 2185 774 2235; x_wconf 85' lang='lat' dir='ltr'><strong>inquam,</strong></span> <span class='ocrx_word' id='word_1_284' title='bbox 818 2185 1002 2221; x_wconf 86' lang='lat' dir='ltr'><strong>Romana</strong></span> <span class='ocrx_word' id='word_1_285' title='bbox 1040 2183 1312 2230; x_wconf 85' lang='lat' dir='ltr'><strong>Caesareaque</strong></span> <span class='ocrx_word' id='word_1_286' title='bbox 1355 2187 1548 2229; x_wconf 83' lang='lat' dir='ltr'><strong>potestate</strong></span> 
     </span>
     <span class='ocr_line' id='line_1_38' title="bbox 157 2233 1548 2286; baseline -0.008 -6"><span class='ocrx_word' id='word_1_287' title='bbox 157 2255 287 2281; x_wconf 89' lang='lat' dir='ltr'><strong>severe</strong></span> <span class='ocrx_word' id='word_1_288' title='bbox 312 2243 389 2280; x_wconf 92' lang='lat' dir='ltr'><strong>hoc</strong></span> <span class='ocrx_word' id='word_1_289' title='bbox 414 2241 545 2280; x_wconf 90' lang='lat' dir='ltr'><strong>edicto</strong></span> <span class='ocrx_word' id='word_1_290' title='bbox 572 2241 764 2284; x_wconf 89' lang='lat' dir='ltr'><strong>volumus,</strong></span> <span class='ocrx_word' id='word_1_291' title='bbox 788 2245 841 2284; x_wconf 89' lang='lat' dir='ltr'><strong>ut,</strong></span> <span class='ocrx_word' id='word_1_292' title='bbox 864 2235 1004 2286; x_wconf 84' lang='lat' dir='ltr'><strong>elapsis</strong></span> <span class='ocrx_word' id='word_1_293' title='bbox 1034 2234 1216 2285; x_wconf 88' lang='lat' dir='ltr'><strong>praefatis</strong></span> <span class='ocrx_word' id='word_1_294' title='bbox 1244 2234 1377 2284; x_wconf 85' lang='lat' dir='ltr'><strong>viginti</strong></span> <span class='ocrx_word' id='word_1_295' title='bbox 1409 2233 1548 2271; x_wconf 81' lang='lat' dir='ltr'><strong>diebus</strong></span> 
     </span>
     <span class='ocr_line' id='line_1_39' title="bbox 156 2287 1546 2345; baseline -0.009 -10"><span class='ocrx_word' id='word_1_296' title='bbox 156 2296 223 2345; x_wconf 89' lang='lat' dir='ltr'><strong>qui</strong></span> <span class='ocrx_word' id='word_1_297' title='bbox 248 2310 295 2344; x_wconf 93' lang='lat'><strong>14</strong></span> <span class='ocrx_word' id='word_1_298' title='bbox 315 2296 431 2334; x_wconf 89' lang='lat' dir='ltr'><strong>huius</strong></span> <span class='ocrx_word' id='word_1_299' title='bbox 448 2293 593 2333; x_wconf 88' lang='lat' dir='ltr'><strong>mensis</strong></span> <span class='ocrx_word' id='word_1_300' title='bbox 612 2292 708 2330; x_wconf 89' lang='lat' dir='ltr'><strong>Maii</strong></span> <span class='ocrx_word' id='word_1_301' title='bbox 725 2291 1050 2335; x_wconf 87' lang='lat' dir='ltr'><strong>terminabuntur,</strong></span> <span class='ocrx_word' id='word_1_302' title='bbox 1068 2288 1311 2339; x_wconf 89' lang='lat' dir='ltr'><strong>praedictum</strong></span> <span class='ocrx_word' id='word_1_303' title='bbox 1332 2287 1546 2325; x_wconf 87' lang='lat' dir='ltr'><strong>Martinum</strong></span> 
     </span>
     <span class='ocr_line' id='line_1_40' title="bbox 159 2340 1549 2394; baseline -0.009 -6"><span class='ocrx_word' id='word_1_304' title='bbox 159 2351 375 2389; x_wconf 91' lang='lat' dir='ltr'><strong>Lutherum</strong></span> <span class='ocrx_word' id='word_1_305' title='bbox 410 2362 528 2387; x_wconf 90' lang='lat' dir='ltr'><strong>nemo</strong></span> <span class='ocrx_word' id='word_1_306' title='bbox 562 2354 733 2386; x_wconf 87' lang='lat' dir='ltr'><strong>vestrum</strong></span> <span class='ocrx_word' id='word_1_307' title='bbox 768 2344 952 2394; x_wconf 88' lang='lat' dir='ltr'><strong>hospitio,</strong></span> <span class='ocrx_word' id='word_1_308' title='bbox 987 2350 1092 2381; x_wconf 85' lang='lat' dir='ltr'><strong>tecto</strong></span> <span class='ocrx_word' id='word_1_309' title='bbox 1126 2344 1278 2381; x_wconf 90' lang='lat' dir='ltr'><strong>lectove</strong></span> <span class='ocrx_word' id='word_1_310' title='bbox 1311 2340 1469 2390; x_wconf 81' lang='lat' dir='ltr'><strong>recipiat</strong></span> <span class='ocrx_word' id='word_1_311' title='bbox 1504 2353 1549 2377; x_wconf 82' lang='lat' dir='ltr'><strong>ac</strong></span> 
     </span>
     <span class='ocr_line' id='line_1_41' title="bbox 157 2394 1549 2451; baseline -0.007 -11"><span class='ocrx_word' id='word_1_312' title='bbox 157 2404 297 2451; x_wconf 86' lang='lat' dir='ltr'><strong>foveat,</strong></span> <span class='ocrx_word' id='word_1_313' title='bbox 328 2416 447 2441; x_wconf 91' lang='lat' dir='ltr'><strong>nemo</strong></span> <span class='ocrx_word' id='word_1_314' title='bbox 476 2402 567 2441; x_wconf 89' lang='lat' dir='ltr'><strong>cibo</strong></span> <span class='ocrx_word' id='word_1_315' title='bbox 596 2408 772 2451; x_wconf 87' lang='lat' dir='ltr'><strong>potuque</strong></span> <span class='ocrx_word' id='word_1_316' title='bbox 801 2400 878 2437; x_wconf 92' lang='lat' dir='ltr'><strong>alat</strong></span> <span class='ocrx_word' id='word_1_317' title='bbox 908 2405 945 2436; x_wconf 90' lang='lat' dir='ltr'><strong>et</strong></span> <span class='ocrx_word' id='word_1_318' title='bbox 985 2403 1187 2442; x_wconf 87' lang='lat' dir='ltr'><strong>sustentet,</strong></span> <span class='ocrx_word' id='word_1_319' title='bbox 1229 2408 1301 2433; x_wconf 88' lang='lat' dir='ltr'><strong>nec</strong></span> <span class='ocrx_word' id='word_1_320' title='bbox 1341 2394 1549 2443; x_wconf 87' lang='lat' dir='ltr'><strong>quisquam</strong></span> 
     </span>
     <span class='ocr_line' id='line_1_42' title="bbox 158 2447 1550 2504; baseline -0.008 -9"><span class='ocrx_word' id='word_1_321' title='bbox 158 2457 284 2495; x_wconf 89' lang='lat' dir='ltr'><strong>verbis</strong></span> <span class='ocrx_word' id='word_1_322' title='bbox 313 2470 359 2495; x_wconf 87' lang='lat' dir='ltr'><strong>ac</strong></span> <span class='ocrx_word' id='word_1_323' title='bbox 388 2456 512 2504; x_wconf 85' lang='lat' dir='ltr'><strong>factis,</strong></span> <span class='ocrx_word' id='word_1_324' title='bbox 541 2457 642 2494; x_wconf 86' lang='lat' dir='ltr'><strong>clam</strong></span> <span class='ocrx_word' id='word_1_325' title='bbox 673 2455 864 2503; x_wconf 89' lang='lat' dir='ltr'><strong>palamve,</strong></span> <span class='ocrx_word' id='word_1_326' title='bbox 890 2450 1057 2490; x_wconf 87' lang='lat' dir='ltr'><strong>consilio</strong></span> <span class='ocrx_word' id='word_1_327' title='bbox 1084 2451 1142 2488; x_wconf 87' lang='lat' dir='ltr'><strong>vel</strong></span> <span class='ocrx_word' id='word_1_328' title='bbox 1175 2448 1319 2487; x_wconf 86' lang='lat' dir='ltr'><strong>auxilio</strong></span> <span class='ocrx_word' id='word_1_329' title='bbox 1350 2447 1453 2485; x_wconf 78' lang='lat' dir='ltr'><strong>iuvet</strong></span> <span class='ocrx_word' id='word_1_330' title='bbox 1483 2454 1550 2485; x_wconf 78' lang='lat' dir='ltr'><strong>aut</strong></span> 
     </span>
    </p>
   </div>
  </div>
 </body>
</html>
