1715 2780
228 71 299 108 272
482 59 603 97 THE
635 58 773 96 DIET
803 57 875 96 OF
904 55 1225 102 AUGSBURG,
1262 66 1362 105 1530
1553 56 1616 92 116

225 164 295 202 sed
325 164 450 202 multo
484 161 651 201 maiores
682 174 768 200 esse
798 172 936 199 causas
970 172 1039 197 cur
1068 159 1182 198 reddi
1213 158 1358 197 debeat
1374 172 1385 206 3
1422 158 1478 197 sic
1508 159 1615 197 enim

225 216 359 256 scribit
380 218 545 255 Platina.
606 230 637 253 2.
668 217 802 265 Quum
834 213 948 264 igitur
977 213 1201 252 sacerdotes
1226 213 1333 262 apud
1357 225 1430 250 nos
1457 212 1616 262 publica

225 270 290 309 illa
321 272 507 310 scandala
539 270 659 309 vitare
696 270 851 314 vellent,
888 268 1083 306 duxerunt
1121 279 1272 314 uxores,
1311 279 1358 304 ac
1396 267 1616 305 docuerunt

225 326 334 375 quod
372 326 486 364 liceat
524 323 617 375 ipsis
655 323 886 361 contrahere
924 320 1230 359 matrimonium.
1301 319 1488 368 Primum,
1524 319 1616 370 quia

227 380 371 417 Paulus
391 378 508 417 dicit:
548 378 810 426 Unusquisque
822 376 961 413 habeat
974 388 1135 413 uxorem
1154 387 1266 412 suam
1280 374 1616 424 propterfornica-

227 434 388 480 tlonem3
417 432 536 470 item:
565 432 711 470 Melms
731 436 785 468 est
807 430 944 467 nubere
961 443 1078 478 quam
1099 442 1174 467 urz.
1231 429 1417 467 Secundo
1438 428 1616 467 Christus

226 486 380 536 inquit:
410 487 503 525 Non
529 497 654 523 omnes
672 485 831 534 capzunt
852 485 1006 521 verbum
1029 484 1119 521 hoc:
1149 481 1217 521 ubi
1239 483 1357 521 docet
1377 494 1458 520 non
1478 494 1616 520 omnes

226 539 408 578 homines
455 541 506 578 ad
551 538 787 577 caelibatum
835 536 1001 576 idoneos
1046 549 1143 583 esse,
1187 537 1280 586 quia
1322 537 1432 574 Deus
1473 534 1616 573 creavit

227 593 431 633 hominem
459 594 511 631 ad
535 593 860 642 procreationem,
892 592 1038 630 Genes.
1069 590 1091 628 i
1150 604 1183 640 3.
1217 591 1303 628 Nec
1333 596 1392 628 est
1420 590 1617 627 humanae

226 647 441 707 potestatis·
451 646 536 685 sine
557 645 739 696 singulari
761 647 869 684 dono
894 652 932 683 et
958 657 1077 694 opere
1100 643 1175 682 Dei
1195 642 1434 682 creationem
1456 649 1617 681 mutare.

228 701 351 751 Igitur
377 700 551 761 quinon
576 707 667 738 sunt
693 698 827 738 idonei
856 699 907 737 ad
937 698 1185 745 caelibatum,
1214 697 1361 736 debent
1387 697 1618 735 contrahere

227 754 533 793 matrimonium.
590 755 695 792 Nam
740 753 971 791 mandatum
1015 751 1091 790 Dei
1136 758 1175 790 et
1215 749 1506 790 ordinationem
1541 749 1617 789 Dei

227 810 335 846 nulla
365 810 427 847 lex
458 809 642 854 humana,
677 807 828 845 nullum
867 813 1003 844 votum
1034 806 1170 844 tollere
1201 811 1341 854 potest.
1398 817 1434 851 4.
1465 806 1525 842 Ex
1558 804 1617 842 his

227 863 355 900 causis
385 863 531 900 docent
562 861 785 899 sacerdotes
813 859 887 897 sibi
918 860 1034 898 licere
1068 871 1208 897 uxores
1237 859 1393 896 ducere.
1450 858 1618 897 Constat

227 917 347 954 etiam
382 915 422 953 in
454 914 619 954 ecclesia
648 913 767 953 veteri
802 913 1025 951 sacerdotes
1059 911 1178 950 fuisse
1217 911 1388 950 maritos.
1448 912 1551 949 Nam
1579 918 1617 949 et

228 971 372 1007 Paulus
401 970 466 1017 ait,
487 970 694 1018 episcopum
713 968 923 1017 eugendum
949 979 1021 1004 esse
1043 979 1108 1015 qut
1134 966 1187 1004 sit
1208 966 1382 1003 maritus.
1441 976 1475 1014 5.
1507 963 1587 1002 Et
1578 978 1618 1002 111

227 1023 441 1062 Germania
479 1022 649 1073 primum
687 1029 778 1060 ante
815 1033 941 1059 annos
979 1019 1287 1070 quadringentos
1325 1019 1547 1057 sacerdotes
1581 1017 1618 1056 vi

227 1076 354 1115 coacti
379 1083 469 1115 sunt
496 1077 547 1115 ad
571 1074 819 1121 caelibatum,
842 1074 911 1124 qui
931 1075 1093 1124 quidem
1117 1074 1218 1112 adeo
1244 1071 1437 1112 adversati
1465 1079 1555 1110 sunt
1575 1079 1618 1110 ut

226 1130 546 1180 archiepiscopus
597 1128 870 1180 Moguntinus,
910 1127 1179 1188 publicaturus
1217 1126 1392 1166 edictum
1444 1124 1617 1164 Romani

228 1183 430 1222 Pontificis
451 1185 502 1223 de
522 1197 568 1222 ea
587 1196 638 1230 re,
661 1196 786 1233 paene
809 1181 860 1220 ab
889 1181 994 1220 iratis
1021 1181 1289 1220 sacerdotibus
1317 1193 1386 1230 per
1405 1180 1617 1218 tumultum

227 1251 437 1297 oppressus
467 1237 524 1276 sit.
585 1239 636 1275 Et
663 1250 722 1275 res
751 1243 860 1286 gesta
887 1242 945 1274 est
969 1243 1049 1273 tam
1079 1233 1285 1273 inciviliter
1308 1241 1351 1272 ut
1379 1246 1461 1272 non
1490 1234 1616 1271 solum

227 1306 267 1329 111
306 1299 511 1350 posterum.
545 1290 727 1340 coniugia
765 1288 1075 1339 prohiberentur,
1116 1289 1186 1327 sed
1230 1287 1347 1326 etiam
1386 1287 1618 1337 praesentia,

227 1353 364 1384 contra
405 1344 540 1384 omnia
584 1344 668 1382 iura
705 1343 838 1382 divina
879 1352 917 1382 et
960 1344 1142 1388 humana,
1183 1349 1320 1380 contra
1356 1342 1462 1390 ipsos
1499 1339 1617 1379 etiam

228 1399 426 1446 Canones,
449 1400 573 1437 factos
597 1411 678 1436 non
705 1399 833 1435 solum
857 1411 880 1436 a
902 1395 1161 1435 Pontificibus
1192 1396 1262 1434 sed
1288 1408 1311 1433 a
1339 1393 1617 1434 laudatissimis

227 1452 398 1503 synodis,
421 1452 738 1491 distraherentur.

283 1509 319 1545 6.
351 1508 401 1544 Et
440 1519 563 1556 quum
603 1511 832 1544 senescente
864 1504 1015 1542 mundo
1054 1503 1242 1552 paulatim
1276 1508 1414 1540 natura
1444 1502 1618 1539 humana

229 1561 294 1598 fiat
324 1559 566 1606 imbecillior,
597 1558 782 1597 convenit
804 1557 1027 1607 prospicere
1055 1570 1105 1594 ne
1134 1557 1244 1606 plura
1271 1555 1364 1594 vitia
1392 1561 1549 1605 serpant
1578 1554 1617 1592 in

229 1613 493 1652 Germaniam.
554 1615 675 1651 Porro
705 1614 815 1650 Deus
844 1610 1010 1649 instituit
1036 1609 1275 1659 coniugium,
1296 1616 1339 1647 ut
1367 1616 1470 1647 esset
1497 1621 1617 1647 reme-

229 1667 339 1706 dium
373 1668 570 1705 humanae
603 1664 849 1704 infirmitatis.
909 1664 991 1714 Ipsi
1022 1665 1208 1703 Canones
1240 1670 1412 1702 veterem
1450 1661 1616 1711 rigorem

229 1722 426 1760 interdum
478 1719 759 1770 posterioribus
808 1717 1052 1768 temporibus
1100 1724 1258 1767 propter
1308 1715 1616 1755 imbecillitatem

229 1774 436 1812 hominum
463 1774 676 1812 laxandum
703 1785 788 1812 esse
815 1772 977 1820 dicunt3
1007 1772 1116 1821 quod
1142 1771 1361 1820 optandum
1391 1776 1449 1808 est
1481 1776 1525 1807 ut
1551 1769 1617 1806 fiat

229 1835 267 1866 et
296 1827 336 1865 in
365 1829 442 1866 hoc
460 1827 642 1886 negotio.
699 1829 759 1865 Ac
790 1827 971 1865 videntur
1000 1823 1175 1863 ecclesiis
1203 1823 1418 1874 aliquando
1446 1821 1617 1861 defuturi

229 1888 416 1931 pastores,
438 1880 469 1918 si
490 1880 637 1919 diutius
657 1879 910 1929 prohibeatur
931 1877 1169 1937 coniugium.

286 1946 317 1983 7.
351 1936 486 1982 Quum
507 1941 637 1972 autem
660 1940 783 1971 exstet
804 1933 1036 1971 mandatum
1056 1930 1145 1978 Dei,
1167 1943 1291 1981 quum
1315 1942 1402 1968 mos
1428 1927 1617 1968 ecclesiae

229 1996 346 2026 notus
367 1987 426 2034 sit,
457 2000 580 2037 quum
614 1986 789 2036 impurus
823 1985 1037 2024 caelibatus
1071 1984 1238 2035 plurima
1267 1982 1390 2033 pariat
1419 1982 1615 2028 scandala,

229 2040 420 2079 adulteria
438 2049 476 2078 et
491 2040 566 2078 alia
580 2041 734 2086 scelera,
751 2039 869 2099 digna
884 2038 1224 2077 animadversione
1238 2036 1335 2076 boni
1347 2035 1617 2086 magistratus.

230 2103 362 2133 tamen
381 2093 523 2132 mirum
544 2100 613 2140 est,
636 2094 767 2130 nulla'
759 2106 798 2130 m
818 2106 858 2130 re
878 2092 1066 2131 maiorem
1088 2090 1255 2130 exerceri
1276 2091 1476 2129 saevitiam
1497 2101 1616 2139 quam

229 2149 414 2187 adversus
430 2148 641 2196 commugzum
661 2147 904 2184 sacerdotum.
965 2147 1074 2183 Deus
1090 2145 1287 2194 praecepit
1300 2145 1451 2182 honore
1463 2143 1616 2181 afficere

230 2201 468 2251 coniugium.
528 2199 682 2250 Leges
674 2213 713 2237 111
733 2199 918 2237 omnibus
938 2198 1055 2236 rebus
1070 2197 1238 2248 publicis
1258 2198 1360 2236 bene
1380 2195 1614 2241 constitutis,

231 2256 348 2294 etiam
376 2255 483 2305 apud
513 2253 703 2299 ethnicos,
734 2253 912 2291 maximis
942 2251 1157 2290 honoribus
1190 2257 1437 2289 ornaverunt.
1497 2251 1530 2286 8.
1563 2250 1616 2286 At

230 2322 336 2347 nunc
369 2307 602 2358 capitalibus
635 2305 772 2357 poenis
807 2304 1087 2352 excruciantur,
1117 2312 1155 2342 et
1184 2304 1345 2353 quidem
1379 2303 1614 2360 sacerdotes,

230 2371 368 2401 contra
398 2363 610 2402 Canonum
648 2361 903 2405 voluntatem,
937 2335 1087 2397 nullani
1118 2357 1234 2395 aliam
1265 2357 1319 2395 ob
1349 2368 1509 2394 causam
1542 2354 1616 2393 nisi

230 2424 387 2467 propter
424 2414 662 2465 coniugium.
722 2414 866 2452 Paulus
899 2419 1013 2452 vocat
1050 2410 1269 2451 doctrinam
1302 2410 1615 2455 daemoniorum,
