1715 2780
142 118 214 155 281
278 117 464 158 FAREL
492 114 611 153 AND
643 112 856 152 CALVIN
888 111 949 150 IN
980 111 1224 157 GENEVA,
1252 112 1407 160 1536-8
1466 122 1541 161 559

162 222 253 269 No,
276 223 370 268 281.
412 220 520 264 The
552 217 731 273 Synod
763 215 822 259 of
846 215 1135 265 Lausanne‚
1166 226 1196 268 4
1225 213 1370 268 April
1400 215 1522 267 1538.

199 315 352 352 Fratres
373 325 511 351 omnes
533 311 598 361 qui
620 311 671 348 ad
689 311 1011 347 Lausannensem
1034 307 1239 356 Synodum
1261 313 1543 354 convenerunt,

145 367 426 407 communibus
455 364 644 415 suffragiis
668 377 714 402 ac
745 363 922 401 unanimi
956 374 1153 399 consensu
1187 360 1431 399 admiserunt
1461 374 1546 410 pro-

145 422 369 472 baruntque
388 419 631 459 ceremonias
656 425 693 456 et
721 417 815 455 ritus
844 415 1054 455 Bernensis
1085 416 1285 463 ecclesiae,
1308 428 1410 465 quae
1432 414 1545 453 nobis

146 477 187 515 in
208 477 370 526 Synodo
391 482 482 513 sunt
501 472 702 524 proposita
722 487 729 509 τ
757 484 913 521 nempe,
936 469 1132 520 baptisare
1156 470 1206 507 ad
1231 470 1402 518 lapidem
1418 469 1439 516 ¹,
1464 468 1545 507 sive

147 529 430 580 baptisterium,
450 528 506 567 uti
527 527 695 578 panibus
716 524 859 575 azymis
872 525 885 544 '²
907 527 945 562 in
963 525 1101 563 Coena
1123 522 1299 570 Domini,
1318 524 1392 561 hac
1413 531 1546 561 tamen

147 585 232 635 lege
263 591 305 622 ut
336 585 386 622 ad
416 583 565 620 nullam
593 588 739 619 certam
769 593 917 629 panum
947 579 1113 615 formam
1144 577 1351 627 adigantur
1380 578 1449 616 sed
1480 576 1546 627 qui

148 637 270 688 frangi
291 637 453 688 possint,
477 644 515 675 et
544 636 833 673 constituantur
858 632 925 683 qui
955 634 1052 670 tales
1077 644 1199 681 panes
1227 631 1481 682 suppeditent
1509 639 1546 669 et

147 699 285 731 curent
305 691 589 731 conficiendos.
647 690 789 737 Neque
811 686 932 737 magis
953 686 1165 724 abhorrent
1185 699 1207 723 a
1228 686 1369 724 diebus
1391 685 1497 724 festis
1510 686 1522 705 ³
1540 701 1550 733 ς

148 747 225 785 hoc
256 747 384 785 solum
409 744 553 784 obnixe
582 750 731 793 rogant,
763 749 805 779 ut
836 739 1060 790 Magnificis
1094 739 1279 777 Dominis
1311 741 1463 790 placeat
1494 752 1548 778 re-

149 799 303 839 mittere
331 799 447 838 nimis
477 805 653 837 exactam
683 796 797 834 istam
819 795 1069 844 quorundam
1102 794 1387 843 praefectorum
1412 793 1549 832 severi-

149 862 281 902 tatem,
298 853 329 892 si
350 853 418 904 qui
437 851 585 902 alioqui
600 852 669 890 viri
691 849 785 888 boni
807 857 845 887 et
866 850 916 887 de
937 861 1055 887 causa
1071 847 1225 897 pietatis
1243 848 1391 897 optime
1409 847 1547 895 meriti,

150 908 312 946 minime
332 908 437 946 malo
457 908 591 945 animo
611 912 678 943 aut
706 904 838 942 studio
864 901 1163 941 contradicendi
1193 909 1230 940 et
1260 902 1550 951 perturbandae

149 961 439 1012 tranquillitatis
454 961 666 1006 Ecclesiae,
688 957 838 1007 aliquid
855 958 983 1007 operis
1000 957 1149 1006 egerint
1164 971 1174 1003 ,-
1203 957 1273 994 sed
1288 955 1402 994 istam
1420 957 1550 1006 potius

149 1016 394 1056 severitatem
410 1022 614 1054 exerceant
627 1013 667 1051 in
684 1019 928 1058 scortatores,
944 1012 1134 1049 aleatores
1153 1017 1191 1048 et
1207 1009 1395 1058 ebriosos,
1407 1011 1551 1060 quibus

149 1078 240 1109 sunt
259 1072 377 1120 longe
397 1068 683 1108 clementiores.

191 1179 281 1222 No,
307 1180 407 1222 282.
459 1178 567 1221 The
599 1174 806 1286 casejolf
831 1174 972 1274 Jean6
992 1173 1179 1216 Balard
1209 1174 1265 1216 at
1297 1172 1523 1224 Geneva,

744 1246 776 1275 u
797 1246 832 1288 y
861 1244 937 1285 153
977 1264 987 1274 .

204 1327 263 1379 (a)
305 1341 349 1366 21
380 1328 480 1377 July.
546 1326 760 1365 Consilium
793 1324 1247 1372 Ordinarl'mn.—Super
1280 1322 1552 1361 exhortatione

153 1381 293 1420 Farelli
313 1380 384 1420 fuit
405 1381 620 1419 resolutum
642 1380 750 1429 quod
780 1385 963 1428 petantur
994 1378 1079 1415 Ioh.
1104 1377 1259 1424 Balard,
1285 1378 1314 1415 I.
1341 1379 1383 1415 L.
1409 1378 1551 1415 Ramel

152 1443 191 1474 et
211 1435 356 1474 similes
380 1434 447 1485 qui
471 1442 653 1473 recusant
673 1432 806 1472 venire
834 1432 1012 1470 auditum
1036 1431 1199 1469 verbum
1230 1430 1418 1470 Domini:
1448 1431 1553 1469 advi-

151 1497 285 1529 serunt
308 1497 446 1539 postea
472 1496 661 1527 vocentur
691 1495 728 1525 et
759 1488 825 1524 fiat
851 1485 906 1524 eis
937 1486 1169 1523 mandatum
1197 1486 1342 1522 vadant
1371 1484 1550 1523 auditum

152 1544 316 1582 verbum
353 1542 516 1582 Domini
550 1550 616 1580 aut
650 1541 784 1580 dicant
818 1553 976 1578 causam
1009 1552 1130 1588 quare
1164 1552 1257 1586 non,
1292 1547 1330 1577 et
1369 1539 1400 1577 si
1439 1552 1552 1577 secus

152 1599 326 1645 fecerint,
344 1604 534 1647 cogantur
554 1603 593 1635 et
613 1595 854 1645 relinquatur
874 1607 975 1632 onus
997 1594 1055 1632 (ΣΙ.
1080 1595 1230 1642 Savoye
1244 1594 1267 1630 ⁴.

206 1651 261 1702 (b)
302 1665 350 1699 24
376 1652 477 1701 July.
539 1651 754 1690 Consz‘limn
787 1647 1277 1687 Ordinarium.-—Ibidem
1309 1645 1379 1684 suit
1409 1646 1553 1696 petitus

154 1707 213 1744 Io.
238 1706 391 1753 Balard,
414 1717 534 1755 quare
555 1711 708 1742 recusat
736 1702 872 1741 audire
892 1701 1056 1740 verbum
1083 1702 1190 1739 Dei?
1248 1699 1327 1748 Qui
1351 1702 1553 1750 respondit

154 1760 263 1810 quod
284 1758 367 1809 ipse
387 1758 511 1797 credit
531 1759 570 1796 in
594 1760 724 1796 Deum
746 1756 813 1806 qui
834 1769 903 1806 per
923 1768 1037 1793 suum
1064 1754 1249 1805 Spiritum
1272 1754 1402 1803 ipsum
1423 1756 1552 1801 docet,

154 1827 228 1852 nec
248 1821 378 1863 potest
399 1813 557 1851 credere
577 1810 898 1862 praedicantibus
919 1809 1074 1847 nostris.
1134 1810 1267 1858 Atque
1294 1809 1437 1857 pluries
1459 1808 1555 1847 dixit

155 1880 227 1906 nos
255 1880 337 1905 non
363 1880 479 1918 posse
506 1878 645 1916 cogere
670 1865 774 1903 cives
801 1865 852 1902 ad
879 1864 1055 1902 eundum
1082 1863 1133 1900 ad
1164 1875 1387 1900 sermonem
1418 1870 1556 1900 contra

156 1934 267 1959 suam
296 1919 592 1967 conscientiam,
618 1933 709 1958 cum
740 1920 779 1956 in
804 1916 997 1968 principio
1022 1915 1159 1954 talium
1187 1929 1315 1954 reruni
1343 1929 1415 1953 nos
1443 1916 1556 1966 parti-

155 1977 334 2013 culariter
367 1975 653 2025 respondemus
690 1973 889 2011 neminem
923 1983 1040 2021 posse
1073 1969 1269 2009 dominari
1303 1969 1555 2008 conscientiis

155 2028 308 2067 nostris.
366 2030 549 2067 Tandem
579 2027 806 2066 monuimus
831 2038 921 2064 eum
943 2025 1052 2075 quod
1073 2024 1172 2062 infra
1192 2024 1365 2062 triduum
1387 2024 1470 2073 ipsc
1491 2025 1555 2063 de<

156 2082 247 2122 beat
277 2082 450 2133 paruisse
480 2082 607 2130 cridis,
630 2089 696 2120 aut
721 2093 879 2119 causam
908 2079 1049 2117 iustam
1075 2091 1195 2128 quare
1220 2092 1301 2116 non
1321 2079 1552 2116 declarasse.

200 2193 210 2211 ¹
236 2194 336 2225 Stone
354 2195 438 2225 sonts
461 2193 528 2225 still
552 2192 704 2224 continue
729 2193 761 2222 in
786 2191 840 2223 the
864 2189 1185 2231 German-speaking
1209 2190 1385 2221 tcrritories
1409 2190 1552 2230 ol'Ber11‚

157 2237 215 2268 but
232 2242 289 2269 not
305 2237 337 2268 in
354 2238 408 2269 the
424 2238 508 2278 Pays
524 2237 567 2267 du
580 2236 675 2267 Vaud
694 2236 851 2276 <Ruehat,
869 2236 911 2266 iv.
929 2234 1021 2275 460).

201 2280 214 2300 ²
239 2281 449 2312 Unleavened
475 2281 572 2311 bread
596 2279 772 2311 continued
798 2279 830 2310 in
855 2279 938 2309 Bern
962 2277 1014 2308 till
1043 2276 1134 2317 1605,
1158 2276 1223 2307 and
1248 2276 1279 2307 in
1303 2276 1357 2308 the
1384 2276 1478 2307 Vaud
1504 2278 1554 2308 till

161 2324 254 2362 1606,
271 2324 364 2355 when
383 2324 535 2364 ordinary
552 2324 650 2355 bread
665 2333 732 2354 was
749 2322 884 2353 ordered
901 2321 997 2361 (ibid.
1014 2320 1073 2361 461
1085 2326 1104 2359 ).

202 2367 214 2386 3
238 2367 309 2398 The
326 2369 335 2384 ‘
350 2368 421 2398 four
437 2366 563 2406 seasts',
581 2367 673 2398 other
695 2367 774 2397 than
799 2366 957 2406 Sundays,
977 2375 1030 2395 are
1054 2364 1249 2401 Clu-istmas,
1268 2362 1352 2394 New
1369 2363 1467 2402 Year,
1486 2365 1554 2395 An—

158 2410 360 2449 nunciation,
383 2411 446 2442 and
473 2411 654 2442 Ascension
680 2409 917 2449 (Herminjard,
938 2410 983 2447 iv,
1007 2408 1073 2438 No.
1099 2407 1175 2446 698,
1199 2417 1230 2437 n.
1252 2413 1311 2447 173
1343 2406 1487 2446 Rueliat,
1509 2409 1553 2440 iv.

159 2455 270 2529 4540&
295 2453 557 2528 Thffyhcontiffe
573 2458 608 2485 to
625 2454 665 2485 be
681 2453 835 2484 observ-ed
854 2452 923 2483 still
943 2450 1103 2492 (Ruehat,
1120 2451 1160 2481 iv.
1181 2450 1272 2491 400).

273 2507 344 2528 neo
373 2502 385 2528 t
411 2507 428 2528 e
444 2508 500 2537 syn
527 2508 582 2528 ies,
