<?xml version="1.0" encoding="UTF-8"?>
<!DOCTYPE html PUBLIC "-//W3C//DTD XHTML 1.0 Transitional//EN"
    "http://www.w3.org/TR/xhtml1/DTD/xhtml1-transitional.dtd">
<html xmlns="http://www.w3.org/1999/xhtml" xml:lang="en" lang="en">
 <head>
  <title>
</title>
<meta http-equiv="Content-Type" content="text/html;charset=utf-8" />
  <meta name='ocr-system' content='tesseract 3.04.00' />
  <meta name='ocr-capabilities' content='ocr_page ocr_carea ocr_par ocr_line ocrx_word'/>
</head>
<body>
  <div class='ocr_page' id='page_1' title='image "./docreform00kidd_0331.png"; bbox 0 0 1715 2780; ppageno 0'>
   <div class='ocr_carea' id='block_1_1' title="bbox 139 65 1533 115">
    <p class='ocr_par' dir='ltr' id='par_1_1' title="bbox 139 65 1533 115">
     <span class='ocr_line' id='line_1_1' title="bbox 139 65 1533 115; baseline 0.001 -14"><span class='ocrx_word' id='word_1_1' title='bbox 139 76 210 114; x_wconf 86' lang='lat'><strong>125</strong></span> <span class='ocrx_word' id='word_1_2' title='bbox 703 66 738 102; x_wconf 77' lang='lat' dir='ltr'><strong>A</strong></span> <span class='ocrx_word' id='word_1_3' title='bbox 768 65 962 103; x_wconf 88' lang='lat' dir='ltr'><strong>TRUCE</strong></span> <span class='ocrx_word' id='word_1_4' title='bbox 1459 79 1533 115; x_wconf 81' lang='lat'><strong>303</strong></span> 
     </span>
    </p>
   </div>
   <div class='ocr_carea' id='block_1_2' title="bbox 139 170 1547 2163">
    <p class='ocr_par' dir='ltr' id='par_1_2' title="bbox 139 170 1541 805">
     <span class='ocr_line' id='line_1_2' title="bbox 140 170 1533 223; baseline -0.001 -12"><span class='ocrx_word' id='word_1_5' title='bbox 140 172 252 223; x_wconf 84' lang='lat' dir='ltr'>cepti,</span> <span class='ocrx_word' id='word_1_6' title='bbox 275 171 392 210; x_wconf 86' lang='lat' dir='ltr'><strong>averti</strong></span> <span class='ocrx_word' id='word_1_7' title='bbox 425 170 586 222; x_wconf 82' lang='lat' dir='ltr'>possint,</span> <span class='ocrx_word' id='word_1_8' title='bbox 611 170 840 210; x_wconf 84' lang='lat' dir='ltr'><strong>fidelissimo</strong></span> <span class='ocrx_word' id='word_1_9' title='bbox 870 178 907 209; x_wconf 92' lang='lat' dir='ltr'><strong>et</strong></span> <span class='ocrx_word' id='word_1_10' title='bbox 938 170 1089 221; x_wconf 88' lang='lat' dir='ltr'><strong>optimo</strong></span> <span class='ocrx_word' id='word_1_11' title='bbox 1118 170 1252 209; x_wconf 85' lang='lat' dir='ltr'><strong>animo</strong></span> <span class='ocrx_word' id='word_1_12' title='bbox 1282 184 1327 209; x_wconf 93' lang='lat' dir='ltr'><strong>ac</strong></span> <span class='ocrx_word' id='word_1_13' title='bbox 1358 172 1533 219; x_wconf 84' lang='lat' dir='ltr'><strong>consilio,</strong></span> 
     </span>
     <span class='ocr_line' id='line_1_3' title="bbox 139 224 1536 277; baseline -0.001 -12"><span class='ocrx_word' id='word_1_14' title='bbox 139 233 266 277; x_wconf 89' lang='lat' dir='ltr'><strong>partes</strong></span> <span class='ocrx_word' id='word_1_15' title='bbox 283 233 435 264; x_wconf 89' lang='lat' dir='ltr'><strong>nostras</strong></span> <span class='ocrx_word' id='word_1_16' title='bbox 448 225 756 275; x_wconf 77' lang='lat' dir='ltr'>interponendas</span> <span class='ocrx_word' id='word_1_17' title='bbox 770 224 1004 275; x_wconf 89' lang='lat' dir='ltr'><strong>putavimus.</strong></span> <span class='ocrx_word' id='word_1_18' title='bbox 1036 227 1097 263; x_wconf 90' lang='lat' dir='ltr'><strong>Ac</strong></span> <span class='ocrx_word' id='word_1_19' title='bbox 1113 225 1304 275; x_wconf 90' lang='lat' dir='ltr'><strong>permissu</strong></span> <span class='ocrx_word' id='word_1_20' title='bbox 1320 226 1536 265; x_wconf 76' lang='lat' dir='ltr'><strong>Caesareae</strong></span> 
     </span>
     <span class='ocr_line' id='line_1_4' title="bbox 142 278 1536 329; baseline -0.001 -10"><span class='ocrx_word' id='word_1_21' title='bbox 142 279 359 319; x_wconf 81' lang='lat' dir='ltr'><strong>Maiestatis</strong></span> <span class='ocrx_word' id='word_1_22' title='bbox 375 279 571 329; x_wconf 86' lang='lat' dir='ltr'><strong>nobisque</strong></span> <span class='ocrx_word' id='word_1_23' title='bbox 586 279 669 318; x_wconf 91' lang='lat' dir='ltr'><strong>eius</strong></span> <span class='ocrx_word' id='word_1_24' title='bbox 683 279 735 318; x_wconf 87' lang='lat' dir='ltr'><strong>rei</strong></span> <span class='ocrx_word' id='word_1_25' title='bbox 751 278 872 329; x_wconf 89' lang='lat' dir='ltr'><strong>gratia</strong></span> <span class='ocrx_word' id='word_1_26' title='bbox 884 278 1062 318; x_wconf 83' lang='lat' dir='ltr'><strong>concessi</strong></span> <span class='ocrx_word' id='word_1_27' title='bbox 1079 279 1255 318; x_wconf 87' lang='lat' dir='ltr'><strong>mandati</strong></span> <span class='ocrx_word' id='word_1_28' title='bbox 1269 279 1536 319; x_wconf 83' lang='lat' dir='ltr'><strong>instructionis</strong></span> 
     </span>
     <span class='ocr_line' id='line_1_5' title="bbox 141 333 1538 384; baseline 0 -11"><span class='ocrx_word' id='word_1_29' title='bbox 141 342 179 373; x_wconf 91' lang='lat' dir='ltr'><strong>et</strong></span> <span class='ocrx_word' id='word_1_30' title='bbox 207 333 509 381; x_wconf 83' lang='lat' dir='ltr'><strong>commissionis,</strong></span> <span class='ocrx_word' id='word_1_31' title='bbox 532 341 570 373; x_wconf 91' lang='lat' dir='ltr'><strong>et</strong></span> <span class='ocrx_word' id='word_1_32' title='bbox 599 335 650 372; x_wconf 90' lang='lat' dir='ltr'><strong>de</strong></span> <span class='ocrx_word' id='word_1_33' title='bbox 670 334 960 384; x_wconf 86' lang='lat' dir='ltr'><strong>praedictorum</strong></span> <span class='ocrx_word' id='word_1_34' title='bbox 981 341 1205 372; x_wconf 90' lang='lat' dir='ltr'><strong>nostrorum</strong></span> <span class='ocrx_word' id='word_1_35' title='bbox 1226 336 1538 384; x_wconf 88' lang='lat' dir='ltr'><strong>consanguineo-</strong></span> 
     </span>
     <span class='ocr_line' id='line_1_6' title="bbox 141 387 1535 439; baseline -0.001 -12"><span class='ocrx_word' id='word_1_36' title='bbox 141 401 225 427; x_wconf 89' lang='lat' dir='ltr'><strong>rum</strong></span> <span class='ocrx_word' id='word_1_37' title='bbox 254 401 301 426; x_wconf 88' lang='lat' dir='ltr'><strong>ac</strong></span> <span class='ocrx_word' id='word_1_38' title='bbox 328 395 560 438; x_wconf 88' lang='lat' dir='ltr'><strong>agnatorum</strong></span> <span class='ocrx_word' id='word_1_39' title='bbox 581 400 798 438; x_wconf 89' lang='lat' dir='ltr'><strong>eorumque</strong></span> <span class='ocrx_word' id='word_1_40' title='bbox 817 387 1121 427; x_wconf 90' lang='lat' dir='ltr'><strong>coniunctorum</strong></span> <span class='ocrx_word' id='word_1_41' title='bbox 1142 401 1350 436; x_wconf 88' lang='lat' dir='ltr'><strong>consensu,</strong></span> <span class='ocrx_word' id='word_1_42' title='bbox 1366 388 1535 439; x_wconf 89' lang='lat' dir='ltr'><strong>primum</strong></span> 
     </span>
     <span class='ocr_line' id='line_1_7' title="bbox 141 441 1539 493; baseline 0.001 -12"><span class='ocrx_word' id='word_1_43' title='bbox 141 441 394 489; x_wconf 86' lang='lat' dir='ltr'><strong>Svinfordiae‚</strong></span> <span class='ocrx_word' id='word_1_44' title='bbox 419 450 557 492; x_wconf 86' lang='lat' dir='ltr'><strong>postea</strong></span> <span class='ocrx_word' id='word_1_45' title='bbox 581 442 644 480; x_wconf 89' lang='lat' dir='ltr'><strong>hic</strong></span> <span class='ocrx_word' id='word_1_46' title='bbox 675 442 957 492; x_wconf 86' lang='lat' dir='ltr'><strong>Norinbergae,</strong></span> <span class='ocrx_word' id='word_1_47' title='bbox 981 443 1104 481; x_wconf 88' lang='lat' dir='ltr'><strong>varias</strong></span> <span class='ocrx_word' id='word_1_48' title='bbox 1131 442 1350 481; x_wconf 88' lang='lat' dir='ltr'><strong>amicabilis</strong></span> <span class='ocrx_word' id='word_1_49' title='bbox 1379 456 1539 493; x_wconf 91' lang='lat' dir='ltr'><strong>compo-</strong></span> 
     </span>
     <span class='ocr_line' id='line_1_8' title="bbox 142 495 1541 546; baseline 0.001 -12"><span class='ocrx_word' id='word_1_50' title='bbox 142 495 293 535; x_wconf 89' lang='lat' dir='ltr'><strong>sitionis</strong></span> <span class='ocrx_word' id='word_1_51' title='bbox 329 495 410 534; x_wconf 92' lang='lat' dir='ltr'><strong>vias</strong></span> <span class='ocrx_word' id='word_1_52' title='bbox 452 496 701 535; x_wconf 87' lang='lat' dir='ltr'><strong>tentavimus.</strong></span> <span class='ocrx_word' id='word_1_53' title='bbox 778 498 829 535; x_wconf 89' lang='lat' dir='ltr'><strong>Et</strong></span> <span class='ocrx_word' id='word_1_54' title='bbox 867 497 1057 546; x_wconf 89' lang='lat' dir='ltr'><strong>quoniam</strong></span> <span class='ocrx_word' id='word_1_55' title='bbox 1095 509 1214 535; x_wconf 87' lang='lat' dir='ltr'><strong>causa</strong></span> <span class='ocrx_word' id='word_1_56' title='bbox 1251 498 1541 536; x_wconf 89' lang='lat' dir='ltr'><strong>controversiae</strong></span> 
     </span>
     <span class='ocr_line' id='line_1_9' title="bbox 141 548 1539 601; baseline 0.001 -12"><span class='ocrx_word' id='word_1_57' title='bbox 141 548 348 601; x_wconf 86' lang='lat' dir='ltr'><strong>religionis,</strong></span> <span class='ocrx_word' id='word_1_58' title='bbox 385 549 518 588; x_wconf 91' lang='lat' dir='ltr'><strong>multis</strong></span> <span class='ocrx_word' id='word_1_59' title='bbox 556 550 757 589; x_wconf 85' lang='lat' dir='ltr'><strong>laboribus</strong></span> <span class='ocrx_word' id='word_1_60' title='bbox 791 552 932 589; x_wconf 90' lang='lat' dir='ltr'><strong>frustra</strong></span> <span class='ocrx_word' id='word_1_61' title='bbox 962 550 1165 601; x_wconf 87' lang='lat' dir='ltr'><strong>susceptis,</strong></span> <span class='ocrx_word' id='word_1_62' title='bbox 1202 564 1284 589; x_wconf 92' lang='lat' dir='ltr'><strong>non</strong></span> <span class='ocrx_word' id='word_1_63' title='bbox 1323 552 1451 601; x_wconf 90' lang='lat' dir='ltr'><strong>potuit</strong></span> <span class='ocrx_word' id='word_1_64' title='bbox 1489 553 1539 590; x_wconf 89' lang='lat' dir='ltr'><strong>ad</strong></span> 
     </span>
     <span class='ocr_line' id='line_1_10' title="bbox 142 603 1540 656; baseline 0.001 -14"><span class='ocrx_word' id='word_1_65' title='bbox 142 604 313 654; x_wconf 90' lang='lat' dir='ltr'><strong>aliquam</strong></span> <span class='ocrx_word' id='word_1_66' title='bbox 342 603 598 642; x_wconf 87' lang='lat' dir='ltr'><strong>concordiam</strong></span> <span class='ocrx_word' id='word_1_67' title='bbox 628 604 773 651; x_wconf 88' lang='lat' dir='ltr'><strong>reduci,</strong></span> <span class='ocrx_word' id='word_1_68' title='bbox 795 605 846 643; x_wconf 88' lang='lat' dir='ltr'><strong>ad</strong></span> <span class='ocrx_word' id='word_1_69' title='bbox 866 604 1043 643; x_wconf 89' lang='lat' dir='ltr'><strong>animum</strong></span> <span class='ocrx_word' id='word_1_70' title='bbox 1065 604 1345 652; x_wconf 84' lang='lat' dir='ltr'><strong>revocavimus,</strong></span> <span class='ocrx_word' id='word_1_71' title='bbox 1370 605 1410 644; x_wconf 91' lang='lat' dir='ltr'><strong>id</strong></span> <span class='ocrx_word' id='word_1_72' title='bbox 1430 607 1540 656; x_wconf 88' lang='lat' dir='ltr'><strong>quod</strong></span> 
     </span>
     <span class='ocr_line' id='line_1_11' title="bbox 143 658 1539 709; baseline 0.001 -13"><span class='ocrx_word' id='word_1_73' title='bbox 143 671 202 697; x_wconf 89' lang='lat' dir='ltr'><strong>res</strong></span> <span class='ocrx_word' id='word_1_74' title='bbox 232 665 300 705; x_wconf 90' lang='lat' dir='ltr'><strong>est,</strong></span> <span class='ocrx_word' id='word_1_75' title='bbox 331 671 415 696; x_wconf 90' lang='lat' dir='ltr'><strong>non</strong></span> <span class='ocrx_word' id='word_1_76' title='bbox 443 671 560 708; x_wconf 89' lang='lat' dir='ltr'><strong>posse</strong></span> <span class='ocrx_word' id='word_1_77' title='bbox 589 658 810 697; x_wconf 85' lang='lat' dir='ltr'><strong>crudelitati</strong></span> <span class='ocrx_word' id='word_1_78' title='bbox 838 672 885 697; x_wconf 92' lang='lat' dir='ltr'><strong>ac</strong></span> <span class='ocrx_word' id='word_1_79' title='bbox 915 658 1111 709; x_wconf 84' lang='lat' dir='ltr'><strong>tyrannidi</strong></span> <span class='ocrx_word' id='word_1_80' title='bbox 1147 659 1340 699; x_wconf 88' lang='lat' dir='ltr'><strong>Turcicae</strong></span> <span class='ocrx_word' id='word_1_81' title='bbox 1373 659 1539 698; x_wconf 83' lang='lat' dir='ltr'><strong>validius</strong></span> 
     </span>
     <span class='ocr_line' id='line_1_12' title="bbox 144 711 1540 764; baseline 0.001 -14"><span class='ocrx_word' id='word_1_82' title='bbox 144 711 267 751; x_wconf 84' lang='lat' dir='ltr'><strong>resisti</strong></span> <span class='ocrx_word' id='word_1_83' title='bbox 305 725 425 762; x_wconf 88' lang='lat' dir='ltr'><strong>quam</strong></span> <span class='ocrx_word' id='word_1_84' title='bbox 463 712 494 751; x_wconf 89' lang='lat' dir='ltr'><strong>si</strong></span> <span class='ocrx_word' id='word_1_85' title='bbox 534 712 573 750; x_wconf 92' lang='lat' dir='ltr'><strong>in</strong></span> <span class='ocrx_word' id='word_1_86' title='bbox 613 714 787 762; x_wconf 90' lang='lat' dir='ltr'><strong>Imperio</strong></span> <span class='ocrx_word' id='word_1_87' title='bbox 825 713 1049 751; x_wconf 91' lang='lat' dir='ltr'><strong>communis</strong></span> <span class='ocrx_word' id='word_1_88' title='bbox 1080 726 1126 751; x_wconf 92' lang='lat' dir='ltr'><strong>ac</strong></span> <span class='ocrx_word' id='word_1_89' title='bbox 1156 714 1267 752; x_wconf 86' lang='lat' dir='ltr'><strong>firma</strong></span> <span class='ocrx_word' id='word_1_90' title='bbox 1296 727 1370 764; x_wconf 81' lang='lat' dir='ltr'><strong>pax</strong></span> <span class='ocrx_word' id='word_1_91' title='bbox 1399 714 1540 752; x_wconf 90' lang='lat' dir='ltr'><strong>consti-</strong></span> 
     </span>
     <span class='ocr_line' id='line_1_13' title="bbox 143 773 282 805; baseline -0.007 0"><span class='ocrx_word' id='word_1_92' title='bbox 143 773 282 805; x_wconf 90' lang='lat' dir='ltr'><strong>tuatur.</strong></span> 
     </span>
    </p>

    <p class='ocr_par' dir='ltr' id='par_1_3' title="bbox 145 820 1546 2163">
     <span class='ocr_line' id='line_1_14' title="bbox 198 820 1542 870; baseline 0.002 -12"><span class='ocrx_word' id='word_1_93' title='bbox 198 822 275 858; x_wconf 91' lang='lat' dir='ltr'><strong>Pro</strong></span> <span class='ocrx_word' id='word_1_94' title='bbox 312 833 391 870; x_wconf 88' lang='lat' dir='ltr'><strong>qua</strong></span> <span class='ocrx_word' id='word_1_95' title='bbox 428 833 468 859; x_wconf 94' lang='lat' dir='ltr'><strong>re</strong></span> <span class='ocrx_word' id='word_1_96' title='bbox 497 821 603 870; x_wconf 91' lang='lat' dir='ltr'><strong>apud</strong></span> <span class='ocrx_word' id='word_1_97' title='bbox 633 820 716 859; x_wconf 92' lang='lat' dir='ltr'><strong>eius</strong></span> <span class='ocrx_word' id='word_1_98' title='bbox 747 822 998 860; x_wconf 88' lang='lat' dir='ltr'><strong>Maiestatem</strong></span> <span class='ocrx_word' id='word_1_99' title='bbox 1033 834 1124 860; x_wconf 89' lang='lat' dir='ltr'><strong>cum</strong></span> <span class='ocrx_word' id='word_1_100' title='bbox 1159 821 1294 861; x_wconf 90' lang='lat' dir='ltr'><strong>debita</strong></span> <span class='ocrx_word' id='word_1_101' title='bbox 1325 824 1542 861; x_wconf 88' lang='lat' dir='ltr'><strong>reverentia</strong></span> 
     </span>
     <span class='ocr_line' id='line_1_15' title="bbox 145 873 1541 927; baseline 0.001 -15"><span class='ocrx_word' id='word_1_102' title='bbox 145 873 435 913; x_wconf 81' lang='lat' dir='ltr'><strong>intercessimus</strong></span> <span class='ocrx_word' id='word_1_103' title='bbox 473 882 511 913; x_wconf 90' lang='lat' dir='ltr'><strong>et</strong></span> <span class='ocrx_word' id='word_1_104' title='bbox 548 875 843 925; x_wconf 87' lang='lat' dir='ltr'><strong>impetravimus</strong></span> <span class='ocrx_word' id='word_1_105' title='bbox 882 883 924 914; x_wconf 91' lang='lat' dir='ltr'><strong>ut</strong></span> <span class='ocrx_word' id='word_1_106' title='bbox 958 875 1078 925; x_wconf 88' lang='lat' dir='ltr'><strong>ipsius</strong></span> <span class='ocrx_word' id='word_1_107' title='bbox 1116 875 1315 923; x_wconf 89' lang='lat' dir='ltr'><strong>Maiestas,</strong></span> <span class='ocrx_word' id='word_1_108' title='bbox 1351 883 1541 927; x_wconf 87' lang='lat' dir='ltr'><strong>tanquam</strong></span> 
     </span>
     <span class='ocr_line' id='line_1_16' title="bbox 146 929 1542 980; baseline 0.002 -14"><span class='ocrx_word' id='word_1_109' title='bbox 146 941 371 978; x_wconf 90' lang='lat' dir='ltr'><strong>supremum</strong></span> <span class='ocrx_word' id='word_1_110' title='bbox 395 936 514 979; x_wconf 90' lang='lat' dir='ltr'><strong>caput</strong></span> <span class='ocrx_word' id='word_1_111' title='bbox 539 929 710 979; x_wconf 91' lang='lat' dir='ltr'><strong>Imperii,</strong></span> <span class='ocrx_word' id='word_1_112' title='bbox 733 942 779 968; x_wconf 85' lang='lat' dir='ltr'><strong>ex</strong></span> <span class='ocrx_word' id='word_1_113' title='bbox 803 929 987 979; x_wconf 84' lang='lat' dir='ltr'><strong>singulari</strong></span> <span class='ocrx_word' id='word_1_114' title='bbox 1011 929 1132 968; x_wconf 91' lang='lat' dir='ltr'><strong>animi</strong></span> <span class='ocrx_word' id='word_1_115' title='bbox 1160 930 1426 980; x_wconf 89' lang='lat' dir='ltr'><strong>propensione</strong></span> <span class='ocrx_word' id='word_1_116' title='bbox 1453 944 1542 980; x_wconf 88' lang='lat' dir='ltr'><strong>erga</strong></span> 
     </span>
     <span class='ocr_line' id='line_1_17' title="bbox 146 982 1543 1033; baseline 0.002 -13"><span class='ocrx_word' id='word_1_117' title='bbox 146 995 285 1032; x_wconf 87' lang='lat' dir='ltr'><strong>pacem</strong></span> <span class='ocrx_word' id='word_1_118' title='bbox 323 989 362 1021; x_wconf 89' lang='lat' dir='ltr'><strong>et</strong></span> <span class='ocrx_word' id='word_1_119' title='bbox 400 982 720 1033; x_wconf 87' lang='lat' dir='ltr'><strong>tranquillitatem</strong></span> <span class='ocrx_word' id='word_1_120' title='bbox 760 984 971 1033; x_wconf 90' lang='lat' dir='ltr'><strong>publicam,</strong></span> <span class='ocrx_word' id='word_1_121' title='bbox 1008 985 1169 1023; x_wconf 89' lang='lat' dir='ltr'><strong>tandem</strong></span> <span class='ocrx_word' id='word_1_122' title='bbox 1205 986 1419 1024; x_wconf 90' lang='lat' dir='ltr'><strong>clementer</strong></span> <span class='ocrx_word' id='word_1_123' title='bbox 1452 998 1543 1023; x_wconf 89' lang='lat' dir='ltr'><strong>con-</strong></span> 
     </span>
     <span class='ocr_line' id='line_1_18' title="bbox 147 1036 1540 1088; baseline 0.001 -13"><span class='ocrx_word' id='word_1_124' title='bbox 147 1036 310 1077; x_wconf 88' lang='lat' dir='ltr'><strong>senserit</strong></span> <span class='ocrx_word' id='word_1_125' title='bbox 331 1043 373 1074; x_wconf 91' lang='lat' dir='ltr'><strong>ut</strong></span> <span class='ocrx_word' id='word_1_126' title='bbox 402 1037 624 1075; x_wconf 87' lang='lat' dir='ltr'><strong>communis</strong></span> <span class='ocrx_word' id='word_1_127' title='bbox 654 1050 700 1075; x_wconf 90' lang='lat' dir='ltr'><strong>ac</strong></span> <span class='ocrx_word' id='word_1_128' title='bbox 729 1037 888 1088; x_wconf 88' lang='lat' dir='ltr'><strong>publica</strong></span> <span class='ocrx_word' id='word_1_129' title='bbox 917 1051 991 1088; x_wconf 87' lang='lat' dir='ltr'><strong>pax</strong></span> <span class='ocrx_word' id='word_1_130' title='bbox 1021 1038 1121 1076; x_wconf 90' lang='lat' dir='ltr'><strong>inter</strong></span> <span class='ocrx_word' id='word_1_131' title='bbox 1146 1037 1266 1088; x_wconf 90' lang='lat' dir='ltr'><strong>ipsius</strong></span> <span class='ocrx_word' id='word_1_132' title='bbox 1288 1040 1540 1078; x_wconf 89' lang='lat' dir='ltr'><strong>Maiestatem</strong></span> 
     </span>
     <span class='ocr_line' id='line_1_19' title="bbox 147 1091 1542 1141; baseline 0.003 -13"><span class='ocrx_word' id='word_1_133' title='bbox 147 1097 185 1129; x_wconf 92' lang='lat' dir='ltr'><strong>et</strong></span> <span class='ocrx_word' id='word_1_134' title='bbox 205 1103 344 1129; x_wconf 91' lang='lat' dir='ltr'><strong>omnes</strong></span> <span class='ocrx_word' id='word_1_135' title='bbox 362 1091 492 1129; x_wconf 89' lang='lat' dir='ltr'><strong>Status</strong></span> <span class='ocrx_word' id='word_1_136' title='bbox 511 1091 669 1141; x_wconf 88' lang='lat' dir='ltr'><strong>Imperii</strong></span> <span class='ocrx_word' id='word_1_137' title='bbox 686 1091 946 1130; x_wconf 88' lang='lat' dir='ltr'><strong>Germanicae</strong></span> <span class='ocrx_word' id='word_1_138' title='bbox 960 1091 1142 1138; x_wconf 86' lang='lat' dir='ltr'><strong>nationis,</strong></span> <span class='ocrx_word' id='word_1_139' title='bbox 1160 1100 1240 1131; x_wconf 88' lang='lat' dir='ltr'><strong>tam</strong></span> <span class='ocrx_word' id='word_1_140' title='bbox 1255 1093 1542 1132; x_wconf 90' lang='lat' dir='ltr'><strong>ecclesiasticos</strong></span> 
     </span>
     <span class='ocr_line' id='line_1_20' title="bbox 147 1145 1540 1197; baseline 0.003 -15"><span class='ocrx_word' id='word_1_141' title='bbox 147 1157 266 1195; x_wconf 88' lang='lat' dir='ltr'><strong>quam</strong></span> <span class='ocrx_word' id='word_1_142' title='bbox 297 1146 514 1183; x_wconf 90' lang='lat' dir='ltr'><strong>saeculares</strong></span> <span class='ocrx_word' id='word_1_143' title='bbox 548 1145 808 1184; x_wconf 88' lang='lat' dir='ltr'><strong>constituatur</strong></span> <span class='ocrx_word' id='word_1_144' title='bbox 843 1152 881 1184; x_wconf 91' lang='lat' dir='ltr'><strong>et</strong></span> <span class='ocrx_word' id='word_1_145' title='bbox 912 1147 1084 1184; x_wconf 82' lang='lat' dir='ltr'><strong>firmetur</strong></span> <span class='ocrx_word' id='word_1_146' title='bbox 1114 1159 1239 1196; x_wconf 88' lang='lat' dir='ltr'><strong>usque</strong></span> <span class='ocrx_word' id='word_1_147' title='bbox 1267 1148 1318 1185; x_wconf 90' lang='lat' dir='ltr'><strong>ad</strong></span> <span class='ocrx_word' id='word_1_148' title='bbox 1347 1148 1540 1197; x_wconf 86' lang='lat' dir='ltr'><strong>generale,</strong></span> 
     </span>
     <span class='ocr_line' id='line_1_21' title="bbox 146 1198 1542 1250; baseline 0.003 -14"><span class='ocrx_word' id='word_1_149' title='bbox 146 1198 325 1246; x_wconf 90' lang='lat' dir='ltr'><strong>liberum,</strong></span> <span class='ocrx_word' id='word_1_150' title='bbox 367 1198 634 1238; x_wconf 89' lang='lat' dir='ltr'><strong>Christianum</strong></span> <span class='ocrx_word' id='word_1_151' title='bbox 673 1199 898 1247; x_wconf 91' lang='lat' dir='ltr'><strong>concilium,</strong></span> <span class='ocrx_word' id='word_1_152' title='bbox 939 1201 1279 1250; x_wconf 89' lang='lat' dir='ltr'><strong>quemadmodum</strong></span> <span class='ocrx_word' id='word_1_153' title='bbox 1312 1203 1363 1240; x_wconf 89' lang='lat' dir='ltr'><strong>de</strong></span> <span class='ocrx_word' id='word_1_154' title='bbox 1398 1203 1474 1240; x_wconf 86' lang='lat' dir='ltr'><strong>hoc</strong></span> <span class='ocrx_word' id='word_1_155' title='bbox 1504 1201 1542 1239; x_wconf 89' lang='lat' dir='ltr'><strong>in</strong></span> 
     </span>
     <span class='ocr_line' id='line_1_22' title="bbox 149 1252 1543 1303; baseline 0.001 -11"><span class='ocrx_word' id='word_1_156' title='bbox 149 1252 330 1292; x_wconf 83' lang='lat' dir='ltr'><strong>Comitiis</strong></span> <span class='ocrx_word' id='word_1_157' title='bbox 369 1253 643 1303; x_wconf 88' lang='lat' dir='ltr'><strong>Imperialibus</strong></span> <span class='ocrx_word' id='word_1_158' title='bbox 683 1255 955 1303; x_wconf 86' lang='lat' dir='ltr'><strong>Norinbergae</strong></span> <span class='ocrx_word' id='word_1_159' title='bbox 992 1256 1195 1293; x_wconf 88' lang='lat' dir='ltr'><strong>decretum</strong></span> <span class='ocrx_word' id='word_1_160' title='bbox 1230 1263 1312 1294; x_wconf 91' lang='lat' dir='ltr'><strong>est:</strong></span> <span class='ocrx_word' id='word_1_161' title='bbox 1352 1257 1412 1294; x_wconf 92' lang='lat' dir='ltr'><strong>vel</strong></span> <span class='ocrx_word' id='word_1_162' title='bbox 1442 1257 1472 1294; x_wconf 91' lang='lat' dir='ltr'><strong>si</strong></span> <span class='ocrx_word' id='word_1_163' title='bbox 1504 1255 1543 1294; x_wconf 91' lang='lat' dir='ltr'><strong>id</strong></span> 
     </span>
     <span class='ocr_line' id='line_1_23' title="bbox 148 1308 1543 1358; baseline 0.001 -13"><span class='ocrx_word' id='word_1_164' title='bbox 148 1308 229 1345; x_wconf 87' lang='lat' dir='ltr'><strong>non</strong></span> <span class='ocrx_word' id='word_1_165' title='bbox 259 1308 456 1356; x_wconf 86' lang='lat' dir='ltr'><strong>procedat,</strong></span> <span class='ocrx_word' id='word_1_166' title='bbox 480 1309 529 1345; x_wconf 86' lang='lat' dir='ltr'><strong>ad</strong></span> <span class='ocrx_word' id='word_1_167' title='bbox 561 1309 637 1345; x_wconf 86' lang='lat' dir='ltr'><strong>hoc</strong></span> <span class='ocrx_word' id='word_1_168' title='bbox 667 1321 791 1358; x_wconf 89' lang='lat' dir='ltr'><strong>usque</strong></span> <span class='ocrx_word' id='word_1_169' title='bbox 821 1316 978 1358; x_wconf 84' lang='lat' dir='ltr'><strong>tempus</strong></span> <span class='ocrx_word' id='word_1_170' title='bbox 1007 1310 1135 1347; x_wconf 91' lang='lat' dir='ltr'><strong>donec</strong></span> <span class='ocrx_word' id='word_1_171' title='bbox 1157 1322 1390 1348; x_wconf 87' lang='lat' dir='ltr'><strong>communes</strong></span> <span class='ocrx_word' id='word_1_172' title='bbox 1411 1311 1543 1349; x_wconf 81' lang='lat' dir='ltr'><strong>Status</strong></span> 
     </span>
     <span class='ocr_line' id='line_1_24' title="bbox 150 1360 1543 1411; baseline 0.002 -12"><span class='ocrx_word' id='word_1_173' title='bbox 150 1360 309 1411; x_wconf 89' lang='lat' dir='ltr'><strong>Imperii</strong></span> <span class='ocrx_word' id='word_1_174' title='bbox 348 1361 399 1399; x_wconf 91' lang='lat' dir='ltr'><strong>ad</strong></span> <span class='ocrx_word' id='word_1_175' title='bbox 437 1363 569 1399; x_wconf 91' lang='lat' dir='ltr'><strong>locum</strong></span> <span class='ocrx_word' id='word_1_176' title='bbox 608 1363 867 1401; x_wconf 89' lang='lat' dir='ltr'><strong>commodum</strong></span> <span class='ocrx_word' id='word_1_177' title='bbox 903 1362 1042 1400; x_wconf 91' lang='lat' dir='ltr'><strong>iterum</strong></span> <span class='ocrx_word' id='word_1_178' title='bbox 1077 1372 1347 1402; x_wconf 90' lang='lat' dir='ltr'><strong>convocentur</strong></span> <span class='ocrx_word' id='word_1_179' title='bbox 1376 1371 1413 1402; x_wconf 91' lang='lat' dir='ltr'><strong>et</strong></span> <span class='ocrx_word' id='word_1_180' title='bbox 1453 1377 1543 1402; x_wconf 88' lang='lat' dir='ltr'><strong>con-</strong></span> 
     </span>
     <span class='ocr_line' id='line_1_25' title="bbox 149 1414 1544 1474; baseline 0.003 -22"><span class='ocrx_word' id='word_1_181' title='bbox 149 1414 377 1474; x_wconf 81' lang='lat' dir='ltr'><strong>scribantur,</strong></span> <span class='ocrx_word' id='word_1_182' title='bbox 400 1423 442 1454; x_wconf 94' lang='lat' dir='ltr'><strong>ut</strong></span> <span class='ocrx_word' id='word_1_183' title='bbox 470 1415 567 1453; x_wconf 89' lang='lat' dir='ltr'><strong>infra</strong></span> <span class='ocrx_word' id='word_1_184' title='bbox 594 1415 632 1453; x_wconf 91' lang='lat' dir='ltr'><strong>in</strong></span> <span class='ocrx_word' id='word_1_185' title='bbox 660 1416 847 1466; x_wconf 87' lang='lat' dir='ltr'><strong>peculiari</strong></span> <span class='ocrx_word' id='word_1_186' title='bbox 874 1416 1038 1455; x_wconf 88' lang='lat' dir='ltr'><strong>articulo</strong></span> <span class='ocrx_word' id='word_1_187' title='bbox 1068 1418 1119 1455; x_wconf 90' lang='lat' dir='ltr'><strong>de</strong></span> <span class='ocrx_word' id='word_1_188' title='bbox 1148 1431 1194 1455; x_wconf 91' lang='lat' dir='ltr'><strong>ea</strong></span> <span class='ocrx_word' id='word_1_189' title='bbox 1215 1431 1254 1456; x_wconf 91' lang='lat' dir='ltr'><strong>re</strong></span> <span class='ocrx_word' id='word_1_190' title='bbox 1274 1425 1433 1456; x_wconf 90' lang='lat' dir='ltr'><strong>cautum</strong></span> <span class='ocrx_word' id='word_1_191' title='bbox 1461 1426 1544 1457; x_wconf 88' lang='lat' dir='ltr'><strong>est:</strong></span> 
     </span>
     <span class='ocr_line' id='line_1_26' title="bbox 148 1468 1543 1530; baseline 0.003 -24"><span class='ocrx_word' id='word_1_192' title='bbox 148 1468 200 1507; x_wconf 90' lang='lat' dir='ltr'><strong>ita</strong></span> <span class='ocrx_word' id='word_1_193' title='bbox 220 1468 402 1508; x_wconf 90' lang='lat' dir='ltr'><strong>videlicet</strong></span> <span class='ocrx_word' id='word_1_194' title='bbox 422 1477 463 1508; x_wconf 90' lang='lat' dir='ltr'><strong>ut</strong></span> <span class='ocrx_word' id='word_1_195' title='bbox 485 1469 632 1508; x_wconf 88' lang='lat' dir='ltr'><strong>interea</strong></span> <span class='ocrx_word' id='word_1_196' title='bbox 652 1472 839 1520; x_wconf 89' lang='lat' dir='ltr'><strong>temporis</strong></span> <span class='ocrx_word' id='word_1_197' title='bbox 860 1484 985 1520; x_wconf 89' lang='lat' dir='ltr'><strong>usque</strong></span> <span class='ocrx_word' id='word_1_198' title='bbox 1005 1473 1055 1510; x_wconf 89' lang='lat' dir='ltr'><strong>ad</strong></span> <span class='ocrx_word' id='word_1_199' title='bbox 1072 1471 1315 1530; x_wconf 85' lang='lat' dir='ltr'><strong>praedictum</strong></span> <span class='ocrx_word' id='word_1_200' title='bbox 1332 1472 1543 1511; x_wconf 89' lang='lat' dir='ltr'><strong>concilium</strong></span> 
     </span>
     <span class='ocr_line' id='line_1_27' title="bbox 150 1524 1545 1573; baseline 0.003 -12"><span class='ocrx_word' id='word_1_201' title='bbox 150 1524 210 1561; x_wconf 91' lang='lat' dir='ltr'><strong>vel</strong></span> <span class='ocrx_word' id='word_1_202' title='bbox 239 1536 319 1572; x_wconf 93' lang='lat' dir='ltr'><strong>quo</strong></span> <span class='ocrx_word' id='word_1_203' title='bbox 349 1524 480 1562; x_wconf 89' lang='lat' dir='ltr'><strong>Status</strong></span> <span class='ocrx_word' id='word_1_204' title='bbox 510 1524 670 1573; x_wconf 72' lang='lat' dir='ltr'><strong>Imperii</strong></span> <span class='ocrx_word' id='word_1_205' title='bbox 701 1525 840 1563; x_wconf 91' lang='lat' dir='ltr'><strong>iterum</strong></span> <span class='ocrx_word' id='word_1_206' title='bbox 872 1525 1129 1564; x_wconf 88' lang='lat' dir='ltr'><strong>convenerint</strong></span> <span class='ocrx_word' id='word_1_207' title='bbox 1158 1534 1196 1564; x_wconf 92' lang='lat' dir='ltr'><strong>et</strong></span> <span class='ocrx_word' id='word_1_208' title='bbox 1222 1526 1333 1565; x_wconf 91' lang='lat' dir='ltr'><strong>aliter</strong></span> <span class='ocrx_word' id='word_1_209' title='bbox 1356 1526 1545 1565; x_wconf 82' lang='lat' dir='ltr'><strong>delibera</strong></span> 
     </span>
     <span class='ocr_line' id='line_1_28' title="bbox 150 1576 1543 1627; baseline 0.003 -13"><span class='ocrx_word' id='word_1_210' title='bbox 150 1576 285 1623; x_wconf 87' lang='lat' dir='ltr'><strong>verint,</strong></span> <span class='ocrx_word' id='word_1_211' title='bbox 308 1590 427 1616; x_wconf 89' lang='lat' dir='ltr'><strong>nemo</strong></span> <span class='ocrx_word' id='word_1_212' title='bbox 457 1585 614 1627; x_wconf 90' lang='lat' dir='ltr'><strong>propter</strong></span> <span class='ocrx_word' id='word_1_213' title='bbox 641 1578 838 1627; x_wconf 86' lang='lat' dir='ltr'><strong>religionis</strong></span> <span class='ocrx_word' id='word_1_214' title='bbox 859 1581 919 1617; x_wconf 91' lang='lat' dir='ltr'><strong>vel</strong></span> <span class='ocrx_word' id='word_1_215' title='bbox 949 1580 1069 1617; x_wconf 89' lang='lat' dir='ltr'><strong>ullam</strong></span> <span class='ocrx_word' id='word_1_216' title='bbox 1099 1579 1215 1617; x_wconf 87' lang='lat' dir='ltr'><strong>aliam</strong></span> <span class='ocrx_word' id='word_1_217' title='bbox 1246 1594 1405 1618; x_wconf 84' lang='lat' dir='ltr'><strong>causam</strong></span> <span class='ocrx_word' id='word_1_218' title='bbox 1435 1581 1543 1619; x_wconf 85' lang='lat' dir='ltr'><strong>alteri</strong></span> 
     </span>
     <span class='ocr_line' id='line_1_29' title="bbox 151 1607 1545 1683; baseline 0.003 -15"><span class='ocrx_word' id='word_1_219' title='bbox 151 1607 297 1669; x_wconf 69' lang='lat' dir='ltr'><strong>bellurii</strong></span> <span class='ocrx_word' id='word_1_220' title='bbox 329 1630 487 1678; x_wconf 91' lang='lat' dir='ltr'><strong>indicat,</strong></span> <span class='ocrx_word' id='word_1_221' title='bbox 520 1631 668 1678; x_wconf 89' lang='lat' dir='ltr'><strong>inferat,</strong></span> <span class='ocrx_word' id='word_1_222' title='bbox 702 1632 880 1681; x_wconf 85' lang='lat' dir='ltr'><strong>ipsumve</strong></span> <span class='ocrx_word' id='word_1_223' title='bbox 915 1634 1067 1682; x_wconf 87' lang='lat' dir='ltr'><strong>spoliet,</strong></span> <span class='ocrx_word' id='word_1_224' title='bbox 1101 1633 1240 1683; x_wconf 86' lang='lat' dir='ltr'><strong>capiat,</strong></span> <span class='ocrx_word' id='word_1_225' title='bbox 1275 1634 1445 1681; x_wconf 85' lang='lat' dir='ltr'><strong>inva,dat</strong></span> <span class='ocrx_word' id='word_1_226' title='bbox 1478 1635 1545 1673; x_wconf 86' lang='lat' dir='ltr'><strong>ob-</strong></span> 
     </span>
     <span class='ocr_line' id='line_1_30' title="bbox 150 1683 1543 1737; baseline 0.003 -15"><span class='ocrx_word' id='word_1_227' title='bbox 150 1683 287 1732; x_wconf 91' lang='lat' dir='ltr'><strong>sideat,</strong></span> <span class='ocrx_word' id='word_1_228' title='bbox 310 1697 439 1734; x_wconf 85' lang='lat' dir='ltr'><strong>neque</strong></span> <span class='ocrx_word' id='word_1_229' title='bbox 463 1686 514 1723; x_wconf 89' lang='lat' dir='ltr'><strong>ad</strong></span> <span class='ocrx_word' id='word_1_230' title='bbox 540 1686 637 1724; x_wconf 86' lang='lat' dir='ltr'><strong>haec</strong></span> <span class='ocrx_word' id='word_1_231' title='bbox 663 1686 845 1725; x_wconf 90' lang='lat' dir='ltr'><strong>facienda</strong></span> <span class='ocrx_word' id='word_1_232' title='bbox 869 1699 937 1735; x_wconf 91' lang='lat' dir='ltr'><strong>per</strong></span> <span class='ocrx_word' id='word_1_233' title='bbox 965 1699 1006 1725; x_wconf 93' lang='lat' dir='ltr'><strong>se</strong></span> <span class='ocrx_word' id='word_1_234' title='bbox 1028 1689 1088 1725; x_wconf 87' lang='lat' dir='ltr'><strong>vel</strong></span> <span class='ocrx_word' id='word_1_235' title='bbox 1116 1700 1184 1737; x_wconf 86' lang='lat' dir='ltr'><strong>per</strong></span> <span class='ocrx_word' id='word_1_236' title='bbox 1211 1687 1329 1725; x_wconf 90' lang='lat' dir='ltr'><strong>alium</strong></span> <span class='ocrx_word' id='word_1_237' title='bbox 1358 1688 1543 1737; x_wconf 87' lang='lat' dir='ltr'><strong>cuiquam</strong></span> 
     </span>
     <span class='ocr_line' id='line_1_31' title="bbox 152 1737 1546 1791; baseline 0.004 -16"><span class='ocrx_word' id='word_1_238' title='bbox 152 1737 345 1785; x_wconf 84' lang='lat' dir='ltr'><strong>inserviat,</strong></span> <span class='ocrx_word' id='word_1_239' title='bbox 367 1751 487 1786; x_wconf 91' lang='lat' dir='ltr'><strong>arces,</strong></span> <span class='ocrx_word' id='word_1_240' title='bbox 506 1738 636 1786; x_wconf 87' lang='lat' dir='ltr'><strong>urbes,</strong></span> <span class='ocrx_word' id='word_1_241' title='bbox 653 1740 810 1789; x_wconf 89' lang='lat' dir='ltr'><strong>oppida,</strong></span> <span class='ocrx_word' id='word_1_242' title='bbox 830 1742 1000 1787; x_wconf 87' lang='lat' dir='ltr'><strong>castella,</strong></span> <span class='ocrx_word' id='word_1_243' title='bbox 1023 1754 1156 1791; x_wconf 86' lang='lat' dir='ltr'><strong>pagos,</strong></span> <span class='ocrx_word' id='word_1_244' title='bbox 1175 1741 1284 1779; x_wconf 87' lang='lat' dir='ltr'><strong>villas</strong></span> <span class='ocrx_word' id='word_1_245' title='bbox 1305 1743 1364 1780; x_wconf 94' lang='lat' dir='ltr'><strong>vel</strong></span> <span class='ocrx_word' id='word_1_246' title='bbox 1386 1742 1546 1791; x_wconf 86' lang='lat' dir='ltr'><strong>praedia</strong></span> 
     </span>
     <span class='ocr_line' id='line_1_32' title="bbox 151 1791 1546 1841; baseline 0.004 -12"><span class='ocrx_word' id='word_1_247' title='bbox 151 1791 301 1830; x_wconf 89' lang='lat' dir='ltr'><strong>insidiis</strong></span> <span class='ocrx_word' id='word_1_248' title='bbox 349 1800 527 1841; x_wconf 88' lang='lat' dir='ltr'><strong>occupet,</strong></span> <span class='ocrx_word' id='word_1_249' title='bbox 568 1801 635 1831; x_wconf 87' lang='lat' dir='ltr'><strong>aut</strong></span> <span class='ocrx_word' id='word_1_250' title='bbox 682 1801 818 1831; x_wconf 88' lang='lat' dir='ltr'><strong>contra</strong></span> <span class='ocrx_word' id='word_1_251' title='bbox 865 1795 1107 1833; x_wconf 85' lang='lat' dir='ltr'><strong>voluntatem</strong></span> <span class='ocrx_word' id='word_1_252' title='bbox 1156 1795 1313 1834; x_wconf 89' lang='lat' dir='ltr'><strong>alterius</strong></span> <span class='ocrx_word' id='word_1_253' title='bbox 1356 1795 1546 1836; x_wconf 87' lang='lat' dir='ltr'><strong>violenter</strong></span> 
     </span>
     <span class='ocr_line' id='line_1_33' title="bbox 150 1845 1545 1893; baseline 0.004 -10"><span class='ocrx_word' id='word_1_254' title='bbox 150 1845 309 1892; x_wconf 84' lang='lat' dir='ltr'><strong>adimat,</strong></span> <span class='ocrx_word' id='word_1_255' title='bbox 332 1847 476 1884; x_wconf 89' lang='lat' dir='ltr'><strong>dolove</strong></span> <span class='ocrx_word' id='word_1_256' title='bbox 503 1848 618 1893; x_wconf 90' lang='lat' dir='ltr'><strong>malo,</strong></span> <span class='ocrx_word' id='word_1_257' title='bbox 641 1846 833 1886; x_wconf 87' lang='lat' dir='ltr'><strong>incendiis</strong></span> <span class='ocrx_word' id='word_1_258' title='bbox 854 1849 915 1886; x_wconf 92' lang='lat' dir='ltr'><strong>vel</strong></span> <span class='ocrx_word' id='word_1_259' title='bbox 941 1848 1016 1886; x_wconf 89' lang='lat' dir='ltr'><strong>alia</strong></span> <span class='ocrx_word' id='word_1_260' title='bbox 1042 1848 1192 1888; x_wconf 87' lang='lat' dir='ltr'><strong>ratione</strong></span> <span class='ocrx_word' id='word_1_261' title='bbox 1217 1849 1327 1888; x_wconf 90' lang='lat' dir='ltr'><strong>alteri</strong></span> <span class='ocrx_word' id='word_1_262' title='bbox 1354 1851 1545 1888; x_wconf 87' lang='lat' dir='ltr'><strong>damnum</strong></span> 
     </span>
     <span class='ocr_line' id='line_1_34' title="bbox 151 1899 1546 1951; baseline 0.004 -14"><span class='ocrx_word' id='word_1_263' title='bbox 151 1900 228 1938; x_wconf 87' lang='lat' dir='ltr'><strong>det.</strong></span> <span class='ocrx_word' id='word_1_264' title='bbox 287 1901 430 1949; x_wconf 90' lang='lat' dir='ltr'><strong>Neque</strong></span> <span class='ocrx_word' id='word_1_265' title='bbox 460 1899 546 1938; x_wconf 91' lang='lat' dir='ltr'><strong>ullis</strong></span> <span class='ocrx_word' id='word_1_266' title='bbox 576 1900 797 1940; x_wconf 88' lang='lat' dir='ltr'><strong>istiusmodi</strong></span> <span class='ocrx_word' id='word_1_267' title='bbox 828 1901 1173 1949; x_wconf 85' lang='lat' dir='ltr'><strong>machinatoribus,</strong></span> <span class='ocrx_word' id='word_1_268' title='bbox 1204 1903 1380 1951; x_wconf 86' lang='lat' dir='ltr'><strong>consilio,</strong></span> <span class='ocrx_word' id='word_1_269' title='bbox 1401 1905 1546 1942; x_wconf 81' lang='lat' dir='ltr'><strong>auxilio</strong></span> 
     </span>
     <span class='ocr_line' id='line_1_35' title="bbox 151 1952 1544 2008; baseline 0.004 -18"><span class='ocrx_word' id='word_1_270' title='bbox 151 1954 212 1991; x_wconf 91' lang='lat' dir='ltr'><strong>vel</strong></span> <span class='ocrx_word' id='word_1_271' title='bbox 241 1952 318 1991; x_wconf 89' lang='lat' dir='ltr'><strong>alio</strong></span> <span class='ocrx_word' id='word_1_272' title='bbox 347 1954 469 1992; x_wconf 93' lang='lat' dir='ltr'><strong>modo</strong></span> <span class='ocrx_word' id='word_1_273' title='bbox 499 1967 616 2003; x_wconf 89' lang='lat' dir='ltr'><strong>opem</strong></span> <span class='ocrx_word' id='word_1_274' title='bbox 646 1956 753 2002; x_wconf 86' lang='lat' dir='ltr'><strong>ferat,</strong></span> <span class='ocrx_word' id='word_1_275' title='bbox 776 1969 906 2005; x_wconf 90' lang='lat' dir='ltr'><strong>neque</strong></span> <span class='ocrx_word' id='word_1_276' title='bbox 935 1969 1004 1994; x_wconf 91' lang='lat' dir='ltr'><strong>eos</strong></span> <span class='ocrx_word' id='word_1_277' title='bbox 1025 1956 1152 1996; x_wconf 87' lang='lat' dir='ltr'><strong>sciens</strong></span> <span class='ocrx_word' id='word_1_278' title='bbox 1173 1957 1346 2008; x_wconf 91' lang='lat' dir='ltr'><strong>hospitio</strong></span> <span class='ocrx_word' id='word_1_279' title='bbox 1367 1958 1544 2008; x_wconf 88' lang='lat' dir='ltr'><strong>excipiat,</strong></span> 
     </span>
     <span class='ocr_line' id='line_1_36' title="bbox 152 2006 1547 2069; baseline 0.005 -25"><span class='ocrx_word' id='word_1_280' title='bbox 152 2006 298 2045; x_wconf 90' lang='lat' dir='ltr'><strong>victum</strong></span> <span class='ocrx_word' id='word_1_281' title='bbox 329 2014 466 2056; x_wconf 90' lang='lat' dir='ltr'><strong>potum</strong></span> <span class='ocrx_word' id='word_1_282' title='bbox 496 2016 563 2046; x_wconf 91' lang='lat' dir='ltr'><strong>aut</strong></span> <span class='ocrx_word' id='word_1_283' title='bbox 591 2016 793 2059; x_wconf 90' lang='lat' dir='ltr'><strong>receptum</strong></span> <span class='ocrx_word' id='word_1_284' title='bbox 824 2010 1008 2069; x_wconf 84' lang='lat' dir='ltr'><strong>praebeat</strong></span> <span class='ocrx_word' id='word_1_285' title='bbox 1037 2018 1104 2049; x_wconf 84' lang='lat' dir='ltr'><strong>aut</strong></span> <span class='ocrx_word' id='word_1_286' title='bbox 1133 2012 1294 2050; x_wconf 89' lang='lat' dir='ltr'><strong>toleret:</strong></span> <span class='ocrx_word' id='word_1_287' title='bbox 1325 2013 1396 2050; x_wconf 90' lang='lat' dir='ltr'><strong>sed</strong></span> <span class='ocrx_word' id='word_1_288' title='bbox 1430 2025 1547 2051; x_wconf 90' lang='lat' dir='ltr'><strong>unus-</strong></span> 
     </span>
     <span class='ocr_line' id='line_1_37' title="bbox 151 2059 1546 2110; baseline 0.004 -12"><span class='ocrx_word' id='word_1_289' title='bbox 151 2059 318 2110; x_wconf 89' lang='lat' dir='ltr'><strong>quisque</strong></span> <span class='ocrx_word' id='word_1_290' title='bbox 359 2063 523 2101; x_wconf 88' lang='lat' dir='ltr'><strong>alterum</strong></span> <span class='ocrx_word' id='word_1_291' title='bbox 563 2075 653 2100; x_wconf 89' lang='lat' dir='ltr'><strong>vera</strong></span> <span class='ocrx_word' id='word_1_292' title='bbox 696 2062 867 2102; x_wconf 91' lang='lat' dir='ltr'><strong>amicitia</strong></span> <span class='ocrx_word' id='word_1_293' title='bbox 907 2071 944 2102; x_wconf 91' lang='lat' dir='ltr'><strong>et</strong></span> <span class='ocrx_word' id='word_1_294' title='bbox 984 2065 1207 2103; x_wconf 88' lang='lat' dir='ltr'><strong>Christiana</strong></span> <span class='ocrx_word' id='word_1_295' title='bbox 1244 2065 1404 2104; x_wconf 88' lang='lat' dir='ltr'><strong>caritate</strong></span> <span class='ocrx_word' id='word_1_296' title='bbox 1443 2080 1546 2104; x_wconf 87' lang='lat' dir='ltr'><strong>com-</strong></span> 
     </span>
     <span class='ocr_line' id='line_1_38' title="bbox 151 2115 353 2163; baseline 0 -11"><span class='ocrx_word' id='word_1_297' title='bbox 151 2115 353 2163; x_wconf 82' lang='lat' dir='ltr'><strong>plectatur.</strong></span> 
     </span>
    </p>
   </div>
   <div class='ocr_carea' id='block_1_3' title="bbox 154 2168 1547 2489">
    <p class='ocr_par' dir='ltr' id='par_1_4' title="bbox 154 2168 1547 2489">
     <span class='ocr_line' id='line_1_39' title="bbox 206 2168 1547 2228; baseline 0.005 -23"><span class='ocrx_word' id='word_1_298' title='bbox 206 2168 338 2228; x_wconf 82' lang='lat' dir='ltr'><strong>Quam</strong></span> <span class='ocrx_word' id='word_1_299' title='bbox 367 2181 506 2218; x_wconf 89' lang='lat' dir='ltr'><strong>pacem</strong></span> <span class='ocrx_word' id='word_1_300' title='bbox 535 2170 735 2220; x_wconf 88' lang='lat' dir='ltr'><strong>publicam</strong></span> <span class='ocrx_word' id='word_1_301' title='bbox 765 2171 841 2209; x_wconf 87' lang='lat' dir='ltr'><strong>iam</strong></span> <span class='ocrx_word' id='word_1_302' title='bbox 872 2172 1108 2222; x_wconf 87' lang='lat' dir='ltr'><strong>descriptam</strong></span> <span class='ocrx_word' id='word_1_303' title='bbox 1139 2173 1331 2212; x_wconf 89' lang='lat' dir='ltr'><strong>Caesarea</strong></span> <span class='ocrx_word' id='word_1_304' title='bbox 1359 2173 1547 2212; x_wconf 87' lang='lat' dir='ltr'><strong>Maiestas</strong></span> 
     </span>
     <span class='ocr_line' id='line_1_40' title="bbox 154 2221 1545 2276; baseline 0.004 -17"><span class='ocrx_word' id='word_1_305' title='bbox 154 2221 341 2260; x_wconf 91' lang='lat' dir='ltr'><strong>universis</strong></span> <span class='ocrx_word' id='word_1_306' title='bbox 381 2223 540 2273; x_wconf 89' lang='lat' dir='ltr'><strong>Imperii</strong></span> <span class='ocrx_word' id='word_1_307' title='bbox 574 2224 780 2263; x_wconf 88' lang='lat' dir='ltr'><strong>ordinibus</strong></span> <span class='ocrx_word' id='word_1_308' title='bbox 814 2225 1004 2275; x_wconf 90' lang='lat' dir='ltr'><strong>publicari</strong></span> <span class='ocrx_word' id='word_1_309' title='bbox 1043 2238 1089 2264; x_wconf 88' lang='lat' dir='ltr'><strong>ac</strong></span> <span class='ocrx_word' id='word_1_310' title='bbox 1122 2227 1352 2265; x_wconf 85' lang='lat' dir='ltr'><strong>annunciari</strong></span> <span class='ocrx_word' id='word_1_311' title='bbox 1386 2229 1545 2276; x_wconf 87' lang='lat' dir='ltr'><strong>curavit,</strong></span> 
     </span>
     <span class='ocr_line' id='line_1_41' title="bbox 155 2275 1546 2329; baseline 0.005 -17"><span class='ocrx_word' id='word_1_312' title='bbox 155 2280 193 2312; x_wconf 88' lang='lat' dir='ltr'><strong>et</strong></span> <span class='ocrx_word' id='word_1_313' title='bbox 213 2275 286 2313; x_wconf 93' lang='lat' dir='ltr'><strong>sub</strong></span> <span class='ocrx_word' id='word_1_314' title='bbox 306 2288 486 2325; x_wconf 88' lang='lat' dir='ltr'><strong>expressa</strong></span> <span class='ocrx_word' id='word_1_315' title='bbox 504 2277 609 2327; x_wconf 90' lang='lat' dir='ltr'><strong>gravi</strong></span> <span class='ocrx_word' id='word_1_316' title='bbox 631 2285 669 2317; x_wconf 90' lang='lat' dir='ltr'><strong>et</strong></span> <span class='ocrx_word' id='word_1_317' title='bbox 689 2278 926 2317; x_wconf 89' lang='lat' dir='ltr'><strong>formidabili</strong></span> <span class='ocrx_word' id='word_1_318' title='bbox 941 2292 1069 2329; x_wconf 88' lang='lat' dir='ltr'><strong>poena</strong></span> <span class='ocrx_word' id='word_1_319' title='bbox 1086 2282 1318 2319; x_wconf 85' lang='lat' dir='ltr'><strong>servandam</strong></span> <span class='ocrx_word' id='word_1_320' title='bbox 1334 2281 1546 2329; x_wconf 85' lang='lat' dir='ltr'><strong>mandavit,</strong></span> 
     </span>
     <span class='ocr_line' id='line_1_42' title="bbox 155 2313 1546 2383; baseline 0.005 -18.005"><span class='ocrx_word' id='word_1_321' title='bbox 155 2340 276 2378; x_wconf 88' lang='lat' dir='ltr'><strong>seque</strong></span> <span class='ocrx_word' id='word_1_322' title='bbox 305 2329 476 2379; x_wconf 91' lang='lat' dir='ltr'><strong>benigne</strong></span> <span class='ocrx_word' id='word_1_323' title='bbox 505 2344 665 2381; x_wconf 87' lang='lat' dir='ltr'><strong>operam</strong></span> <span class='ocrx_word' id='word_1_324' title='bbox 695 2334 879 2371; x_wconf 91' lang='lat' dir='ltr'><strong>daturum</strong></span> <span class='ocrx_word' id='word_1_325' title='bbox 909 2346 994 2372; x_wconf 89' lang='lat' dir='ltr'><strong>esse</strong></span> <span class='ocrx_word' id='word_1_326' title='bbox 1023 2333 1201 2383; x_wconf 86' lang='lat' dir='ltr'><strong>promisit</strong></span> <span class='ocrx_word' id='word_1_327' title='bbox 1231 2342 1273 2372; x_wconf 90' lang='lat' dir='ltr'><strong>ut</strong></span> <span class='ocrx_word' id='word_1_328' title='bbox 1302 2313 1546 2383; x_wconf 60' lang='lat' dir='ltr'><strong>praedictum,</strong></span> 
     </span>
     <span class='ocr_line' id='line_1_43' title="bbox 155 2381 1546 2426; baseline 0.004 -7"><span class='ocrx_word' id='word_1_329' title='bbox 155 2381 379 2421; x_wconf 90' lang='lat' dir='ltr'><strong>Concilium</strong></span> <span class='ocrx_word' id='word_1_330' title='bbox 409 2385 510 2422; x_wconf 91' lang='lat' dir='ltr'><strong>intra</strong></span> <span class='ocrx_word' id='word_1_331' title='bbox 539 2384 748 2424; x_wconf 88' lang='lat' dir='ltr'><strong>dimidium</strong></span> <span class='ocrx_word' id='word_1_332' title='bbox 778 2400 927 2424; x_wconf 90' lang='lat' dir='ltr'><strong>annum</strong></span> <span class='ocrx_word' id='word_1_333' title='bbox 957 2386 1154 2425; x_wconf 87' lang='lat' dir='ltr'><strong>indicatur</strong></span> <span class='ocrx_word' id='word_1_334' title='bbox 1193 2395 1231 2425; x_wconf 92' lang='lat' dir='ltr'><strong>et</strong></span> <span class='ocrx_word' id='word_1_335' title='bbox 1269 2387 1415 2425; x_wconf 91' lang='lat' dir='ltr'><strong>deinde</strong></span> <span class='ocrx_word' id='word_1_336' title='bbox 1448 2389 1546 2426; x_wconf 88' lang='lat' dir='ltr'><strong>intra</strong></span> 
     </span>
     <span class='ocr_line' id='line_1_44' title="bbox 155 2437 1545 2489; baseline 0.006 -17"><span class='ocrx_word' id='word_1_337' title='bbox 155 2446 278 2473; x_wconf 88' lang='lat' dir='ltr'><strong>unum</strong></span> <span class='ocrx_word' id='word_1_338' title='bbox 297 2448 446 2475; x_wconf 89' lang='lat' dir='ltr'><strong>annum</strong></span> <span class='ocrx_word' id='word_1_339' title='bbox 468 2437 685 2478; x_wconf 90' lang='lat' dir='ltr'><strong>inchoetur</strong></span> <span class='ocrx_word' id='word_1_340' title='bbox 745 2441 783 2478; x_wconf 90' lang='lat' dir='ltr'><strong>Si</strong></span> <span class='ocrx_word' id='word_1_341' title='bbox 806 2453 897 2479; x_wconf 92' lang='lat' dir='ltr'><strong>vero</strong></span> <span class='ocrx_word' id='word_1_342' title='bbox 919 2440 1000 2479; x_wconf 89' lang='lat' dir='ltr'><strong>fieri</strong></span> <span class='ocrx_word' id='word_1_343' title='bbox 1022 2453 1102 2479; x_wconf 90' lang='lat' dir='ltr'><strong>non</strong></span> <span class='ocrx_word' id='word_1_344' title='bbox 1130 2440 1264 2489; x_wconf 87' lang='lat' dir='ltr'><strong>possit,</strong></span> <span class='ocrx_word' id='word_1_345' title='bbox 1287 2448 1328 2478; x_wconf 88' lang='lat' dir='ltr'><strong>ut</strong></span> <span class='ocrx_word' id='word_1_346' title='bbox 1350 2442 1426 2479; x_wconf 91' lang='lat' dir='ltr'><strong>hoc</strong></span> <span class='ocrx_word' id='word_1_347' title='bbox 1452 2454 1545 2480; x_wconf 87' lang='lat' dir='ltr'><strong>casn</strong></span> 
     </span>
    </p>
   </div>
  </div>
 </body>
</html>
