1715 2780
123 100 197 128 102
524 83 930 128 SCANDINAYIA,
970 83 1123 130 1527—8
1447 91 1518 128 237

126 194 194 232 sed
215 193 331 230 etiam
361 191 531 228 iuniores
558 188 846 238 praedicatores
875 186 950 224 ruri
976 187 1176 235 degentes.
1240 185 1352 221 Idem
1378 182 1458 220 fieri
1485 182 1523 219 in

126 246 269 286 scholis
299 242 589 283 cathedralibus
620 243 842 280 consultum
872 241 1063 286 videmus,
1094 247 1135 277 ut
1166 238 1258 276 illuc
1286 235 1524 275 conveniant

126 301 241 340 simul
272 297 402 338 clerici
432 297 620 342 chorales,
652 295 691 334 in
726 295 847 334 verbo
882 294 957 332 Dei
993 301 1096 332 recte
1127 290 1370 330 instituendi.
1431 291 1524 328 Hoc

127 355 247 394 modo
267 365 469 404 speramus
491 364 651 390 sensum
678 350 786 388 verbi
817 349 892 388 Dei
919 361 1054 387 verum
1084 346 1206 397 gratia
1232 345 1308 384 Dei
1339 343 1525 383 omnibus

125 410 241 461 plane
288 407 546 446 innotescere.
618 406 703 443 Nos
750 403 868 442 etiam
917 401 1093 453 episcopi
1134 399 1434 451 procurabimus
1484 406 1525 437 ut

128 464 325 503 discentes
353 461 393 499 in
423 459 568 499 scholis
596 459 770 498 habeant
799 465 949 496 rectum
977 464 1128 495 textum
1160 454 1391 500 Bibliorum‚
1420 465 1526 503 prae-

127 516 259 557 sertim
289 516 400 555 N.T.
428 514 615 553 Latinum
630 527 640 562 ,-
674 520 712 551 et
742 520 784 551 ut
812 510 1089 563 praeficiantur
1117 508 1292 548 ecclesiis
1322 507 1524 546 civitatum

129 570 236 611 docti
268 569 351 615 viri,
383 569 435 608 ad
469 580 638 619 quorum
669 566 883 606 conciones
912 578 1030 616 saepe
1064 563 1409 614 congregabuntur
1439 562 1528 600 sim-

129 626 251 678 plices
277 632 454 675 pastores
481 622 558 661 ruri
585 623 785 672 degentes,
815 629 858 659 ut
883 620 976 659 inde
1001 618 1209 670 proficiant
1236 617 1276 656 in
1290 630 1382 655 vero
1409 628 1528 655 sensu

128 679 237 719 verbi
262 677 349 718 Dei.
410 678 475 716 Ad
498 678 572 715 hos
599 677 745 714 rurales
776 674 895 714 etiam
925 682 1058 724 pastor
1088 671 1255 711 civitatis
1285 672 1529 721 quandoque

130 734 305 781 accedat,
328 741 366 771 et
386 731 427 770 in
447 730 710 770 conventibus
731 729 887 768 illorum
909 728 1074 767 verbum
1098 726 1174 765 Dei
1194 734 1300 765 recte
1320 731 1528 776 proponat.

131 789 180 827 In
210 787 458 826 monasteriis
485 784 687 824 civitatum
715 785 782 822 fiat
812 782 954 821 concio
979 781 1088 820 verbi
1121 780 1197 819 Dei
1228 780 1334 818 horis
1363 777 1531 829 pomeri—

130 841 268 888 dianis‚
299 854 349 880 ne
378 839 568 891 impediat
599 837 834 878 concionem
869 837 909 875 in
944 837 1093 886 templo
1124 833 1291 873 civitatis
1325 831 1532 871 antemeri-

131 897 302 936 dianam.
379 895 555 934 Caveant
606 901 782 944 pastores
836 890 988 929 effutire
1040 890 1081 927 in
1128 886 1390 927 concionibus
1439 886 1532 925 odia

131 949 362 1001 personalia,
393 961 484 987 curn
514 947 740 986 auditorum
772 946 961 984 scandalo
992 944 1218 982 coniuncta.
1279 940 1319 979 Si
1349 941 1446 991 quid
1476 939 1532 978 in—

132 1003 310 1044 venerint
330 1002 528 1042 doctiores
556 1002 662 1052 quod
686 1001 977 1050 reprehendant
1004 1000 1045 1036 in
1071 997 1238 1036 aliorum
1270 993 1532 1034 concionibus

132 1067 198 1098 aut
224 1058 312 1105 vita,
344 1058 385 1096 id
418 1057 598 1095 modeste
634 1063 670 1093 et
701 1056 829 1105 primo
861 1053 1041 1103 privatim
1072 1059 1200 1102 agant.
1261 1051 1310 1088 In
1345 1048 1532 1087 omnibus

133 1111 395 1152 concionibus
434 1110 646 1149 recitentur
684 1110 760 1147 hae
793 1115 922 1158 partes
956 1105 1213 1152 Catechismi‚
1244 1106 1358 1143 Pater
1388 1110 1531 1149 noster,

134 1167 267 1208 Credo
294 1174 332 1205 et
363 1168 449 1204 Ave
479 1163 607 1204 Maria
641 1163 680 1201 in
707 1162 870 1213 gratiam
898 1160 1182 1211 simpliciorum
1213 1157 1464 1197 auditorum:
1495 1165 1532 1195 et

136 1223 287 1262 Decem
305 1222 519 1270 Praecepta
532 1218 592 1257 bis
610 1217 770 1268 singulis
788 1215 992 1255 mensibus
1008 1215 1216 1253 absolvant
1229 1213 1531 1263 praedicatores,

137 1275 378 1326 Principium
401 1272 606 1313 concionis
623 1272 693 1310 erit
714 1270 900 1310 omnibus
922 1269 1040 1316 idem,
1065 1268 1118 1307 sic
1141 1269 1258 1306 etiam
1281 1267 1467 1305 clausula.

190 1330 326 1380 11.(1)
357 1328 562 1367 Scholares
601 1339 683 1364 non
721 1325 789 1364 diu
824 1331 1027 1363 versentur
1066 1322 1141 1361 ruri
1180 1322 1231 1360 ad
1270 1320 1533 1370 colligendam

135 1384 276 1435 stipem
306 1382 448 1429 emissi,
483 1382 552 1421 sed
583 1388 733 1419 mature
764 1380 938 1418 redeant.
1000 1378 1053 1414 Hi
1085 1376 1282 1415 cavebunt
1317 1375 1456 1413 sedulo
1486 1386 1536 1412 ne

137 1438 342 1478 mendacia
363 1444 556 1487 spargant,
578 1442 645 1474 aut
672 1436 721 1473 de
743 1433 930 1484 religione
950 1445 1040 1470 curn
1064 1431 1238 1481 quodam
1260 1436 1426 1467 tractent
1448 1429 1536 1474 ruri,

135 1491 255 1543 idque
274 1499 449 1543 pastores
468 1489 722 1529 ecclesiarum
742 1487 1021 1527 observabunt.

191 1546 248 1599 (2)
281 1547 348 1584 Ius
379 1546 616 1584 canonicum
651 1541 855 1581 constituit
888 1541 1038 1591 aliquot
1076 1540 1219 1590 gradus
1260 1536 1461 1588 sanguinis
1501 1545 1538 1574 et

137 1600 344 1647 affinitatis,
368 1601 407 1637 in
438 1599 582 1649 quibus
608 1598 706 1636 nolit
739 1595 1033 1635 matrimonium
1069 1607 1155 1632 esse
1193 1591 1536 1631 contrahendum:

139 1668 238 1705 quos
257 1655 400 1705 gradus
419 1653 583 1692 verbum
605 1652 681 1690 Dei
706 1664 787 1689 non
818 1649 1011 1700 prohibet.
1064 1647 1127 1686 Illi
1147 1646 1262 1697 igitur
1282 1645 1426 1695 quibus
1448 1645 1539 1683 data

140 1716 197 1748 est
215 1716 390 1759 potestas
410 1706 667 1758 dispensandi
688 1706 728 1743 in
749 1704 808 1743 his
829 1703 986 1742 casibus
1001 1701 1288 1746 ecclesiasticis,
1303 1707 1462 1738 utantur
1476 1698 1539 1736 hic

140 1762 318 1802 libertate
351 1763 552 1808 ecclesiae,
584 1768 622 1799 et
652 1759 752 1798 datis
786 1757 967 1808 gravibus
999 1755 1127 1795 causis
1161 1755 1335 1793 relaxent
1369 1751 1540 1803 prohibi—

139 1816 289 1856 tionem
310 1817 492 1866 papalem
508 1829 517 1862 3
546 1814 742 1853 cavebunt
770 1820 901 1850 tamen
924 1824 973 1849 ne
994 1808 1238 1860 dispensatio
1259 1808 1307 1847 sit
1328 1807 1541 1847 coniuncta

140 1882 231 1910 curn
252 1871 440 1909 scandalo
459 1868 717 1907 infirmorum.

195 1924 253 1976 (3)
283 1922 578 1963 Poenitentiarii
606 1921 875 1973 praescribant
903 1932 990 1957 eam
1020 1917 1222 1968 publicam
1256 1915 1541 1967 poenitentiam

141 1977 302 2018 notoriis
315 1976 589 2028 peccatoribus
603 1989 704 2026 quae
718 1974 966 2026 poenitentes
979 1971 1142 2019 erudiat,
1159 1979 1196 2010 et
1213 1971 1310 2009 alios
1327 1971 1377 2009 de
1391 1968 1543 2020 peccati

141 2034 326 2083 gravitate
359 2032 552 2070 informet.
629 2029 797 2069 Videtur
836 2028 1100 2067 necessarium
1131 2033 1173 2064 ut
1211 2023 1436 2064 homicidae
1474 2030 1547 2062 tra-

143 2094 296 2126 ctentur
324 2085 457 2136 rigide,
489 2098 578 2124 cum
609 2084 798 2123 hebescat
826 2082 990 2133 gladius,
1023 2092 1102 2131 quo
1129 2080 1358 2118 tollerentur
1387 2077 1460 2128 ipsi
1496 2077 1545 2115 de

146 2139 286 2179 medio.

199 2194 258 2245 (4)
289 2193 479 2232 Monachi
507 2193 660 2231 subsint
687 2189 922 2242 inspectioni
950 2187 1125 2239 episcopi
1145 2187 1231 2234 loci,
1254 2185 1481 2237 praesertim
1505 2184 1544 2222 in

146 2260 263 2286 causa
282 2247 546 2286 ecclesiastica
567 2259 668 2297 quae
689 2243 1025 2296 praedicationem
1042 2241 1234 2292 evangelii
1255 2248 1416 2291 spectat.

199 2301 258 2352 (5)
289 2301 490 2350 Quoniam
505 2300 622 2339 nimis
637 2301 759 2338 multa
777 2301 894 2337 Festa
913 2299 1148 2336 Sanctorum
1169 2295 1428 2339 celebrantur,
1443 2305 1544 2343 quae

147 2354 396 2394 occasionem
417 2354 531 2393 citius
552 2353 744 2405 peccandi
765 2365 885 2403 quam
908 2353 1040 2389 Deum
1067 2349 1225 2388 colendi
1247 2347 1546 2387 subministrant

146 2408 309 2459 ipsaque
338 2408 579 2447 necessarios
607 2408 762 2446 labores
792 2405 1024 2456 impediunt,
1055 2403 1276 2442 iudicamus
1307 2402 1484 2439 sufficere
1505 2407 1547 2438 ut

149 2462 263 2500 Festa
293 2461 591 2512 *Conceptionis
628 2459 863 2507 Nativitatis,
897 2456 1227 2497 Praesentationis
1266 2463 1303 2495 et
1343 2453 1541 2492 Passionis
