1715 2780
115 81 190 119 126
258 108 262 112 -
463 78 948 124 PROTESTANTISM,
982 89 1158 128 1532-41
1438 92 1512 129 315

117 182 457 231 conventualibus,
497 195 664 232 eamque
703 183 769 221 det
808 188 874 220 aut
914 181 1119 220 ordinariis
1158 188 1224 220 aut
1264 181 1361 230 aliis,
1401 189 1514 232 prout

116 237 254 277 melius
273 236 481 277 videbitur.

169 291 255 343 (14)
284 291 445 330 Abusus
472 304 637 341 magnus
658 297 695 329 et
716 289 958 341 perniciosus
979 296 1038 329 est
1058 291 1098 328 in
1117 290 1370 340 gymnastieis
1391 290 1516 341 publi-

115 345 181 394 cis,
197 345 422 396 praesertim
440 346 478 384 in
497 347 621 393 Italia,
638 345 677 383 in
693 344 837 395 quibus
858 343 971 383 multi
985 344 1260 395 philosophiae
1276 346 1515 395 professores

115 400 355 451 impietatem
386 401 544 448 docent,
576 401 656 438 imo
684 399 723 437 in
754 400 910 450 templis
937 400 1035 437 fiunt
1062 398 1350 448 disputationes
1371 399 1516 449 impiis-

117 454 261 494 simae:
291 461 330 493 et
350 453 381 492 si
402 467 504 504 quae
525 461 615 492 sunt
636 453 734 504 piae,
757 460 972 492 tractantur
992 453 1031 491 in
1053 453 1108 491 eis
1124 466 1183 492 res
1204 453 1361 493 divinae
1382 467 1514 492 coram

116 510 263 560 populo
293 509 407 547 valde
437 508 700 547 irreverenter.
762 509 861 547 Ideo
891 515 1117 558 putaremus
1148 507 1407 547 indicendum
1439 508 1515 558 epi-

116 562 244 613 seopis
283 562 351 601 ubi
383 570 473 601 sunt
500 563 660 612 publica
690 562 892 612 gymnasia
927 569 968 601 ut
1002 574 1070 612 per
1104 575 1171 601 eos
1205 563 1515 601 admonerentur

116 619 280 656 lectores
310 616 377 667 qui
406 618 541 667 legunt
571 630 620 655 ne
650 617 838 655 docerent
867 617 1140 655 adolescentes
1168 616 1422 667 impietatem,
1446 618 1515 655 sed

115 672 369 710 ostenderent
409 670 675 709 infirmitatem
714 670 873 709 luminis
913 672 1099 709 naturalis
1139 672 1177 708 in
1218 671 1517 721 quaestionibus

114 725 401 776 pertinentibus
430 726 481 764 ad
512 727 656 772 Deum,
685 726 735 764 ad
764 725 900 764 mundi
923 725 1139 763 novitatem
1161 726 1220 763 vel
1241 727 1513 764 aeternitatem

114 787 151 819 et
172 779 324 828 similia,
345 793 493 830 eosque
512 780 564 819 ad
584 781 771 830 pietatem
793 778 1013 829 dirigerent.
1073 779 1259 818 Similiter
1284 793 1334 818 ne
1361 779 1515 830 permit-

114 841 239 873 terent
266 835 348 873 fieri
377 834 554 884 publicas
576 833 863 884 disputationes
884 834 934 872 de
955 833 1182 872 huiusmodi
1204 834 1514 883 quaestionibus,

115 901 244 938 neque
273 889 391 927 etiam
420 889 470 927 de
500 888 617 928 rebus
645 887 889 938 theologicis,
923 901 1024 937 quae
1058 895 1163 926 certe
1193 889 1361 926 multum
1391 888 1516 927 existi-

114 942 296 982 mationis
326 943 495 993 perdunt
521 943 628 993 apud
655 943 805 993 vulgus,
833 943 902 981 sed
932 941 1111 992 privatim
1133 943 1183 981 de
1204 942 1264 981 his
1284 943 1400 982 rebus
1422 943 1516 981 fiant

113 996 410 1047 disputationes,
425 996 584 1047 publice
600 998 650 1035 de
665 996 749 1035 aliis
766 996 1065 1047 quaestionibus
1086 996 1269 1046 physicis.
1320 998 1516 1047 Idemque

114 1051 399 1101 iniungendum
428 1058 530 1090 esset
559 1050 745 1089 omnibus
771 1050 855 1089 aliis
883 1050 1088 1101 episcopis,
1112 1050 1281 1090 maxime
1303 1050 1514 1101 insignium

113 1105 327 1153 civitatum,
361 1105 400 1143 in
431 1104 574 1155 quibus
605 1105 721 1143 huius
750 1104 902 1155 generis
937 1104 1224 1154 disputationes
1260 1106 1340 1144 fieri
1375 1106 1512 1144 solent.

116 1161 163 1198 In
177 1159 435 1210 impressione
449 1160 566 1198 etiam
583 1159 771 1198 librorum
787 1160 925 1199 eadem
940 1159 1168 1198 adhibenda
1183 1167 1285 1198 esset
1299 1159 1514 1209 diligentia,

115 1213 450 1264 scribendumque
488 1213 733 1264 principibus
772 1213 958 1252 omnibus
997 1220 1039 1252 ut
1077 1221 1242 1252 caveant
1280 1227 1331 1252 ne
1369 1214 1513 1264 passim

114 1267 240 1318 quivis
279 1267 366 1306 libri
405 1269 445 1306 in
480 1280 615 1306 eorum
655 1267 806 1307 ditione
844 1267 1128 1317 imprimantur,
1166 1268 1379 1318 dandaque
1414 1276 1515 1306 esset

115 1321 231 1361 huius
261 1322 313 1361 rei
344 1335 436 1361 cura
462 1321 678 1361 ordinariis
740 1324 790 1361 Et
817 1322 1006 1371 quoniam
1037 1321 1167 1372 pueris
1192 1321 1231 1360 in
1259 1321 1362 1361 ludis
1389 1323 1515 1360 solent

115 1389 221 1415 nunc
241 1377 315 1427 legi
345 1377 543 1426 Colleqm‘a
572 1377 749 1423 Erasmi,
780 1375 819 1414 in
850 1375 994 1426 quibus
1023 1377 1145 1415 multa
1165 1384 1255 1415 sunt
1277 1390 1378 1426 quae
1399 1377 1516 1415 rudes

114 1430 267 1469 animos
296 1432 510 1469 informant
540 1431 591 1470 ad
621 1430 874 1480 impietatem,
907 1430 999 1469 ideo
1031 1443 1165 1469 eorum
1199 1430 1317 1469 lectio
1345 1431 1384 1468 in
1414 1432 1516 1469 ludis

114 1484 306 1523 litterariis
327 1485 575 1535 prohibenda
596 1492 708 1532 esset,
732 1492 769 1523 et
790 1485 821 1523 si
843 1498 944 1534 quae
964 1484 1040 1523 alia
1060 1493 1150 1523 sunt
1171 1484 1287 1523 huius
1308 1484 1469 1523 ordinis.

170 1541 262 1578 Post
279 1540 377 1578 haec
407 1552 508 1589 quae
536 1540 587 1578 ad
617 1539 882 1578 instituendos
912 1538 1111 1577 ministros
1141 1546 1230 1577 tuos
1261 1539 1300 1577 in
1331 1540 1404 1577 hac
1434 1538 1517 1577 uni-

114 1593 271 1632 versalis
292 1593 481 1632 ecclesiae
497 1606 589 1632 cura
609 1601 647 1631 et
667 1594 707 1631 in
723 1593 806 1631 eius
823 1593 969 1632 deinde
985 1592 1326 1632 administratione
1341 1600 1517 1643 spectare

115 1646 306 1694 videntur,
347 1647 741 1686 animadvertendum
781 1654 839 1686 est
874 1646 911 1684 in
952 1647 1082 1697 gratiis
1120 1660 1222 1697 quae
1261 1648 1359 1685 fiunt
1393 1660 1416 1685 a
1450 1655 1515 1685 tua

115 1701 371 1749 beatitudine,
420 1709 571 1751 praeter
618 1701 764 1751 priores
810 1701 967 1748 abusus
1015 1700 1112 1739 alios
1161 1714 1322 1750 quoque
1370 1700 1516 1739 abusus

114 1755 360 1794 introductos
388 1768 483 1795 esse.

169 1808 257 1861 (15)
287 1809 439 1847 Primus
461 1816 518 1848 est
540 1810 578 1847 in
601 1809 781 1848 fratribus
803 1821 871 1848 seu
900 1809 1086 1859 religiosis
1113 1809 1313 1859 apostatis,
1337 1809 1402 1859 qui
1429 1817 1516 1859 post

116 1870 251 1902 votum
292 1865 456 1902 solenne
494 1877 516 1902 a
555 1877 625 1902 sua
664 1863 851 1913 religione
890 1864 1095 1905 recedunt,
1130 1864 1421 1914 impetrantque
1467 1877 1517 1902 ne

115 1924 323 1956 teneantur
337 1931 470 1968 gerere
490 1917 666 1957 habitum
686 1918 742 1956 sui
758 1917 917 1964 ordinis,
937 1917 1016 1955 imo
1033 1931 1106 1956 nec
1122 1917 1329 1968 vestigium
1347 1918 1514 1965 habitus,

117 1972 186 2011 sed
224 1979 376 2011 tantum
416 1979 564 2011 vestem
605 1973 811 2011 honestam
852 1971 1084 2011 clericalem.
1158 1972 1517 2011 Praetermittamus

117 2039 224 2064 nunc
253 2027 303 2065 de
332 2028 451 2065 lucro.
526 2028 610 2065 Iam
639 2026 744 2065 enim
767 2026 936 2065 diximus
958 2026 996 2064 in
1019 2026 1211 2076 principio
1233 2040 1313 2064 non
1335 2026 1450 2065 licere
1472 2040 1517 2064 ex

118 2093 189 2118 usu
224 2080 392 2119 clavium
414 2088 452 2119 et
491 2081 695 2130 potestatis
730 2094 752 2118 a
787 2080 946 2120 Christo
981 2080 1147 2119 traditae
1183 2094 1410 2130 comparare
1443 2080 1516 2118 sihi

118 2135 280 2182 lucrum,
304 2135 373 2173 sed
403 2134 520 2173 etiam
551 2135 601 2173 ab
632 2136 704 2172 hac
733 2135 854 2184 gratia
881 2134 1174 2173 abstinendum.
1235 2135 1338 2173 Nam
1361 2134 1518 2172 habitus

121 2196 178 2227 est
207 2189 361 2238 signum
392 2188 656 2239 professionis,
680 2190 786 2227 unde
817 2202 890 2227 nec
919 2188 969 2227 ab
997 2189 1186 2239 episcopo
1208 2196 1337 2238 potest
1359 2188 1515 2234 dimitti,

119 2241 181 2280 cui
215 2249 399 2282 tenentur
428 2243 467 2280 hi
496 2250 724 2292 apostatae;
767 2244 857 2281 ideo
887 2243 984 2281 haee
1014 2244 1134 2293 gratia
1164 2242 1219 2281 eis
1249 2242 1415 2281 concedi
1438 2254 1517 2279 non

120 2296 291 2344 deberet,
319 2310 447 2347 neque
477 2296 593 2335 etiam
626 2310 716 2335 cum
748 2296 820 2347 ipsi
854 2297 1084 2336 recesserint
1115 2310 1137 2335 a
1171 2304 1274 2343 voto,
1312 2310 1391 2346 quo
1428 2297 1516 2334 Deo

119 2363 160 2389 se
198 2350 427 2400 obligarant,
467 2350 521 2390 eis
567 2352 812 2401 permittatur
851 2358 891 2389 ut
939 2352 1111 2390 habeant
1154 2350 1347 2389 beneficia
1386 2362 1516 2399 neque

119 2403 490 2443 administrationes.

173 2457 258 2509 (16)
288 2458 398 2497 Alius
437 2459 583 2497 abusus
624 2459 661 2496 in
701 2460 957 2508 quaestuariis
1003 2459 1125 2497 saneti
1176 2458 1352 2507 Spiritus,
1394 2458 1516 2497 sancti
