1715 2780
101 98 148 136 61
407 97 544 136 DIET
574 95 644 135 OF
674 87 1006 143 NURNBERG‚
1040 104 1194 145 1522—3
1429 107 1501 143 119

103 215 199 241 num
221 230 228 238 .
251 232 258 241 .
281 231 289 240 .
310 206 515 239 attentant.
539 230 547 238 .
570 230 577 237 .
602 229 608 237 .
632 198 818 238 Efficiunt
848 211 1008 249 quoque
1029 228 1036 236 .
1060 228 1066 234 .
1097 227 1103 235 .
1131 198 1272 258 partim
1295 228 1302 236 .
1326 228 1332 235 .
1356 227 1364 235 .
1385 198 1501 237 donis

100 269 146 295 ac
159 255 372 303 blanditiis,
383 262 426 293 ut
439 255 662 305 complures
678 255 869 293 honestae
884 252 1032 302 alioqui
1049 252 1216 303 virgines
1230 259 1268 291 et
1283 260 1498 300 matronae,

103 309 244 363 partim
265 309 305 348 in
333 309 490 348 secretis
521 322 618 359 quas
648 315 792 347 vocant
819 306 1147 354 confessionibus,
1173 337 1179 344 .
1233 308 1313 346 ad
1339 314 1502 358 peccata

164 370 531 403 .co.mmoveantur
590 364 675 402 Nec
705 375 790 400 raro
821 361 939 400 etiam
975 361 1105 400 evenit
1142 337 1248 400 01.11
1281 374 1421 400 uxores
1455 375 1502 401 ae

102 394 200 458 filias
229 417 377 457 maritis
407 417 663 469 patribusque
692 416 920 464 detineant,
955 444 962 452 .
1016 423 1164 466 .atque
1193 423 1393 454 tantorum
1424 429 1502 454 1113-

102 475 229 512 lorum
263 479 437 523 segetem
471 485 517 510 ex
548 471 712 510 libidine
745 470 882 509 insana
910 445 1165 509 contrahunt.
1227 469 1375 509 Mirum
1406 470 1502 520 quid

102 526 328 575 latrociniis,
348 525 573 565 homicidiis
595 557 602 564 .
627 557 634 563 .
658 555 666 564 .
690 525 852 576 impune
873 524 1051 574 quotidie
1072 523 1334 571 committant,
1357 538 1502 576 nempe

102 580 350 620 immunitate
382 594 428 619 ac
462 579 656 630 peccandi
688 593 758 617 sua
787 578 946 618 licentia
975 592 1095 628 quam
1125 592 1173 617 ex
1201 578 1412 628 privilegiis
1442 592 1502 617 ca-

102 649 252 674 nonum
287 634 361 674 sibi
390 642 636 685 usurparunt,
670 634 709 671 in
739 635 815 672 hoc
846 632 982 672 freti..
1106 634 1155 671 Et
1185 634 1358 680 tandem,
1391 640 1433 670 ut
1464 633 1503 671 in

103 689 303 729 maleficiis
333 688 604 740 perpetrandis
635 687 757 738 magis
777 688 908 726 adhuc
930 663 1145 734 foveantur,
1168 694 1320 737 praeter
1341 700 1502 726 0111116111

101 743 309 796 aequitatis
330 743 534 790 rationem,
621 741 905 780 istiterdictum
926 748 1012 780 est.
1069 741 1294 791 ‚episcopis
1316 755 1366 779 ne
1387 743 1503 780 male-

103 800 268 837 factores
297 799 370 836 hos
400 797 559 848 publice
588 773 781 835 criminali
811 795 959 834 iudicio
990 809 1075 834 reos
1099 808 1214 845 agere
1242 795 1406 845 possint,
1428 795 1503 834 nisi

103 853 207 904 prius
246 853 504 903 degradatos:
548 851 588 890 id
627 852 736 902 quod
777 850 894 888 tantis
934 849 1157 900 sumptibus
1191 880 1198 887 .
1233 881 1240 888 .
1279 879 1286 887 .
1315 850 1503 889 celebrari

103 914 256 960 oportet
277 914 319 945 ut
340 914 546 957 propterea
566 918 756 956 perquam
778 904 1018 943 rarissimum
1040 905 1147 942 uncti
1162 903 1217 941 illi
1231 905 1503 943 malefactores

106 961 243 1001 merita
262 962 482 1011 plectantur
503 973 642 1010 poena.
704 961 767 998 Ad
789 960 886 997 haec
915 957 1240 1008 adstringuntur.
1265 989 1271 996 .
1296 958 1504 1009 ‚episcopi

105 1029 173 1067 per
193 1029 264 1055 sua
283 1014 453 1065 capitula
474 1023 516 1053 ut
536 1027 722 1064 personas
744 1013 782 1051 in
800 1013 917 1051 sacris
934 1012 1168 1051 ordinibus.
1194 1043 1202 1051 .
1226 1014 1501 1061 ‚constitutas‚

103 1071 323 1109 seeundum
361 1068 553 1107 canonica
600 1067 718 1106 etiam
767 1069 859 1114 iura,
901 1066 1040 1116 poenis
1088 1075 1291 1119 utcunque
1339 1067 1503 1115 levibus,

103 1124 270 1176 punire
328 1136 437 1162 .non
476 1123 658 1161 audeant.
718 1123 831 1170 Quae
870 1134 929 1159 res
970 1128 1052 1159 tota
1090 1134 1138 1160 eo
1177 1129 1328 1171 spectat
1367 1129 1419 1168 ut,
1456 1135 1503 1161 ex

103 1154 335 1229 disparitate
350 1179 435 1225 hac,
455 1177 555 1215 inter
575 1176 695 1215 laicos
716 1189 762 1215 30
783 1174 1093 1216 60016513511005.
1142 1175 1257 1214 .odia
1274 1177 1360 1227 plus
1382 1189 1502 1226 quam

102 1232 313 1271 Vatiniana
333 1231 516 1271 oriantur.

157 1301 219 1337 33.
251 1288 502 1338 Quapropter
522 1284 734 1323 necessitas
761 1283 1019 1334 aequitasque
1040 1283 1124 1333 ipsa
1145 1283 1219 1322 sibi
1240 1285 1440 1334 postulant
1462 1292 1504 1322 ut

103 1340 453 1380 ecclesiasticarum
475 1352 730 1391 personarum
752 1338 1003 1389 praedicta..
1023 1337 1246 1388 ‚privilegia
1265 1339 1505 1388 abrogentur

135 1426 142 1434 .
168 1409 260 1434 .ac.
284 1426 291 1434 .
317 1402 532 1433 .statuatur
552 1394 661 1443 quod
682 1392 852 1432 ordinati
870 1423 877 1430 .
899 1423 908 1432 .
930 1424 937 1431 .
956 1406 1035 1431 una
1055 1406 1171 1431 00111.
1225 1392 1356 1431 ,131015
1377 1406 1505 1442 aequa

106 1450 276 1489 habeant
297 1449 390 1496 iura,
400 1461 550 1498 aequos
571 1447 731 1494 iudices,
756 1460 948 1497 paresque
969 1460 1135 1497 poenas:
1158 1446 1226 1485 ita.
1241 1455 1319 1486 ..ut
1333 1447 1503 1497 quisque

106 1503 421 1554 delinquentium
438 1501 793 1541 ecclesiasticorum
811 1532 817 1539 .
835 1531 842 1539 .
859 1532 865 1539 .
883 1514 964 1539 non
981 1514 1094 1540 secus
1110 1508 1229 1551 atque
1245 1501 1309 1539 alii
1323 1502 1503 1539 malefac-

106 1565 207 1597 tores
220 1571 350 1609 poena
362 1571 385 1596 a
398 1557 479 1595 iure
493 1556 696 1595 communi
712 1555 872 1606 Imperii
886 1555 1072 1606 imposita
1083 1585 1091 1594 .
1107 1586 1114 1594 .
1131 1586 1138 1593 .
1151 1557 1279 1606 puniri
1290 1586 1296 1593 .
1308 1586 1315 1594 .
1327 1586 1334 1593 .
1345 1555 1500 1594 debeat.

160 1626 221 1663 34.
252 1614 316 1650 De
339 1625 447 1650 onere
470 1611 613 1649 Banm'
632 1624 694 1649 seu
720 1610 1148 1648 Excommmzz'catiom‘s.
1210 1611 1324 1656 Item,
1349 1611 1504 1647 Romae

107 1666 347 1716 caeterisque
376 1665 417 1704 in
447 1664 543 1704 locis
572 1678 670 1714 per.
695 1696 701 1703 .
724 1695 732 1703 .
756 1664 963 1714 episcopos
984 1671 1051 1702 aut
1081 1671 1185 1702 certe
1215 1676 1351 1702 eorum
1383 1665 1504 1701 eccle-

107 1720 283 1760 siasticos
325 1719 487 1767 iudices,
528 1718 641 1757 multi
682 1718 996 1758 Christianorum
1037 1718 1089 1756 ob
1129 1731 1267 1756 causas
1306 1719 1501 1767 profanas,

107 1775 158 1813 ob
179 1774 370 1825 pecuniae
386 1806 394 1814 .
417 1804 426 1813 .
451 1805 457 1812 .
476 1787 650 1812 3111016111
673 1772 1066 1811 excommunicantur
1080 1787 1090 1819 ,-
1120 1773 1439 1822 multorumque.
1465 1802 1473 1810 .
1496 1802 1503 1810 .

107 1828 372 1868 conscientiae
395 1842 464 1879 per
493 1829 569 1866 hoc
600 1858 607 1866 .
640 1858 647 1865 .
682 1858 687 1864 .
720 1827 758 1864 in
786 1826 1103 1877 desperationem
1128 1828 1406 1878 pertrahuntur
1420 1841 1430 1873 3
1458 1839 1504 1864 30

109 1883 279 1934 denique
301 1914 308 1921 .
333 1913 340 1921 .
365 1912 372 1920 .
394 1884 445 1921 ad
466 1881 776 1920 internecionem
799 1894 925 1930 usque
944 1880 1111 1928 animae,
1134 1880 1318 1931 corporis,
1343 1880 1505 1919 honoris

107 1944 225 1987 atque
245 1937 297 1976 rei
319 1936 517 1976 familiaris
535 1966 543 1974 .
562 1965 569 1972 .
587 1966 593 1974 .
613 1937 893 1986 perducuntur.
934 1936 1108 1984 Quando
1125 1948 1244 1974 nemo
1261 1934 1334 1973 nisi
1348 1935 1401 1973 ob
1414 1948 1505 1973 0011-

108 1991 254 2030 victum
271 1993 477 2031 haereseos
491 1990 639 2029 crimen
653 1989 1073 2029 excommunicationis
1087 1989 1218 2039 gladio
1234 1989 1432 2028 feriendus
1451 2019 1457 2026 .
1473 2019 1479 2026 .
1495 2019 1503 2027 .

109 2058 155 2084 ea
183 2053 341 2096 propter
370 2047 406 2084 S.
426 2047 473 2083 R.
492 2046 522 2083 Ι.
553 2043 755 2093 Principes
777 2074 784 2082 .
804 2075 811 2082 .
830 2074 836 2081 .
857 2051 994 2094 rogant
1016 2051 1058 2082 ut
1080 2043 1288 2082 Pontificia
1310 2043 1504 2081 Sanctitas

141 2129 148 2137 .
166 2129 172 2136 .
192 2100 283 2139 velit
304 2101 520 2150 praefatum
541 2112 642 2137 onus
664 2099 792 2136 Banni
815 2129 821 2136 .
845 2128 851 2135 .
875 2129 881 2135 .
905 2097 1061 2148 penitus
1081 2098 1250 2145 abolere,
1273 2105 1311 2136 et
1332 2097 1505 2147 denique

110 2152 162 2191 ita
182 2153 330 2193 sancire
350 2184 358 2192 .
381 2184 389 2192 .
411 2185 417 2192 .
442 2161 483 2191 ut
505 2166 623 2191 nemo
648 2154 767 2191 ullam
789 2153 842 2190 ob
862 2165 1020 2190 causam
1046 2165 1165 2201 quam
1189 2182 1196 2189 .
1220 2182 1226 2189 .
1249 2182 1256 2188 .
1277 2152 1504 2189 convictum

109 2208 314 2247 haereseos
334 2208 481 2246 crimen
504 2236 512 2244 .
535 2237 542 2244 .
565 2237 571 2243 .
593 2205 1013 2245 excommunicationis
1033 2205 1197 2244 fulmine
1218 2205 1386 2244 feriatur.
1409 2235 1416 2242 .
1438 2235 1446 2244 .
1469 2235 1476 2243 .

164 2273 224 2311 37.
269 2264 333 2300 De
380 2262 620 2311 abrogatione
646 2261 888 2310 firz'atarmn
927 2261 1074 2309 aliquot
1108 2261 1266 2298 dierum.
1338 2261 1505 2308 Insuper

109 2322 146 2353 et
175 2315 355 2354 seriarum
384 2318 652 2364 festorumque
682 2316 833 2353 dierum
864 2322 972 2352 tanta
1001 2313 1115 2364 copia
1149 2313 1337 2352 laicorum
1369 2315 1505 2362 vulgus

190 2400 197 2407 .
229 2378 395 2420 urgetur.
469 2369 678 2415 Nimirum,
711 2382 802 2407 cum
830 2376 886 2406 tot
911 2367 1077 2418 religiosi
1109 2368 1198 2406 facti
1231 2367 1308 2405 sint
1335 2367 1430 2411 dics,
1463 2374 1505 2404 ut

111 2421 171 2459 vix
199 2436 310 2473 aegre
345 2431 500 2473 tempus
529 2422 707 2473 agricolis
737 2430 919 2472 suppetat
949 2436 1028 2471 quo
1059 2423 1205 2460 fructus
1234 2421 1313 2470 agri
1345 2451 1350 2456 .
1385 2451 1392 2458 .
1425 2451 1432 2458 .
1466 2419 1504 2457 in

111 2476 248 2515 horrea
276 2479 502 2517 conferant:
533 2490 632 2528 quos
659 2484 791 2515 tamen
819 2478 977 2523 fructus,
996 2476 1027 2514 si
1057 2489 1137 2514 non
1161 2475 1340 2513 feriarum
1367 2475 1505 2512 solem-
