1715 2780
189 108 263 143 612
459 105 578 143 THE
610 104 1087 145 ECCLESIASTICAL
1117 106 1294 144 STATE
1497 115 1580 154 304
1706 0 1715 168 i

1708 169 1710 184 Ι

189 209 300 247 coelo
328 209 381 246 ad
411 207 639 246 nutriendas
668 208 819 246 animas
849 215 1002 246 nostras
1032 209 1238 248 descendit
1266 208 1395 259 (Ioan.
1417 208 1465 247 vi.
1490 209 1556 260 51)
1572 224 1583 258 3
1707 188 1711 297 Ξ

189 275 261 301 nos
282 274 405 300 unum
435 274 520 300 esse
550 275 640 300 cum
671 262 766 312 ipso,
799 261 912 300 sicuti
939 275 1029 300 cum
1062 264 1175 301 Patre
1204 276 1328 301 unum
1359 270 1418 302 est
1447 262 1578 314 (Ioan.

188 316 274 354 xvii.
301 315 392 366 21),
426 324 463 354 et
485 315 636 354 similia.
1706 311 1710 387 l

240 372 302 408 M.
335 370 444 418 Quid
475 370 644 420 amplius
678 382 725 408 ex
756 371 1011 408 Sacramento
1050 370 1342 421 consequimur,
1382 377 1449 409 aut
1483 370 1580 421 quid

187 432 386 474 praeterea
406 423 581 462 utilitatis
602 423 718 462 nobis
738 425 918 462 confert?
1706 423 1709 449 ⁸

240 480 286 516 Ρ.
320 480 413 516 Hoc
434 477 604 516 scilicet:
636 479 744 527 quod
766 477 839 525 illa,
859 479 909 517 de
931 491 1008 527 qua
1029 477 1120 525 dixi,
1138 478 1447 517 communicatio
1462 478 1578 517 nobis
1706 473 1709 491 ¹

186 533 440 570 confirmatur
469 539 506 570 et
537 540 709 581 augetur.
768 531 945 570 Tametsi
973 531 1077 570 enim
1100 539 1183 570 tum
1205 531 1245 570 in
1267 531 1474 583 Baptismo
1494 539 1577 571 tum
1706 537 1708 570 Ι

187 586 225 623 in
266 585 482 636 Evangelio
521 585 636 623 nobis
684 585 891 624 exhibetur
939 585 1142 625 Christus:
1191 599 1283 625 eum
1323 594 1457 626 tamen
1495 600 1578 625 non

186 639 395 690 recipimus
416 647 555 687 totum,
578 640 647 678 sed
668 653 714 678 ex
735 647 843 689 parte
863 646 1028 678 tantum.
1705 604 1708 709 1

239 695 302 732 M.
333 693 442 743 Quid
464 707 555 743 ergo
577 693 615 731 in
637 694 818 744 symbolo
839 694 949 744 panis
971 694 1192 733 habemus?

239 750 285 786 Ρ.
319 749 473 798 Corpus
503 747 659 795 Christi,
692 755 734 786 ut
763 749 885 786 semel
914 761 984 798 pro
1013 747 1129 786 nobis
1150 749 1201 786 ad
1232 761 1305 786 nos
1335 749 1424 786 Deo
1445 761 1578 787 recon-

186 801 378 840 ciliandos
410 802 658 840 immolatum
688 801 771 849 fuit,
804 802 856 840 ita
887 815 994 840 nunc
1028 815 1189 852 quoque
1228 801 1344 841 nobis
1386 801 1493 841 dari:
1535 810 1577 840 ut

184 864 291 894 certo
312 855 494 903 sciamus,
517 855 879 894 reconciliationem
901 857 952 895 ad
972 869 1045 894 nos
1066 855 1270 906 pertinere.

238 912 299 948 M.
333 909 442 959 Quid
464 910 502 947 in
524 909 602 948 vini
623 910 833 959 symbolo?

239 966 284 1002 Ρ.
318 964 530 1010 Christum,
547 971 589 1002 ut
609 977 723 1002 suum
746 964 976 1014 sanguinem
994 965 1116 1002 semel
1136 963 1177 1001 in
1197 970 1448 1014 peccatorum
1471 963 1577 1002 satis-

184 1017 394 1056 factionem
426 1018 675 1068 pretiumque
705 1017 987 1068 redemptionis
1017 1025 1174 1056 nostrae
1204 1017 1352 1065 effudit,
1384 1019 1437 1056 ita
1470 1032 1576 1056 nunc

184 1085 275 1110 eum
296 1072 412 1111 nobis
437 1072 657 1111 bibendum
687 1072 894 1122 porrigere,
917 1079 958 1110 ut
980 1073 1148 1110 fructum
1170 1071 1237 1122 qui
1258 1071 1351 1110 inde
1373 1072 1576 1122 pervenire

182 1127 233 1165 ad
255 1140 327 1165 nos
348 1126 467 1165 debet
488 1127 714 1165 sentiamus.

236 1182 297 1218 M.
330 1181 559 1219 Secundum
581 1181 651 1218 has
678 1181 776 1218 duas
807 1179 1083 1230 responsiones
1114 1192 1223 1218 sacra
1252 1178 1416 1218 Domini
1438 1179 1576 1219 Coena

183 1235 233 1273 ad
255 1234 338 1273 eius
360 1242 527 1272 mortem
549 1247 620 1273 nos
640 1235 838 1281 amandat,
861 1241 904 1272 ut
924 1233 1006 1272 eius
1027 1233 1157 1272 virtuti
1178 1232 1548 1272 communicemus?

236 1290 283 1326 Ρ.
316 1288 521 1335 Omnino,
550 1295 644 1326 tunc
674 1287 778 1326 enim
810 1289 970 1326 unicum
992 1295 1306 1338 perpetuumque
1327 1287 1573 1335 sacrificium,

183 1342 291 1391 quod
323 1342 363 1379 in
397 1343 562 1380 salutem
594 1349 767 1380 nostram
798 1343 1002 1388 sufficeret,
1039 1349 1240 1391 peractum
1275 1349 1344 1380 est.
1404 1341 1574 1380 Proinde

182 1395 279 1433 nihil
301 1403 418 1434 restat
438 1396 618 1445 amplius,
640 1396 714 1434 nisi
736 1402 778 1434 ut
799 1396 884 1445 ipso
906 1397 1088 1433 fruamur.

236 1451 296 1487 M.
331 1451 434 1499 Ergo
464 1462 545 1487 non
578 1463 616 1486 m
649 1450 754 1487 hunc
790 1451 908 1488 finem
944 1448 1120 1487 instituta
1151 1457 1210 1487 est
1243 1450 1380 1489 Coena
1410 1456 1452 1487 ut
1483 1451 1572 1488 Deo

184 1503 269 1540 Filii
291 1503 350 1541 sui
371 1516 513 1553 corpus
534 1504 748 1541 offeratur?

235 1559 283 1595 Ρ.
316 1557 494 1595 Minime.
553 1558 667 1595 Solus
695 1557 799 1595 enim
821 1556 915 1607 ipse,
938 1570 1061 1606 quum
1091 1563 1272 1594 aeternus
1302 1556 1350 1594 sit
1380 1557 1572 1595 Sacerdos

184 1611 327 1660 (Hebr.
350 1625 383 1649 v.
409 1623 443 1661 5,
470 1612 548 1661 10),
569 1611 671 1648 hanc
700 1610 1007 1661 praerogativam
1042 1610 1173 1648 habet.
1241 1612 1373 1660 Atque
1407 1610 1483 1648 hoc
1515 1623 1572 1648 so-

182 1673 277 1703 nant
298 1665 381 1703 eius
402 1664 530 1711 verba,
553 1678 676 1714 quum
697 1666 772 1704 ait:
804 1665 969 1714 Accipile
999 1669 1036 1701 et
1062 1665 1286 1702 manducate
1318 1665 1448 1713 (Matt.
1471 1663 1569 1702 xxvi.

185 1719 262 1769 29).
321 1721 463 1768 Neque
493 1718 598 1757 enim
629 1726 671 1756 ut
701 1720 909 1757 offeramus
938 1732 1080 1768 corpus
1111 1731 1236 1765 suurn,
1260 1719 1329 1756 sed
1355 1725 1507 1756 tanturn
1529 1725 1571 1756 ut

182 1786 228 1811 eo
249 1786 462 1819 vescamur,
486 1772 563 1810 illic
584 1772 781 1822 praecipit.

232 1828 293 1864 Μ.
327 1828 407 1866 Cur
426 1826 584 1865 duobus
603 1826 749 1864 utimur
768 1827 916 1876 signis?

234 1882 280 1918 Ρ.
314 1881 362 1917 In
394 1893 442 1918 eo
477 1880 674 1918 Dominus
713 1879 927 1917 infirmitati
959 1886 1115 1917 nostrae
1144 1879 1352 1926 consuluit,
1384 1891 1465 1928 quo
1496 1891 1568 1916 nos

180 1932 405 1971 familiarius
436 1934 607 1979 doceret,
641 1947 682 1972 se
714 1947 795 1972 non
830 1933 961 1972 cibum
995 1934 1116 1971 modo
1149 1932 1290 1971 animis
1314 1932 1468 1978 nostris,
1499 1932 1569 1970 sed

179 1995 317 2036 potum
339 2000 499 2036 quoque
520 2000 616 2034 esse,
639 2001 689 2026 ne
709 1987 802 2026 alibi
823 2001 942 2037 quam
970 1987 1009 2024 in
1039 2000 1086 2025 eo
1116 1988 1201 2025 solo
1221 1987 1339 2025 ullam
1361 1984 1569 2035 spiritualis

178 2041 279 2079 vitae
300 2048 449 2090 partem
471 2053 717 2089 quaeramus

232 2096 292 2132 Μ.
325 2096 390 2132 An
433 2102 600 2143 utroque
640 2094 696 2132 uti
735 2107 931 2144 peraeque
969 2106 1108 2132 omnes
1146 2094 1297 2142 absque
1336 2092 1567 2142 exceptione

339 2150 355 2178 p

178 2148 374 2240 dsslssnka
407 2202 478 2240 fert
513 2200 657 2241 Christi
693 2201 947 2239 mandatum:
989 2200 1051 2238 cui
1091 2201 1171 2238 ullo
1205 2200 1326 2238 modo
1365 2200 1562 2249 derogare,
1707 2203 1715 2279 j

177 2255 325 2305 aliquid
347 2262 483 2294 contra
503 2256 704 2301 tentando,
728 2267 926 2293 summum
948 2261 1005 2292 est
1025 2254 1144 2291 nefas.

231 2311 291 2347 M.
324 2310 510 2347 Solamne
540 2322 687 2355 eorum,
710 2321 811 2357 quae
841 2307 980 2353 dixisti,
1005 2306 1287 2345 beneficiorum
1317 2305 1563 2356 significatio-

177 2376 267 2401 nem
289 2363 481 2402 habemus
504 2364 543 2400 in
564 2364 712 2409 Coena,
726 2375 777 2399 an
798 2361 874 2399 illic
895 2374 935 2399 re
956 2360 1039 2409 ipsa
1059 2360 1174 2399 nobis
1195 2360 1458 2399 exhibentur?

230 2418 277 2454 Ρ.
311 2418 445 2465 Quum
469 2416 666 2454 Dominus
688 2423 820 2454 noster
840 2414 1020 2454 Christus
1051 2413 1134 2463 ipsa
1160 2414 1208 2452 sit
1227 2413 1379 2460 veritas,
1402 2412 1564 2451 minime

176 2470 342 2508 dubium
360 2477 428 2517 est,
446 2470 541 2519 quin
557 2469 848 2519 promissiones,
866 2481 963 2517 quas
983 2469 1050 2506 dat
1072 2467 1148 2505 illic
1166 2467 1292 2514 nobis,
1314 2467 1429 2506 simul
1446 2465 1562 2506 etiam
