1715 2780
195 101 272 148 656
321 97 635 138 CALVINISM
661 96 719 134 IN
743 93 1159 134 SWITZERLAND,
1184 90 1477 135 HUNGARY,
1520 97 1593 135 319

198 202 452 252 intelligentia
483 200 731 251 quaerendus
762 205 829 236 est.
888 198 1021 246 Quare
1051 208 1229 246 perversa
1259 202 1296 233 et
1327 195 1446 244 impia
1466 206 1595 243 super-

200 257 305 296 stitio
327 265 395 303 est,
419 255 547 306 ipsum
570 253 643 292 sub
664 252 869 292 elementis
891 251 1006 289 huius
1028 249 1167 288 mundi
1188 249 1402 287 includere.

252 312 388 349 XXII.
422 309 604 354 Proinde,
629 306 695 357 qui
717 307 756 344 in
787 304 1030 344 solemnibus
1061 305 1221 344 Coenae
1251 302 1390 349 verbis,
1414 303 1507 340 Hoc
1537 309 1595 340 est

198 378 340 416 corpus
370 377 514 410 meum,
556 362 634 400 Hic
664 369 722 400 est
752 360 909 410 sanguis
939 372 1074 397 meus:
1112 356 1286 408 praecise
1320 356 1522 402 literalem,
1553 362 1595 393 ut

197 421 424 470 loquuntur,
446 430 605 456 sensum
627 422 775 466 urgent,
794 427 861 452 eos
875 421 1063 463 tanquam
1080 419 1351 462 praeposteros
1366 409 1596 460 interpretes

198 474 462 524 repudiamus.
540 472 643 508 Nam
692 476 798 508 extra
845 466 1150 507 controversiam
1197 464 1393 515 ponimus,
1434 465 1597 514 figurate

198 527 430 577 accipienda
450 538 545 571 esse,
569 532 610 562 ut
632 536 716 562 esse
736 521 849 573 panis
869 529 908 560 et
928 520 1063 558 vinum
1085 519 1265 559 dicantur
1285 519 1326 557 id
1352 519 1460 568 quod
1485 517 1597 567 signi-

201 583 331 620 ficant.
391 581 533 630 Neque
562 591 655 616 vero
685 589 832 615 novum
862 577 939 613 hoc
968 583 1035 613 aut
1064 573 1238 612 insolens
1258 572 1381 611 videri
1402 572 1531 618 debet,
1555 579 1597 609 ut

200 649 269 687 per
298 632 581 684 metonymiam
611 633 661 670 ad
692 631 846 680 signum
877 630 1128 668 transferatur
1156 627 1210 666 rei
1230 627 1416 677 figuratae
1436 638 1595 671 nomen,

201 702 324 740 quum
354 687 499 739 passim
530 687 569 725 in
600 684 807 735 Scripturis
834 682 1030 722 eiusmodi
1050 683 1271 720 locutiones
1291 687 1519 719 occurrant:
1559 686 1599 717 et

202 756 274 782 nos
304 742 359 781 sic
388 741 592 792 loquendo
621 739 717 777 nihil
738 737 936 776 afferimus
957 737 1065 786 quod
1086 749 1167 774 non
1187 735 1294 785 apud
1314 732 1599 772 vetustissimos

203 809 382 847 quosque
404 803 441 834 et
462 793 759 845 probatissimos
782 791 985 830 Ecclesiae
1006 789 1213 840 scriptores
1234 795 1367 827 exstet.

257 851 416 889 XXIII.
450 850 570 899 Quod
601 855 733 886 autern
764 845 890 884 carnis
919 857 1012 883 suae
1043 857 1111 882 esu
1142 851 1179 881 et
1204 841 1403 893 sanguinis
1423 840 1598 891 potione,

203 918 304 955 quae
325 904 389 943 hic
411 904 635 954 figurantur,
659 900 839 941 Christus
861 898 1012 937 animas
1033 905 1184 936 nostras
1204 909 1274 947 per
1294 897 1414 935 fidem
1436 894 1600 945 Spiritus

205 958 329 997 sancti
360 958 499 996 virtute
530 956 665 1007 pascit,
698 956 738 993 id
772 967 853 992 non
888 953 1051 1003 perinde
1081 950 1358 1001 accipiendum
1388 949 1500 999 quasi
1534 949 1600 986 fiat

202 1013 334 1063 aliqua
364 1010 605 1051 substantiae
626 1011 687 1047 vel
718 1007 946 1047 commixtio
967 1008 1028 1044 vel
1054 1004 1288 1051 transfusi03
1321 1004 1392 1042 sed
1411 1001 1600 1053 quoniam

204 1081 249 1105 ex
270 1079 386 1105 carne
408 1067 528 1104 semel
550 1064 589 1102 in
612 1063 843 1102 sacrificium
865 1062 997 1099 oblata
1017 1068 1055 1098 et
1076 1057 1318 1109 sanguinein
1338 1056 1601 1107 expiationem

202 1122 326 1159 effuso
347 1120 466 1158 vitam
487 1118 722 1157 hauriamus.

258 1176 408 1213 XXIV.
443 1176 536 1212 Hoc
567 1173 689 1211 modo
720 1184 799 1209 non
824 1177 976 1208 tantum
1007 1169 1194 1206 refutatur
1225 1166 1468 1216 Papistarum
1499 1178 1603 1203 com-

167 1271 170 1275 ,
205 1237 383 1268 mentum
416 1229 466 1267 de
496 1225 956 1265 Transsubstantiatione
990 1223 1060 1261 sed
1095 1234 1222 1259 crassa
1253 1219 1386 1259 omnia
1417 1220 1602 1269 figmenta

204 1291 323 1333 atque
352 1282 482 1320 futiles
512 1281 695 1331 argutiae,
719 1292 821 1329 quae
843 1279 903 1316 vel
933 1275 1090 1315 caelesti
1119 1275 1202 1313 eius
1226 1274 1371 1325 gloriae
1391 1274 1603 1312 detrahunt

207 1339 267 1375 vel
287 1336 437 1375 veritati
460 1337 656 1373 humanae
679 1342 839 1371 naturae
863 1331 992 1369 minus
1013 1337 1104 1368 sunt
1125 1335 1427 1368 consentaneae.
1460 1328 1603 1376 Neque

207 1392 312 1429 enim
345 1391 474 1428 minus
504 1389 720 1427 absurdum
751 1387 983 1431 iudicamus,
1007 1383 1207 1424 Christum
1238 1382 1312 1420 sub
1342 1394 1443 1432 pane
1473 1382 1603 1419 locare

206 1446 267 1483 vel
307 1457 398 1482 cum
439 1456 540 1493 pane
579 1443 763 1491 copulare
803 1452 920 1490 quam
961 1450 1104 1487 panem
1149 1434 1517 1474 transsubstantiare
1565 1434 1604 1471 in

206 1511 348 1548 corpus
369 1498 464 1536 eius.

261 1553 388 1590 XXV.
422 1553 482 1589 Ac
514 1564 562 1588 ne
593 1562 670 1599 qua
698 1547 933 1597 ambiguitas
963 1553 1090 1591 restet,
1123 1557 1246 1594 quum
1277 1545 1316 1581 in
1347 1543 1460 1581 coelo
1489 1554 1605 1592 quae-

208 1607 375 1645 rendum
411 1604 610 1642 Christum
650 1602 831 1648 dicimus,
864 1601 961 1638 haec
995 1598 1141 1638 locutio
1170 1599 1347 1636 locorum
1377 1595 1604 1635 distantiam

207 1660 322 1699 nobis
343 1666 456 1698 sonat
477 1666 514 1696 et
536 1656 725 1708 exprimit.
785 1654 962 1693 Tametsi
983 1652 1087 1691 enim
1109 1650 1382 1702 philosophice
1402 1650 1605 1700 loquendo

208 1727 324 1765 supra
354 1715 486 1752 coelos
511 1714 620 1750 locus
641 1724 722 1749 non
743 1717 801 1748 est
817 1724 826 1757 3
865 1709 956 1759 quia
976 1715 1108 1745 tamen
1129 1718 1271 1756 corpus
1292 1705 1449 1751 Christi,
1472 1711 1514 1742 ut
1534 1704 1605 1742 fert

209 1767 372 1807 humani
393 1766 566 1817 corporis
588 1772 725 1803 natura
746 1771 783 1802 et
805 1764 958 1808 modus,
982 1760 1135 1799 finitum
1158 1768 1215 1798 est
1237 1767 1276 1797 et
1296 1759 1420 1805 coelo,
1442 1765 1484 1796 ut
1503 1759 1602 1804 loco,

208 1823 443 1868 continetur,
461 1832 623 1858 necesse
644 1826 703 1857 est
722 1831 745 1856 a
765 1817 880 1856 nobis
902 1823 1010 1854 tanto
1030 1816 1206 1853 locorum
1229 1813 1432 1852 intervallo
1449 1811 1602 1857 distare,

208 1883 357 1926 quanto
378 1876 532 1913 coelum
553 1873 664 1911 abest
684 1886 707 1910 a
727 1879 838 1910 terra.

262 1930 412 1967 XXVI.
446 1928 567 1976 Quod
598 1928 627 1964 si
658 1924 936 1975 imaginatione
965 1930 1097 1961 nostra
1124 1921 1324 1961 Christum
1344 1920 1436 1970 pani
1456 1926 1495 1958 et
1514 1918 1606 1957 vino

209 1983 365 2032 affigere
394 1983 450 2019 fas
480 1994 561 2019 non
592 1988 661 2026 est,
686 1980 809 2017 multo
840 1979 969 2016 minus
998 1976 1089 2014 licet
1116 1988 1207 2013 eum
1237 1974 1276 2012 in
1300 1986 1402 2024 pane
1430 1973 1603 2012 adorare.

211 2037 450 2086 Quanquam
490 2036 595 2072 enim
630 2032 742 2083 panis
781 2033 821 2069 in
855 2031 1078 2081 symbolum
1112 2037 1150 2067 et
1184 2028 1324 2078 pignus
1356 2026 1450 2073 eius,
1487 2039 1604 2076 quam

210 2091 403 2129 habemus
438 2102 528 2127 cum
565 2088 734 2132 Christo,
771 2083 1064 2123 communionis
1098 2082 1213 2121 nobis
1247 2080 1477 2132 porrigitur;
1515 2078 1606 2130 quia

210 2152 345 2183 tamen
374 2143 527 2193 signum
558 2148 628 2188 est,
650 2153 731 2178 non
762 2152 821 2177 res
856 2138 949 2188 ipsa,
987 2149 1117 2187 neque
1151 2149 1232 2175 rem
1263 2135 1305 2173 in
1338 2147 1380 2173 se
1413 2133 1604 2172 inclusam

211 2199 330 2236 habet
359 2205 426 2235 aut
455 2196 619 2241 affixam,
642 2194 794 2232 idolum
825 2205 871 2230 ex
901 2204 949 2230 eo
970 2192 1131 2238 faciunt,
1151 2189 1219 2240 qui
1240 2196 1414 2228 mentem
1435 2200 1545 2226 suam
1566 2187 1604 2224 in

212 2265 303 2291 eum
325 2257 569 2296 convertunt,
594 2247 795 2288 Christum
816 2244 1025 2284 adoraturi.

329 2337 420 2383 No.
445 2348 550 2390 320.
594 2335 701 2379 The
735 2332 1001 2378 Confessio
1035 2330 1358 2384 czengerina‚
1379 2338 1501 2382 1557.

266 2414 284 2461 {x
308 2424 340 2460 7.
371 2413 435 2449 De
464 2406 1073 2450 sacramentariis.—Reiicimus
1103 2414 1141 2444 et
1167 2418 1302 2444 eorum
1323 2403 1515 2450 delirium,
1538 2401 1604 2452 qui

213 2466 391 2506 Coenam
426 2463 588 2503 Domini
608 2475 775 2502 vacuum
806 2461 971 2511 signum,
995 2461 1055 2498 vel
1077 2459 1221 2499 Christi
1250 2457 1423 2497 absentis
1451 2463 1602 2495 tanturn
