1715 2780
173 104 246 141 312
572 91 691 129 THE
732 89 1055 129 EXTENSION
1097 89 1167 127 OF
1493 90 1568 127 126

231 197 331 234 Item
347 197 407 234 lex
421 202 478 233 est
492 196 656 244 antiqua
673 196 886 233 instaurata
903 207 924 232 a
942 193 1161 240 Clemente,
1180 206 1230 232 ne
1247 192 1313 231 filii
1330 192 1570 243 presbytero-

176 263 262 288 rum
289 250 461 288 habeant
489 256 697 299 parentum
722 249 974 295 beneficium,
1006 261 1057 286 ne
1086 246 1234 286 scilicet
1262 260 1322 285 res
1345 247 1569 286 communis

175 305 252 342 hoc
274 304 396 342 modo
417 304 483 342 fiat
503 303 675 353 privata:
707 303 956 352 dispensatur
981 309 1113 340 tamen
1134 300 1194 352 (ut
1213 300 1414 351 audimus)
1434 300 1475 339 in
1494 301 1568 339 hac

175 359 399 396 veneranda
425 359 521 408 lege.
581 358 794 395 Noluimus
828 364 968 404 tacere,
1001 355 1042 394 id
1062 356 1171 405 quod
1204 355 1449 393 verissimum
1482 368 1567 394 esse

175 411 302 462 quivis
332 413 505 461 prudens
535 424 603 461 per
624 424 664 449 se
686 410 926 457 iudicaverit,
948 411 1098 447 nullam
1124 422 1207 448 rem
1231 408 1354 458 magis
1375 409 1567 447 conflasse

172 465 361 504 invidiam
382 464 542 511 clericis,
560 465 666 503 unde
686 472 744 503 tot
765 464 978 502 seditiones
993 470 1085 502 sunt
1104 471 1212 502 ortae
1233 470 1271 502 et
1290 462 1389 503 aliae
1408 462 1566 510 instant,

174 533 293 570 quam
324 520 426 557 hanc
455 518 699 557 aversionem
722 519 1025 557 commodorum
1047 525 1085 556 et
1105 525 1365 567 proventuum
1388 516 1567 556 ecelesia-

174 575 361 612 sticorum
382 587 404 611 a
425 574 626 611 communi
657 574 708 611 ad
737 586 819 610 rem
844 573 1053 622 privatam:
1085 573 1253 610 antehac
1282 584 1421 610 omnes
1441 584 1567 621 spera-

173 628 282 672 bant,
311 640 417 665 nunc
447 627 488 665 in
517 626 833 677 desperationem
864 626 1027 665 adducti
1066 633 1213 664 acuunt
1241 626 1393 676 linguas
1431 633 1568 663 contra

173 683 276 720 hanc
297 682 444 720 sedem.

227 735 285 785 (6)
317 735 429 773 Alius
458 735 605 774 abusus
635 742 693 774 est
713 735 753 773 in
774 733 1025 785 expectativis
1047 742 1084 773 et
1104 733 1431 772 reservationibus
1450 733 1568 772 bene-

174 789 364 837 ficiorum,
414 796 452 828 et
499 790 613 827 datur
649 790 805 827 occasio
843 797 885 827 ut
923 788 1050 827 aliena
1097 801 1202 826 mors
1249 787 1492 827 desideretur
1529 794 1568 826 et

173 844 341 883 libenter
387 843 578 882 audiatur.
656 844 921 882 Praecludunt
975 842 1090 880 etiam
1140 841 1290 880 aditum
1339 854 1566 891 supremum

174 897 418 948 dignioribus
452 910 543 935 curn
582 904 732 944 vacant,
773 898 868 936 dant
906 897 1039 934 litibus
1078 909 1247 934 causam.
1307 896 1459 935 Omnes
1497 897 1567 933 has

174 960 358 1003 putamus
378 953 572 990 tollendas
593 965 688 990 esse.

229 1006 289 1055 (7)
322 1006 482 1044 Abusus
520 1007 627 1044 alius·
658 1014 715 1043 est
753 1006 894 1044 eadem
942 1003 1155 1043 calliditate
1198 1003 1391 1042 inventus.
1462 1004 1566 1042 Nam

175 1061 372 1110 quaedam
411 1059 605 1098 beneficia
640 1058 951 1108 incompatibilia
985 1058 1067 1097 iure
1106 1065 1196 1096 sunt
1229 1065 1268 1096 et
1311 1058 1566 1108 appellantur,

175 1127 276 1164 quae
297 1127 342 1152 ex
358 1113 442 1163 ipsa
461 1113 497 1151 vi
519 1113 690 1151 nominis
707 1113 872 1152 maiores
893 1112 1015 1151 nostri
1034 1113 1250 1151 admonere
1269 1124 1342 1150 nos
1361 1113 1568 1150 voluerunt

175 1181 255 1206 non
277 1168 411 1206 deberi
433 1167 500 1205 uni
522 1167 688 1206 conferri
707 1183 713 1204 z
746 1180 851 1205 nunc
872 1166 911 1205 in
942 1166 1001 1205 his
1031 1167 1290 1216 dispensatur,
1310 1178 1394 1204 non
1414 1172 1567 1204 tantum

175 1222 332 1260 duobus
372 1222 441 1260 sed
480 1221 680 1271 pluribus:
712 1229 759 1268 et,
801 1222 909 1270 quod
940 1221 1051 1270 peius
1084 1228 1154 1268 est,
1189 1221 1230 1258 in
1261 1220 1568 1270 episcopatibus.

176 1277 300 1313 Hunc
334 1288 495 1321 morem,
530 1276 595 1325 qui
628 1275 680 1314 ob
711 1274 911 1313 avaritiam
945 1281 1099 1312 tantum
1138 1273 1310 1320 invaluit,
1347 1274 1567 1312 tollendum

175 1329 368 1374 ducimus,
401 1329 628 1378 praesertim
670 1329 709 1367 in
751 1328 1054 1378 episcopatibus.
1124 1327 1233 1377 Quid
1270 1329 1322 1366 de
1351 1327 1567 1366 unionibus

174 1382 459 1421 beneficiorum
480 1383 530 1421 ad
543 1384 662 1420 vitam
685 1382 811 1429 unius,
830 1395 880 1420 ne
900 1382 1048 1420 scilicet
1061 1382 1192 1420 obstet
1205 1381 1270 1419 illa
1285 1380 1566 1420 beneficiorum

174 1436 373 1486 pluralitas
403 1437 452 1474 ad
483 1436 699 1475 obtinenda
728 1435 1049 1486 incompatibilia,
1080 1448 1215 1474 nonne
1243 1443 1301 1474 est
1332 1448 1437 1474 mera
1464 1436 1567 1473 fraus

174 1490 268 1540 legis
285 1492 301 1528 Ρ

231 1543 290 1594 (8)
320 1545 432 1582 Alius
452 1544 569 1583 etiam
589 1545 736 1582 abusus
757 1544 929 1591 invaluit,
953 1551 994 1582 ut
1015 1542 1347 1582 reverendissimis
1367 1542 1568 1581 cardinali-

176 1599 250 1637 bus
282 1598 532 1648 episcopatus
571 1599 821 1637 conferantur
859 1611 927 1637 seu
965 1598 1306 1645 commendentur,
1346 1610 1427 1635 non
1465 1610 1567 1635 unus

175 1660 329 1690 tantum
360 1653 430 1690 sed
459 1654 613 1701 plures:
654 1665 784 1702 quem,
817 1660 926 1701 pater
954 1651 1191 1698 beatissime,
1222 1658 1406 1701 putamus
1436 1650 1568 1700 magni

175 1719 259 1744 esse
289 1705 479 1744 momenti
509 1706 548 1744 in
579 1706 743 1744 ecclesia
774 1705 859 1745 Dei.
920 1706 1052 1744 Primo
1083 1705 1245 1755 quidem
1274 1704 1366 1755 quia
1394 1705 1567 1744 officium

175 1761 437 1798 cardinalatus
466 1768 504 1798 et
536 1760 708 1798 officium
742 1759 916 1810 episcopi
951 1758 1261 1809 incompatibilia
1291 1767 1393 1797 sunt.
1463 1760 1566 1797 Nam

176 1813 383 1852 cardinalis
405 1821 462 1851 est
482 1815 660 1853 assistere
690 1813 884 1852 sanctitati
906 1821 996 1852 tuae
1016 1813 1055 1851 in
1075 1813 1332 1863 gubernanda
1360 1812 1568 1851 universali

177 1867 363 1905 ecclesia:
395 1867 566 1905 officium
597 1875 728 1906 autem
759 1867 934 1917 episcopi
964 1876 1021 1905 est
1051 1880 1209 1916 pascere
1237 1879 1394 1916 gregem
1428 1879 1566 1904 suum:

176 1922 284 1970 quod
306 1929 500 1970 praestare
521 1921 623 1960 bene
643 1930 681 1960 et
703 1929 744 1959 ut
764 1922 883 1960 debet
910 1923 1015 1960 haud
1040 1929 1181 1971 potest,
1202 1920 1276 1959 nisi
1306 1920 1456 1960 habitet
1476 1933 1566 1958 cum

177 1974 316 2012 ovibus
338 1974 426 2021 suis,
451 1982 492 2011 ut
513 1983 645 2024 pastor
665 1989 754 2013 cum
775 1989 901 2025 grege.

231 2030 445 2074 Praeterea,
479 2036 587 2077 pater
621 2038 765 2076 sancte,
800 2030 862 2066 hic
901 2042 994 2067 usus
1026 2028 1193 2066 maxime
1227 2029 1339 2066 obest
1373 2030 1565 2078 exemplo.

178 2082 395 2130 Quomodo
422 2095 593 2131 namque
623 2084 719 2120 haec
746 2089 880 2120 sancta
906 2083 1020 2120 sedes
1049 2081 1191 2131 poterit
1213 2081 1376 2131 dirigere
1397 2089 1434 2120 et
1455 2083 1568 2120 corri-

175 2149 265 2185 gere
295 2135 460 2173 aliorum
494 2136 652 2182 abusus,
685 2136 714 2173 si
751 2136 787 2173 in
828 2135 1045 2185 praecipuis
1085 2135 1163 2173 suis
1202 2135 1387 2173 membris
1420 2136 1566 2174 abusus

176 2191 418 2227 tolerentur?
485 2190 570 2227 Nec
609 2190 660 2227 ob
700 2189 739 2227 id
779 2190 887 2238 quod
925 2189 1141 2227 cardinales
1175 2189 1262 2237 sint,
1298 2196 1480 2238 putamus
1512 2189 1567 2228 eis

177 2243 299 2293 magis
318 2242 435 2281 licere
455 2242 669 2292 transgredi
687 2244 824 2292 legem,
847 2244 927 2281 imo
947 2244 1062 2292 longe
1084 2242 1222 2281 minus.
1281 2244 1438 2281 Horum
1459 2244 1564 2282 enim

177 2297 254 2334 vita
286 2296 405 2335 debet
439 2309 524 2335 esse
556 2296 640 2334 aliis
672 2297 759 2336 lex:
802 2309 874 2334 nec
914 2296 1092 2335 imitandi
1131 2304 1221 2335 sunt
1262 2296 1458 2335 Pharisaei
1496 2297 1564 2346 qui

178 2351 313 2389 dicunt
348 2359 384 2388 et
417 2364 497 2389 non
532 2350 703 2389 faciunt:
743 2352 812 2388 sed
843 2350 1021 2389 Christus
1056 2352 1222 2388 salvator
1255 2358 1386 2389 noster
1419 2350 1565 2400 incepit

178 2406 304 2442 facere
334 2412 370 2442 et
402 2412 536 2453 postea
566 2406 719 2442 docere.
777 2404 959 2453 Amplius
980 2405 1043 2442 hic
1064 2418 1155 2442 usus
1177 2412 1292 2442 nocet
1313 2404 1353 2442 in
1372 2406 1566 2442 consulta-

178 2458 351 2496 tionibus
382 2459 594 2506 ccclesiae3
623 2472 714 2496 nam
745 2459 841 2497 haec
871 2458 1025 2496 licentia
1050 2459 1268 2496 fomentum
1293 2466 1350 2496 est
1369 2457 1562 2496 avaritiae.
