1715 2780
170 97 240 132 192
425 82 545 119 THE
587 77 1021 119 ORGANIZATION
1063 77 1134 115 OF
1171 77 1290 114 THE
1502 84 1558 121 93

166 187 236 225 sed
275 185 384 223 illum
426 197 472 223 ex
513 184 621 222 terris
658 182 731 220 illis
776 181 1066 221 exturbandum
1086 194 1093 218 :
1142 177 1468 229 quandoquidem
1511 190 1560 216 eo

167 241 333 280 durante
357 240 505 277 nullam
531 250 707 288 unquam
735 248 872 286 pacem
895 236 955 274 vel
981 232 1237 272 concordiam
1263 233 1416 270 firmam
1442 230 1562 270 fuisse

168 296 418 343 futuramque
444 305 529 331 esse
559 291 599 329 in
625 298 825 341 posterum
853 288 944 328 satis
970 288 1238 338 experimento
1259 292 1466 332 constaret,
1489 284 1563 324 dis-

168 348 317 387 crimen
330 360 422 386 vero
438 358 651 385 commune
663 358 753 383 curn
770 357 890 394 regno
904 341 1103 393 Ungariae
1117 342 1297 380 suaderet
1309 340 1563 379 concordiam

169 403 487 453 qualemcunque
507 399 728 438 faciendam
751 406 788 436 et
807 411 915 435 arma
937 396 978 434 in
997 398 1149 434 Turcos
1168 395 1446 441 convertenda,
1468 391 1566 431 nihil

170 455 381 507 optabilius
403 462 440 493 et
462 453 583 504 magis
608 466 654 491 ex
673 466 746 491 usu
766 453 945 490 accidere
964 451 1140 500 potuisse
1160 462 1279 500 quam
1300 455 1339 487 et
1359 448 1564 494 Ordinem,

171 523 252 549 non
282 509 411 547 minus
441 521 559 558 quam
589 506 684 545 olim
713 504 959 556 Templarios
988 503 1160 551 noxium,
1191 517 1214 541 a
1242 503 1454 552 semetipso
1484 500 1567 539 sine

171 565 314 602 bellico
330 562 491 612 strepitu
505 561 664 608 destrui,
682 567 719 599 et
734 573 884 610 pacem,
901 558 954 597 rei
968 557 1214 598 Christianae
1226 555 1568 608 pernecessariam,

173 616 327 664 confici,
350 618 426 655 hoc
446 629 527 654 uno
547 615 748 654 turbarum
770 613 906 652 fomite
927 627 948 651 e
968 611 1102 650 medio
1126 612 1292 658 sublato,
1314 623 1444 660 neque
1468 611 1570 647 Pon-

173 672 319 710 tificem
335 684 464 720 neque
479 671 688 710 Caesarem
701 675 768 706 aut
784 669 985 706 nationem
1000 665 1278 705 Germanicam
1290 665 1411 702 ullam
1426 663 1569 702 iustam

175 739 333 765 causam
348 726 533 763 adversus
548 724 720 762 Polonos
736 722 953 772 quidquam
966 721 1110 771 agendi
1126 719 1340 766 habituros,
1353 731 1445 756 cum
1459 717 1570 757 Ordo

175 781 205 818 is
235 787 337 818 esset
364 778 431 829 qui
461 779 582 816 modo
611 776 871 823 Pontificiam,
895 776 1016 814 modo
1042 774 1276 814 Caesaream
1305 779 1373 810 aut
1402 770 1572 810 nationis

177 832 437 873 Germanicae
460 831 733 870 auctoritatem
761 838 799 869 et
826 830 884 867 ius
912 829 1179 879 praetexendo
1199 834 1237 866 et
1266 827 1421 865 interim
1452 832 1570 864 terras

179 887 307 938 Regni
338 885 526 924 Poloniae
557 884 808 924 hereditarias
838 884 1084 933 occupando,
1112 883 1215 919 hanc
1244 893 1405 919 omnem
1436 880 1574 919 Cama-

177 942 301 980 rinam
324 954 481 979 movere
502 939 779 978 consuevisset.
839 938 960 986 Quod
985 936 1016 975 si
1041 935 1209 974 maxime
1229 934 1368 973 liberet
1387 933 1572 983 cuiquam

180 997 352 1034 Polonos
373 1007 460 1033 eam
481 994 533 1032 ob
554 1007 635 1031 rem
658 992 857 1042 impetere,
877 991 978 1038 illos,
992 989 1049 1028 uti
1070 991 1259 1028 hactenus
1279 989 1467 1034 fecerunt,
1485 1000 1574 1025 con—

180 1058 327 1088 stanter
352 1062 397 1086 ac
424 1047 618 1097 intrepide
644 1046 830 1085 iustitiam
855 1059 900 1084 ac
927 1045 1184 1083 hereditatem
1213 1056 1324 1081 suam
1345 1043 1575 1081 defensuros

180 1118 275 1143 esse.

236 1157 356 1206 Quod
377 1164 509 1194 autem
533 1156 583 1194 ad
610 1154 839 1204 religionem
859 1152 1008 1200 attinet,
1032 1151 1293 1202 significatum
1319 1150 1398 1188 iam
1423 1149 1575 1199 pridem

183 1211 300 1250 fuisse
330 1212 495 1249 Summo
521 1209 703 1247 Pontifici
726 1207 1073 1246 Lutheranismum
1096 1206 1204 1256 apud
1230 1204 1358 1254 ipsum
1384 1204 1576 1243 Ordinem

182 1272 486 1310 sacrosanctum,
506 1265 729 1301 Romanam
744 1275 835 1300 vero
859 1260 1065 1300 ecclesiam
1085 1258 1365 1311 exsecrabilem
1386 1270 1481 1304 esse,
1502 1257 1579 1306 ple-

184 1331 325 1368 rosque
341 1318 695 1364 commendatores,
712 1329 811 1366 quos
827 1322 982 1360 vocant,
996 1322 1034 1352 et
1050 1312 1246 1352 sacrificos
1267 1312 1426 1358 nubere,
1444 1309 1580 1348 altaria

183 1381 222 1411 et
235 1372 423 1422 imagines
438 1370 660 1417 demolitas,
673 1370 915 1408 ceremonias
929 1375 967 1407 et
982 1367 1077 1406 ritus
1090 1365 1376 1405 ecclesiasticos
1390 1365 1578 1410 sublatOS,

185 1440 292 1465 sacra
313 1427 446 1463 omnia
467 1426 679 1474 profanata,
703 1425 880 1472 haecque
900 1435 981 1460 non
1006 1422 1128 1460 modo
1147 1433 1229 1458 non
1248 1419 1521 1458 animadversa
1541 1423 1580 1456 et

186 1487 359 1519 correcta
383 1492 467 1517 esse
494 1492 561 1528 per
581 1479 664 1516 eius
692 1476 916 1516 Sanctitatis
939 1482 1006 1514 aut
1030 1474 1266 1515 Caesaream
1293 1471 1577 1518 auctoritatem,

187 1535 256 1573 sed
277 1533 395 1572 etiam
415 1533 466 1571 ab
487 1540 651 1582 utraque
670 1533 861 1569 hactenus
885 1529 1078 1569 Ordinem
1104 1528 1233 1578 ipsum
1259 1528 1467 1566 adversum
1494 1537 1578 1571 nos,

187 1587 276 1627 Sedi
296 1588 548 1637 Apostolicae
566 1587 666 1624 fidos
683 1593 721 1624 et
737 1585 1002 1634 obsequentes
1019 1582 1287 1631 continueque
1302 1594 1394 1619 cum
1411 1577 1583 1618 Infideli-

189 1643 261 1681 bus
282 1642 539 1688 decertantes,
558 1641 683 1678 fotum
705 1651 790 1677 esse
810 1646 848 1677 et
868 1637 1058 1677 adiutum.
1118 1637 1261 1685 Neque
1281 1632 1580 1673 Serenissimum

191 1698 341 1745 Regem
385 1708 514 1744 neque
553 1695 675 1731 ullum
720 1694 915 1731 Polonum
955 1689 1206 1730 occasionem
1244 1688 1412 1735 dedisse,
1452 1697 1583 1736 neque

189 1749 405 1788 etiamnum
434 1749 526 1786 dare
557 1747 696 1786 Ordini
726 1745 922 1796 religionis
952 1744 1207 1790 abiiciendae‚
1237 1755 1352 1780 suum
1380 1742 1583 1780 dumtaxat

190 1803 248 1841 ius
269 1803 318 1840 ab
340 1802 406 1840 illo
427 1802 589 1851 exigere,
613 1801 704 1838 satis
725 1813 809 1838 esse
829 1813 992 1850 regnum
1013 1806 1051 1837 et
1071 1796 1248 1836 dominia
1267 1795 1375 1846 regni
1396 1792 1584 1833 Poloniae

190 1856 240 1895 ab
263 1857 335 1893 hac
360 1863 469 1904 peste
490 1854 670 1900 heretica,
695 1855 771 1891 iam
792 1853 940 1903 ubique
967 1852 1007 1889 in
1026 1850 1168 1890 vicinia
1191 1856 1402 1900 grassante,
1422 1847 1521 1886 tueri
1547 1853 1585 1885 et

193 1922 433 1948 conservare.
493 1910 554 1945 De
575 1907 658 1945 aliis
674 1906 842 1945 viderint
863 1906 928 1953 illi,
943 1907 993 1944 ad
1015 1918 1114 1954 quos
1136 1903 1257 1953 magis
1277 1902 1455 1952 pertinet.
1474 1932 1481 1939 .
1500 1932 1507 1939 .
1528 1931 1534 1937 .

247 1965 282 2001 T
285 1962 410 2001 alibus
446 1961 626 2010 utrinque
661 1960 876 1998 rationibus
911 1967 993 1998 tota
1022 1960 1142 1997 ferme
1178 1955 1488 2006 Quadragesima
1518 1967 1586 2005 per

194 2024 373 2056 senatum
394 2023 570 2054 nostrum
587 2013 867 2063 ...disputatis‚
889 2019 1129 2051 conventum
1146 2018 1203 2049 est
1224 2011 1406 2049 tandem:
1437 2009 1584 2047 nullam

195 2083 370 2120 unquam
394 2082 531 2119 pacem
553 2075 618 2106 aut
639 2067 817 2105 inducias
839 2068 968 2104 firmas
988 2079 1078 2104 cum
1101 2065 1250 2104 Ordine
1271 2063 1389 2101 fuisse
1414 2063 1585 2101 necdum

197 2124 276 2163 fieri
306 2136 432 2174 posse,
465 2121 709 2172 proindeque
738 2134 840 2167 cum,
873 2128 1048 2169 tempore
1080 2119 1134 2156 sic
1164 2119 1322 2164 ferente,
1353 2130 1375 2155 a
1404 2129 1474 2155 sua
1502 2128 1587 2166 pro-

196 2177 366 2217 fessione
390 2175 634 2222 descisceret,
661 2181 699 2212 et
724 2175 828 2212 bona
854 2173 975 2223 ipsius
1002 2172 1135 2221 inique
1158 2170 1305 2220 alioqui
1325 2176 1517 2220 occupata
1535 2169 1587 2207 ad

200 2231 447 2271 Maiestatem
470 2229 625 2280 regiam,
643 2227 699 2266 uti
720 2226 997 2266 hereditarium
1020 2224 1238 2272 dominum,
1257 2224 1339 2262 iure
1355 2223 1584 2269 reciderent,

198 2299 268 2337 pro
289 2285 432 2336 quibus
459 2284 498 2321 in
519 2292 628 2322 tanto
648 2281 885 2333 reipublicae
906 2279 1152 2320 Christianae
1175 2277 1400 2317 discrimine
1426 2276 1586 2315 noxium

199 2341 296 2379 foret
325 2340 470 2378 bellum
499 2337 688 2376 excitare:
725 2335 1016 2380 concederetur,
1040 2333 1148 2383 quod
1178 2331 1364 2383 Magister
1384 2339 1421 2370 et
1443 2342 1586 2371 omnes

200 2392 347 2432 subditi
373 2392 493 2443 ipsius
519 2392 771 2441 postularent.

259 2449 318 2485 De
344 2446 529 2497 religione
550 2458 640 2484 vero
666 2443 877 2483 reficienda
897 2455 986 2481 cum
1012 2440 1213 2479 universae
1239 2438 1474 2479 Germaniae
1500 2450 1590 2476 con-
