1715 2780
156 105 204 139 42
661 91 909 137 MILTITZ,
947 102 1047 140 1519
1508 98 1552 126 21

156 208 209 245 up
229 201 411 244 amongst
432 195 497 232 the
518 195 659 244 people
680 194 846 231 towards
867 193 933 231 the
955 193 1116 232 Church
1133 193 1176 230 of
1194 193 1333 230 Rome.
1375 190 1549 240 Thirdly‚

160 251 177 286 I
201 262 276 287 was
297 249 415 298 ready
431 254 472 286 to
492 247 595 285 issue
611 260 634 285 a
647 247 787 297 paper¹
809 245 1013 296 exhorting
1029 259 1143 295 every
1163 258 1255 283 man
1275 252 1316 283 to
1336 246 1465 283 follow
1485 246 1552 282 the

156 303 319 342 Church
347 303 392 340 of
417 304 547 340 Rome
576 301 667 339 with
697 300 916 339 obedience
944 301 1025 338 and
1053 306 1217 349 respect,
1246 300 1326 337 and
1356 312 1419 348 my
1448 299 1554 336 work

157 357 298 395 should
322 356 370 395 be
390 356 635 394 understood
656 362 725 394 not
745 363 785 392 to
812 355 879 392 the
909 353 1130 401 detriment,
1154 353 1225 391 but
1244 360 1286 391 to
1311 353 1378 391 the
1398 353 1554 390 honour

157 412 202 449 of
217 411 284 449 the
305 412 464 448 Roman
486 410 646 449 Church
661 424 671 457 3
700 410 782 447 also
804 416 844 446 to
871 409 1027 446 confess
1048 408 1132 445 that
1154 408 1172 445 I
1195 407 1273 445 had
1296 406 1466 456 brought
1486 407 1554 444 the

157 465 262 502 truth
284 465 447 503 forward
468 471 535 502 too
556 464 763 512 zealously,
783 463 863 501 and
883 463 1050 512 perhaps
1072 469 1140 500 out
1161 462 1205 499 of
1221 474 1371 499 season.

219 607 308 650 No.
333 619 402 649 22.
465 606 696 649 Luther’s
726 606 942 648 account
971 606 1026 647 to
1057 603 1292 658 Staupitz
1321 603 1377 646 of
1402 603 1490 646 the

516 664 790 707 interview
820 663 951 706 with
982 662 1175 706 Miltitz.

213 753 378 791 Carolus
396 751 578 789 Miltitius
594 763 656 789 me
670 750 764 788 vidit
779 748 1022 799 Altenburgi‚
1037 754 1278 798 conquestus
1295 748 1403 797 quod
1417 747 1554 785 orbem

159 813 285 844 totum
307 807 403 843 mihi
424 804 694 843 coniunxerim
721 811 759 842 et
788 805 917 853 Papae
940 803 1216 841 abstraxerim:
1248 803 1491 851 exploratum
1513 813 1554 838 se

159 860 304 898 habere
333 872 401 909 per
431 860 600 909 hospitia
629 865 771 896 cuncta
801 858 909 907 quod
939 858 1038 895 inter
1067 857 1243 906 quinque
1272 856 1453 894 homines
1477 862 1553 893 tres

159 922 225 952 aut
245 915 326 952 duo
346 913 407 951 vix
431 915 637 951 Romanae
657 911 754 962 parti
776 912 971 950 faverent:
1001 910 1073 948 fuit
1099 917 1270 948 armatus
1294 921 1341 958 70
1363 909 1554 947 Brevibus

159 967 396 1018 apostolicis,
421 967 459 1005 in
480 968 556 1005 hoc
577 965 778 1016 negotium
800 973 841 1003 ut
862 978 926 1004 me
946 972 1105 1014 captum
1121 965 1352 1014 perduceret
1372 964 1412 1001 in
1431 961 1556 1001 homi-

160 1023 289 1060 cidam
331 1023 556 1068 Ierusalem,
597 1027 850 1070 purpuratam
888 1019 994 1056 illam
1039 1019 1296 1068 Babylonem,
1337 1024 1380 1055 ut
1419 1023 1556 1066 postea

161 1089 206 1114 ex
222 1077 310 1113 aula
325 1075 516 1125 Principis
537 1075 683 1124 accepi.
727 1074 848 1122 Quod
865 1073 1040 1111 studium
1061 1085 1152 1110 cum
1170 1072 1420 1122 desperatum
1438 1077 1550 1116 esset,

161 1131 292 1179 coepit
307 1142 421 1179 agere
436 1138 477 1167 ut
493 1131 698 1167 Romanae
708 1127 910 1165 Ecclesiae
924 1126 1167 1165 restituerem
1183 1126 1293 1176 quod
1305 1125 1552 1164 abstulissem

161 1191 199 1222 et
220 1196 454 1222 revocarem.

218 1239 321 1277 Cum
341 1245 473 1276 autem
494 1244 667 1286 peterem
689 1243 731 1273 ut
751 1236 911 1274 doceret
932 1234 1164 1281 revocanda,
1186 1233 1347 1272 tandem
1376 1232 1557 1271 conveni-

163 1305 249 1329 mus
276 1299 318 1329 ut
348 1292 544 1342 episcopis
571 1290 720 1340 aliquot
747 1302 864 1328 causa
889 1289 1221 1327 committeretur:
1253 1300 1326 1337 ego
1355 1286 1555 1325 nominavi

163 1345 516 1395 Archiepiscopum
567 1344 918 1394 5111211111861156111,2
965 1341 1264 1381 Trevirensem3
1298 1348 1355 1380 ·et
1393 1342 1425 1378 F
1428 1339 1559 1379 reisin-

162 1401 374 1449 gensem⁴z
404 1407 522 1449 atque
543 1397 693 1448 vesperi
720 1411 784 1436 me
813 1404 977 1447 accepto
998 1395 1179 1435 convivio
1206 1394 1336 1434 laetati
1364 1407 1498 1432 sumus
1520 1400 1557 1432 et

163 1455 299 1492 osculo
340 1455 432 1491 mihi
474 1454 566 1491 dato
598 1452 872 1490 discessimus:
918 1464 991 1501 ego
1030 1451 1085 1488 sic
1120 1462 1182 1488 me
1208 1450 1308 1499 gessi
1341 1449 1452 1498 quasi
1487 1449 1557 1485 has

165 1508 354 1546 Italitates
379 1515 415 1545 et
438 1506 706 1545 simulationes
731 1519 811 1544 non
833 1505 1100 1554 intelligerem.
1159 1502 1377 1542 Tetzelium
1399 1514 1558 1552 quoque

164 1561 316 1599 vocavit
344 1569 381 1600 et
408 1560 644 1610 increpavit:
676 1561 836 1599 tandem
870 1558 1026 1609 Lipsiae
1053 1571 1143 1596 eum
1171 1556 1351 1604 convicit,
1375 1557 1484 1606 quod
1509 1569 1558 1605 90

165 1617 334 1653 florenos
361 1628 431 1665 pro
452 1628 523 1653 suo
545 1613 742 1664 stipendio
769 1621 971 1652 menstruo
999 1626 1076 1650 una
1096 1625 1187 1650 cum
1211 1611 1334 1650 tribus
1361 1609 1558 1660 equitibus

166 1677 202 1707 et
232 1683 345 1707 curru
378 1669 507 1707 liberis
543 1676 580 1706 et
611 1669 785 1718 gratuitis
817 1666 998 1717 expensis
1033 1665 1224 1704 habuerit.
1284 1667 1450 1714 Iamque
1480 1664 1558 1702 dis-

165 1723 290 1772 paruit
330 1724 435 1761 idem
470 1722 676 1769 Tetzelius‚
712 1721 870 1760 nemine
904 1720 1065 1759 conscio
1104 1733 1183 1770 quo
1222 1717 1452 1769 pervenerit,
1486 1716 1560 1755 nisi

165 1777 338 1826 patribus
369 1778 448 1815 suis
479 1778 588 1815 forte.
612 1807 618 1814 .
646 1806 679 1814 ..

295 1913 386 1955 No.
410 1924 480 1965 23.
542 1912 775 1955 Luther's
807 1911 1120 1955 submission
1150 1913 1203 1954 to
1235 1911 1337 1953 Leo
1368 1909 1434 1952 X.

223 1998 453 2038 Beatissimo
471 2000 594 2044 Pater,
610 1996 713 2046 cogit
730 1996 869 2035 iterum
884 1996 1094 2035 necessitas
1111 2003 1152 2034 ut
1166 2009 1238 2046 ego
1252 1997 1338 2034 faex
1354 1993 1560 2033 hominum

168 2062 205 2092 et
226 2053 352 2103 pulvis
380 2060 501 2090 terrae
527 2052 578 2089 ad
604 2050 897 2088 Beatitudinem
925 2058 1031 2088 tuam
1056 2057 1291 2099 ‘tantamque
1316 2048 1559 2087 maiestatem

167 2110 315 2157 loquar.
376 2107 507 2154 Quare
542 2112 721 2155 paternas
755 2117 800 2142 ac
832 2118 920 2142 vere
956 2103 1100 2143 Christi
1132 2103 1292 2141 vicarias
1322 2115 1434 2140 aures
1469 2100 1560 2139 huic

212 2205 224 2224 1
249 2205 314 2235 Dr.
341 2205 390 2234 M.
422 2202 564 2233 Lullzers
591 2201 785 2233 (ntem-ish!
808 2200 877 2241 anf
901 2199 1012 2231 εἰῶ-[ιε
1036 2199 1178 2234 Artikel,
1195 2199 1246 2229 die
1270 2198 1340 2229 z‘lmz
1364 2207 1427 2229 von
1449 2197 1561 2228 sez'nen

169 2249 369 2289 Abgb'tmern
383 2247 543 2288 ausgelegl
565 2245 638 2275 und
655 2254 853 2285 :ngemcssen
875 2243 1023 2281 wurdcn,
1042 2242 1217 2283 published
1236 2242 1314 2274 Feb.
1335 2250 1428 2282 1519.
1475 2240 1561 2271 Text

170 2294 202 2323 in
219 2290 391 2329 Loescher,
410 2291 456 2320 iii.
473 2292 515 2330 84
531 2299 599 2330 sqq.
648 2288 699 2319 Cf.
720 2287 836 2325 Beard,
851 2287 987 2318 lllartz'tz
1005 2285 1144 2320 Lullmz
1171 2292 1242 2326 274.

212 2335 224 2352 ²
247 2334 406 2366 Matthew
425 2333 530 2374 Lang,
547 2331 758 2372 Archbishop
775 2331 811 2361 of
824 2330 991 2370 Salzburg,
1014 2329 1194 2370 1519-†40.

214 2379 225 2396 ³
249 2377 394 2409 Richard
411 2387 473 2407 von
490 2375 723 2410 Greiffenklau,
742 2374 875 2405 Elector
890 2373 1101 2413 Archbishop
1120 2372 1157 2403 of
1169 2371 1271 2410 Trier‚
1293 2373 1473 2411 1511—†51.

216 2422 224 2438 ¹
249 2421 357 2463 Philip
379 2421 487 2452 Count
508 2419 661 2456 Palatine,
684 2418 807 2459 Bishop
825 2417 861 2448 os
876 2417 1076 2456 Freisingen‚
1097 2416 1326 2457 1498-†1541,
1348 2415 1411 2445 and
1434 2415 1560 2445 Naum·

170 2469 264 2507 burg,
286 2466 466 2506 1517—†41.
