<?xml version="1.0" encoding="UTF-8"?>
<!DOCTYPE html PUBLIC "-//W3C//DTD XHTML 1.0 Transitional//EN"
    "http://www.w3.org/TR/xhtml1/DTD/xhtml1-transitional.dtd">
<html xmlns="http://www.w3.org/1999/xhtml" xml:lang="en" lang="en">
 <head>
  <title>
</title>
<meta http-equiv="Content-Type" content="text/html;charset=utf-8" />
  <meta name='ocr-system' content='tesseract 3.04.00' />
  <meta name='ocr-capabilities' content='ocr_page ocr_carea ocr_par ocr_line ocrx_word'/>
</head>
<body>
  <div class='ocr_page' id='page_1' title='image "./docreform00kidd_0683.png"; bbox 0 0 1715 2780; ppageno 0'>
   <div class='ocr_carea' id='block_1_1' title="bbox 0 1517 21 2780">
    <p class='ocr_par' dir='ltr' id='par_1_1' title="bbox 0 1517 21 2780">
     <span class='ocr_line' id='line_1_1' title="bbox 0 1517 21 2780; baseline 0 0"><span class='ocrx_word' id='word_1_1' title='bbox 0 1517 21 2780; x_wconf 95' lang='lat' dir='ltr'> </span> 
     </span>
    </p>
   </div>
   <div class='ocr_carea' id='block_1_2' title="bbox 104 104 1500 156">
    <p class='ocr_par' dir='ltr' id='par_1_2' title="bbox 104 104 1500 156">
     <span class='ocr_line' id='line_1_2' title="bbox 104 104 1500 156; baseline -0.004 -11"><span class='ocrx_word' id='word_1_2' title='bbox 104 117 178 156; x_wconf 84' lang='lat'>319</span> <span class='ocrx_word' id='word_1_3' title='bbox 331 106 452 145; x_wconf 86' lang='lat' dir='ltr'>THE</span> <span class='ocrx_word' id='word_1_4' title='bbox 486 105 859 151; x_wconf 76' lang='lat' dir='ltr'>PALATINATE,</span> <span class='ocrx_word' id='word_1_5' title='bbox 890 105 1010 142; x_wconf 79' lang='lat' dir='ltr'>ANn</span> <span class='ocrx_word' id='word_1_6' title='bbox 1043 104 1272 142; x_wconf 61' lang='lat' dir='ltr'>pou—mn</span> <span class='ocrx_word' id='word_1_7' title='bbox 1425 105 1500 152; x_wconf 77' lang='lat'>655</span> 
     </span>
    </p>
   </div>
   <div class='ocr_carea' id='block_1_3' title="bbox 104 208 1509 2526">
    <p class='ocr_par' dir='ltr' id='par_1_3' title="bbox 105 208 1504 640">
     <span class='ocr_line' id='line_1_3' title="bbox 158 208 1500 258; baseline -0.004 -8"><span class='ocrx_word' id='word_1_8' title='bbox 158 212 293 251; x_wconf 91' lang='lat' dir='ltr'>XVII.</span> <span class='ocrx_word' id='word_1_9' title='bbox 324 212 413 249; x_wconf 92' lang='lat' dir='ltr'>Hac</span> <span class='ocrx_word' id='word_1_10' title='bbox 426 209 606 249; x_wconf 88' lang='lat' dir='ltr'>doctrina</span> <span class='ocrx_word' id='word_1_11' title='bbox 622 209 806 248; x_wconf 88' lang='lat' dir='ltr'>evertitur</span> <span class='ocrx_word' id='word_1_12' title='bbox 823 208 919 247; x_wconf 90' lang='lat' dir='ltr'>illud</span> <span class='ocrx_word' id='word_1_13' title='bbox 936 208 1199 258; x_wconf 81' lang='lat' dir='ltr'>sophistarum</span> <span class='ocrx_word' id='word_1_14' title='bbox 1216 214 1500 253; x_wconf 84' lang='lat' dir='ltr'>commentum,</span> 
     </span>
     <span class='ocr_line' id='line_1_4' title="bbox 105 261 1503 316; baseline -0.004 -11"><span class='ocrx_word' id='word_1_15' title='bbox 105 267 215 316; x_wconf 92' lang='lat' dir='ltr'>quod</span> <span class='ocrx_word' id='word_1_16' title='bbox 243 266 362 305; x_wconf 90' lang='lat' dir='ltr'>docet</span> <span class='ocrx_word' id='word_1_17' title='bbox 392 272 636 303; x_wconf 85' lang='lat' dir='ltr'>sacramenta</span> <span class='ocrx_word' id='word_1_18' title='bbox 664 276 791 302; x_wconf 88' lang='lat' dir='ltr'>novae</span> <span class='ocrx_word' id='word_1_19' title='bbox 813 262 907 313; x_wconf 88' lang='lat' dir='ltr'>legis</span> <span class='ocrx_word' id='word_1_20' title='bbox 932 263 1109 301; x_wconf 91' lang='lat' dir='ltr'>conferre</span> <span class='ocrx_word' id='word_1_21' title='bbox 1132 262 1295 312; x_wconf 81' lang='lat' dir='ltr'>gratiam</span> <span class='ocrx_word' id='word_1_22' title='bbox 1316 261 1503 300; x_wconf 91' lang='lat' dir='ltr'>omnibus</span> 
     </span>
     <span class='ocr_line' id='line_1_5' title="bbox 105 316 1502 370; baseline -0.004 -12"><span class='ocrx_word' id='word_1_23' title='bbox 105 333 186 358; x_wconf 91' lang='lat' dir='ltr'>non</span> <span class='ocrx_word' id='word_1_24' title='bbox 215 318 458 370; x_wconf 89' lang='lat' dir='ltr'>ponentibus</span> <span class='ocrx_word' id='word_1_25' title='bbox 488 318 644 357; x_wconf 86' lang='lat' dir='ltr'>obicem</span> <span class='ocrx_word' id='word_1_26' title='bbox 670 316 822 368; x_wconf 89' lang='lat' dir='ltr'>peccati</span> <span class='ocrx_word' id='word_1_27' title='bbox 846 316 1031 355; x_wconf 89' lang='lat' dir='ltr'>mortalis.</span> <span class='ocrx_word' id='word_1_28' title='bbox 1087 318 1366 365; x_wconf 79' lang='lat' dir='ltr'>Praeterquam</span> <span class='ocrx_word' id='word_1_29' title='bbox 1397 316 1502 353; x_wconf 90' lang='lat' dir='ltr'>enim</span> 
     </span>
     <span class='ocr_line' id='line_1_6' title="bbox 105 370 1503 425; baseline -0.004 -12"><span class='ocrx_word' id='word_1_30' title='bbox 105 374 215 425; x_wconf 89' lang='lat' dir='ltr'>quod</span> <span class='ocrx_word' id='word_1_31' title='bbox 241 373 282 412; x_wconf 91' lang='lat' dir='ltr'>in</span> <span class='ocrx_word' id='word_1_32' title='bbox 307 372 561 412; x_wconf 84' lang='lat' dir='ltr'>sacramentis</span> <span class='ocrx_word' id='word_1_33' title='bbox 590 372 686 410; x_wconf 91' lang='lat' dir='ltr'>nihil</span> <span class='ocrx_word' id='word_1_34' title='bbox 712 371 786 410; x_wconf 90' lang='lat' dir='ltr'>nisi</span> <span class='ocrx_word' id='word_1_35' title='bbox 813 372 891 410; x_wconf 91' lang='lat' dir='ltr'>fide</span> <span class='ocrx_word' id='word_1_36' title='bbox 913 370 1134 421; x_wconf 82' lang='lat' dir='ltr'>percipitur,</span> <span class='ocrx_word' id='word_1_37' title='bbox 1162 371 1381 408; x_wconf 89' lang='lat' dir='ltr'>tenendum</span> <span class='ocrx_word' id='word_1_38' title='bbox 1409 382 1503 419; x_wconf 90' lang='lat' dir='ltr'>quo-</span> 
     </span>
     <span class='ocr_line' id='line_1_7' title="bbox 106 423 1503 478; baseline -0.004 -11"><span class='ocrx_word' id='word_1_39' title='bbox 106 441 183 478; x_wconf 90' lang='lat' dir='ltr'>que</span> <span class='ocrx_word' id='word_1_40' title='bbox 204 435 263 467; x_wconf 89' lang='lat' dir='ltr'>est</span> <span class='ocrx_word' id='word_1_41' title='bbox 290 427 453 466; x_wconf 91' lang='lat' dir='ltr'>minime</span> <span class='ocrx_word' id='word_1_42' title='bbox 481 427 678 476; x_wconf 78' lang='lat' dir='ltr'>alligatam</span> <span class='ocrx_word' id='word_1_43' title='bbox 708 425 802 476; x_wconf 89' lang='lat' dir='ltr'>ipsis</span> <span class='ocrx_word' id='word_1_44' title='bbox 832 439 917 464; x_wconf 88' lang='lat' dir='ltr'>esse</span> <span class='ocrx_word' id='word_1_45' title='bbox 950 425 1024 463; x_wconf 91' lang='lat' dir='ltr'>Dei</span> <span class='ocrx_word' id='word_1_46' title='bbox 1054 426 1216 475; x_wconf 77' lang='lat' dir='ltr'>gratiam</span> <span class='ocrx_word' id='word_1_47' title='bbox 1248 431 1300 471; x_wconf 86' lang='lat' dir='ltr'>ut,</span> <span class='ocrx_word' id='word_1_48' title='bbox 1324 423 1503 474; x_wconf 86' lang='lat' dir='ltr'>quisquis</span> 
     </span>
     <span class='ocr_line' id='line_1_8' title="bbox 106 478 1504 532; baseline -0.004 -11"><span class='ocrx_word' id='word_1_49' title='bbox 106 482 260 532; x_wconf 87' lang='lat' dir='ltr'>signum</span> <span class='ocrx_word' id='word_1_50' title='bbox 283 481 437 528; x_wconf 89' lang='lat' dir='ltr'>habeat,</span> <span class='ocrx_word' id='word_1_51' title='bbox 460 495 500 519; x_wconf 93' lang='lat' dir='ltr'>re</span> <span class='ocrx_word' id='word_1_52' title='bbox 521 482 639 519; x_wconf 85' lang='lat' dir='ltr'>etiam</span> <span class='ocrx_word' id='word_1_53' title='bbox 660 482 843 531; x_wconf 89' lang='lat' dir='ltr'>potiatur.</span> <span class='ocrx_word' id='word_1_54' title='bbox 904 481 1007 518; x_wconf 89' lang='lat' dir='ltr'>Nam</span> <span class='ocrx_word' id='word_1_55' title='bbox 1037 478 1213 528; x_wconf 82' lang='lat' dir='ltr'>reprobis</span> <span class='ocrx_word' id='word_1_56' title='bbox 1244 491 1440 528; x_wconf 80' lang='lat' dir='ltr'>peraeque</span> <span class='ocrx_word' id='word_1_57' title='bbox 1462 485 1504 516; x_wconf 92' lang='lat' dir='ltr'>ut</span> 
     </span>
     <span class='ocr_line' id='line_1_9' title="bbox 105 533 1504 587; baseline -0.004 -12"><span class='ocrx_word' id='word_1_58' title='bbox 105 536 240 576; x_wconf 89' lang='lat' dir='ltr'>electis</span> <span class='ocrx_word' id='word_1_59' title='bbox 271 537 381 587; x_wconf 87' lang='lat' dir='ltr'>signa</span> <span class='ocrx_word' id='word_1_60' title='bbox 410 535 759 582; x_wconf 75' lang='lat' dir='ltr'>administrantur,</span> <span class='ocrx_word' id='word_1_61' title='bbox 798 533 938 573; x_wconf 83' lang='lat' dir='ltr'>veritas</span> <span class='ocrx_word' id='word_1_62' title='bbox 964 542 1097 572; x_wconf 89' lang='lat' dir='ltr'>autem</span> <span class='ocrx_word' id='word_1_63' title='bbox 1129 533 1328 583; x_wconf 87' lang='lat' dir='ltr'>signorum</span> <span class='ocrx_word' id='word_1_64' title='bbox 1358 533 1409 571; x_wconf 90' lang='lat' dir='ltr'>ad</span> <span class='ocrx_word' id='word_1_65' title='bbox 1431 533 1504 570; x_wconf 92' lang='lat' dir='ltr'>hos</span> 
     </span>
     <span class='ocr_line' id='line_1_10' title="bbox 105 589 418 640; baseline -0.006 -11"><span class='ocrx_word' id='word_1_66' title='bbox 105 591 210 629; x_wconf 86' lang='lat' dir='ltr'>solos</span> <span class='ocrx_word' id='word_1_67' title='bbox 231 589 418 640; x_wconf 87' lang='lat' dir='ltr'>pervenit.</span> 
     </span>
    </p>

    <p class='ocr_par' dir='ltr' id='par_1_4' title="bbox 104 639 1506 964">
     <span class='ocr_line' id='line_1_11' title="bbox 160 639 1504 692; baseline -0.004 -9"><span class='ocrx_word' id='word_1_68' title='bbox 160 645 320 683; x_wconf 91' lang='lat' dir='ltr'>XVIII.</span> <span class='ocrx_word' id='word_1_69' title='bbox 361 645 523 684; x_wconf 86' lang='lat' dir='ltr'>Certum</span> <span class='ocrx_word' id='word_1_70' title='bbox 558 644 721 692; x_wconf 87' lang='lat' dir='ltr'>quidem</span> <span class='ocrx_word' id='word_1_71' title='bbox 761 649 819 681; x_wconf 92' lang='lat' dir='ltr'>est</span> <span class='ocrx_word' id='word_1_72' title='bbox 857 643 984 681; x_wconf 83' lang='lat' dir='ltr'>offerri</span> <span class='ocrx_word' id='word_1_73' title='bbox 1020 640 1284 680; x_wconf 88' lang='lat' dir='ltr'>communiter</span> <span class='ocrx_word' id='word_1_74' title='bbox 1318 639 1504 679; x_wconf 90' lang='lat' dir='ltr'>omnibus</span> 
     </span>
     <span class='ocr_line' id='line_1_12' title="bbox 106 695 1506 743; baseline -0.004 -6"><span class='ocrx_word' id='word_1_75' title='bbox 106 700 308 739; x_wconf 87' lang='lat' dir='ltr'>Christum</span> <span class='ocrx_word' id='word_1_76' title='bbox 337 711 429 736; x_wconf 90' lang='lat' dir='ltr'>cum</span> <span class='ocrx_word' id='word_1_77' title='bbox 459 696 538 736; x_wconf 91' lang='lat' dir='ltr'>suis</span> <span class='ocrx_word' id='word_1_78' title='bbox 565 697 691 743; x_wconf 90' lang='lat' dir='ltr'>donis,</span> <span class='ocrx_word' id='word_1_79' title='bbox 720 710 793 735; x_wconf 90' lang='lat' dir='ltr'>nec</span> <span class='ocrx_word' id='word_1_80' title='bbox 823 696 1030 735; x_wconf 91' lang='lat' dir='ltr'>hominum</span> <span class='ocrx_word' id='word_1_81' title='bbox 1061 695 1336 734; x_wconf 83' lang='lat' dir='ltr'>incredulitate</span> <span class='ocrx_word' id='word_1_82' title='bbox 1363 695 1506 733; x_wconf 88' lang='lat' dir='ltr'>labefa-</span> 
     </span>
     <span class='ocr_line' id='line_1_13' title="bbox 104 750 1504 801; baseline -0.004 -10"><span class='ocrx_word' id='word_1_83' title='bbox 104 752 200 791; x_wconf 90' lang='lat' dir='ltr'>ctari</span> <span class='ocrx_word' id='word_1_84' title='bbox 217 751 293 791; x_wconf 90' lang='lat' dir='ltr'>Dei</span> <span class='ocrx_word' id='word_1_85' title='bbox 306 752 520 795; x_wconf 89' lang='lat' dir='ltr'>veritatem,</span> <span class='ocrx_word' id='word_1_86' title='bbox 538 750 632 801; x_wconf 90' lang='lat' dir='ltr'>quin</span> <span class='ocrx_word' id='word_1_87' title='bbox 647 763 802 800; x_wconf 86' lang='lat' dir='ltr'>semper</span> <span class='ocrx_word' id='word_1_88' title='bbox 815 752 892 788; x_wconf 90' lang='lat' dir='ltr'>vim</span> <span class='ocrx_word' id='word_1_89' title='bbox 907 763 1017 788; x_wconf 88' lang='lat' dir='ltr'>suam</span> <span class='ocrx_word' id='word_1_90' title='bbox 1034 750 1226 788; x_wconf 85' lang='lat' dir='ltr'>retineant</span> <span class='ocrx_word' id='word_1_91' title='bbox 1242 756 1504 787; x_wconf 88' lang='lat' dir='ltr'>sacramenta:</span> 
     </span>
     <span class='ocr_line' id='line_1_14' title="bbox 106 803 1504 852; baseline -0.004 -7"><span class='ocrx_word' id='word_1_92' title='bbox 106 807 175 845; x_wconf 92' lang='lat' dir='ltr'>sed</span> <span class='ocrx_word' id='word_1_93' title='bbox 196 819 279 845; x_wconf 90' lang='lat' dir='ltr'>non</span> <span class='ocrx_word' id='word_1_94' title='bbox 299 819 438 845; x_wconf 89' lang='lat' dir='ltr'>omnes</span> <span class='ocrx_word' id='word_1_95' title='bbox 459 804 606 844; x_wconf 85' lang='lat' dir='ltr'>Christi</span> <span class='ocrx_word' id='word_1_96' title='bbox 627 812 666 843; x_wconf 91' lang='lat' dir='ltr'>et</span> <span class='ocrx_word' id='word_1_97' title='bbox 687 805 883 844; x_wconf 87' lang='lat' dir='ltr'>donorum</span> <span class='ocrx_word' id='word_1_98' title='bbox 905 803 988 842; x_wconf 89' lang='lat' dir='ltr'>eius</span> <span class='ocrx_word' id='word_1_99' title='bbox 1010 811 1100 842; x_wconf 91' lang='lat' dir='ltr'>sunt</span> <span class='ocrx_word' id='word_1_100' title='bbox 1121 816 1297 852; x_wconf 83' lang='lat' dir='ltr'>capaces.</span> <span class='ocrx_word' id='word_1_101' title='bbox 1363 804 1504 852; x_wconf 90' lang='lat' dir='ltr'>Itaque</span> 
     </span>
     <span class='ocr_line' id='line_1_15' title="bbox 105 856 1505 911; baseline -0.004 -12"><span class='ocrx_word' id='word_1_102' title='bbox 105 874 153 899; x_wconf 89' lang='lat' dir='ltr'>ex</span> <span class='ocrx_word' id='word_1_103' title='bbox 169 860 246 899; x_wconf 93' lang='lat' dir='ltr'>Dei</span> <span class='ocrx_word' id='word_1_104' title='bbox 266 867 375 911; x_wconf 89' lang='lat' dir='ltr'>parte</span> <span class='ocrx_word' id='word_1_105' title='bbox 395 859 493 897; x_wconf 88' lang='lat' dir='ltr'>nihil</span> <span class='ocrx_word' id='word_1_106' title='bbox 514 866 710 906; x_wconf 77' lang='lat' dir='ltr'>mutatur,</span> <span class='ocrx_word' id='word_1_107' title='bbox 739 866 931 909; x_wconf 87' lang='lat' dir='ltr'>quantum</span> <span class='ocrx_word' id='word_1_108' title='bbox 954 871 1046 896; x_wconf 90' lang='lat' dir='ltr'>vero</span> <span class='ocrx_word' id='word_1_109' title='bbox 1069 859 1119 896; x_wconf 87' lang='lat' dir='ltr'>ad</span> <span class='ocrx_word' id='word_1_110' title='bbox 1141 856 1322 896; x_wconf 90' lang='lat' dir='ltr'>homines</span> <span class='ocrx_word' id='word_1_111' title='bbox 1340 864 1505 907; x_wconf 89' lang='lat' dir='ltr'>spectat,</span> 
     </span>
     <span class='ocr_line' id='line_1_16' title="bbox 106 912 967 964; baseline -0.003 -11"><span class='ocrx_word' id='word_1_112' title='bbox 106 914 274 964; x_wconf 90' lang='lat' dir='ltr'>quisque</span> <span class='ocrx_word' id='word_1_113' title='bbox 294 927 365 964; x_wconf 92' lang='lat' dir='ltr'>pro</span> <span class='ocrx_word' id='word_1_114' title='bbox 385 913 479 952; x_wconf 91' lang='lat' dir='ltr'>fidei</span> <span class='ocrx_word' id='word_1_115' title='bbox 500 926 593 951; x_wconf 89' lang='lat' dir='ltr'>suae</span> <span class='ocrx_word' id='word_1_116' title='bbox 614 925 798 951; x_wconf 86' lang='lat' dir='ltr'>mensura</span> <span class='ocrx_word' id='word_1_117' title='bbox 814 912 967 962; x_wconf 90' lang='lat' dir='ltr'>accipit.</span> 
     </span>
    </p>

    <p class='ocr_par' dir='ltr' id='par_1_5' title="bbox 106 965 1507 1720">
     <span class='ocr_line' id='line_1_17' title="bbox 159 965 1504 1017; baseline -0.003 -11"><span class='ocrx_word' id='word_1_118' title='bbox 159 970 272 1006; x_wconf 93' lang='lat' dir='ltr'>XIX.</span> <span class='ocrx_word' id='word_1_119' title='bbox 305 968 657 1017; x_wconf 86' lang='lat' dir='ltr'>Quemadmodum</span> <span class='ocrx_word' id='word_1_120' title='bbox 701 975 833 1005; x_wconf 86' lang='lat' dir='ltr'>autem</span> <span class='ocrx_word' id='word_1_121' title='bbox 876 965 1000 1004; x_wconf 88' lang='lat' dir='ltr'>nihilo</span> <span class='ocrx_word' id='word_1_122' title='bbox 1045 967 1132 1016; x_wconf 89' lang='lat' dir='ltr'>plus</span> <span class='ocrx_word' id='word_1_123' title='bbox 1170 972 1504 1003; x_wconf 89' lang='lat' dir='ltr'>sacramentorum</span> 
     </span>
     <span class='ocr_line' id='line_1_18' title="bbox 106 1019 1504 1070; baseline -0.004 -9"><span class='ocrx_word' id='word_1_124' title='bbox 106 1035 199 1061; x_wconf 87' lang='lat' dir='ltr'>usus</span> <span class='ocrx_word' id='word_1_125' title='bbox 238 1021 465 1061; x_wconf 88' lang='lat' dir='ltr'>infidelibus</span> <span class='ocrx_word' id='word_1_126' title='bbox 503 1022 666 1067; x_wconf 86' lang='lat' dir='ltr'>confert,</span> <span class='ocrx_word' id='word_1_127' title='bbox 706 1034 825 1070; x_wconf 89' lang='lat' dir='ltr'>quam</span> <span class='ocrx_word' id='word_1_128' title='bbox 865 1020 896 1058; x_wconf 85' lang='lat' dir='ltr'>si</span> <span class='ocrx_word' id='word_1_129' title='bbox 937 1019 1191 1066; x_wconf 87' lang='lat' dir='ltr'>abstinerent,</span> <span class='ocrx_word' id='word_1_130' title='bbox 1233 1019 1312 1056; x_wconf 90' lang='lat' dir='ltr'>imo</span> <span class='ocrx_word' id='word_1_131' title='bbox 1352 1026 1504 1056; x_wconf 88' lang='lat' dir='ltr'>tantum</span> 
     </span>
     <span class='ocr_line' id='line_1_19' title="bbox 107 1074 1502 1119; baseline -0.004 -4"><span class='ocrx_word' id='word_1_132' title='bbox 107 1076 181 1115; x_wconf 90' lang='lat' dir='ltr'>illis</span> <span class='ocrx_word' id='word_1_133' title='bbox 220 1076 384 1115; x_wconf 87' lang='lat' dir='ltr'>exitialis</span> <span class='ocrx_word' id='word_1_134' title='bbox 423 1084 505 1114; x_wconf 89' lang='lat' dir='ltr'>est:</span> <span class='ocrx_word' id='word_1_135' title='bbox 555 1075 606 1113; x_wconf 85' lang='lat' dir='ltr'>ita</span> <span class='ocrx_word' id='word_1_136' title='bbox 646 1083 753 1113; x_wconf 89' lang='lat' dir='ltr'>extra</span> <span class='ocrx_word' id='word_1_137' title='bbox 791 1088 925 1113; x_wconf 91' lang='lat' dir='ltr'>eorum</span> <span class='ocrx_word' id='word_1_138' title='bbox 963 1087 1076 1112; x_wconf 85' lang='lat' dir='ltr'>usum</span> <span class='ocrx_word' id='word_1_139' title='bbox 1118 1074 1301 1112; x_wconf 86' lang='lat' dir='ltr'>fidelibus</span> <span class='ocrx_word' id='word_1_140' title='bbox 1336 1080 1502 1119; x_wconf 91' lang='lat' dir='ltr'>constat,</span> 
     </span>
     <span class='ocr_line' id='line_1_20' title="bbox 107 1127 1503 1181; baseline -0.004 -12"><span class='ocrx_word' id='word_1_141' title='bbox 107 1143 208 1181; x_wconf 89' lang='lat' dir='ltr'>quae</span> <span class='ocrx_word' id='word_1_142' title='bbox 240 1130 318 1169; x_wconf 91' lang='lat' dir='ltr'>illic</span> <span class='ocrx_word' id='word_1_143' title='bbox 349 1131 533 1180; x_wconf 78' lang='lat' dir='ltr'>figuratur</span> <span class='ocrx_word' id='word_1_144' title='bbox 565 1129 716 1168; x_wconf 83' lang='lat' dir='ltr'>veritas.</span> <span class='ocrx_word' id='word_1_145' title='bbox 776 1128 839 1167; x_wconf 85' lang='lat' dir='ltr'>Sic</span> <span class='ocrx_word' id='word_1_146' title='bbox 872 1128 1076 1178; x_wconf 82' lang='lat' dir='ltr'>Baptismo</span> <span class='ocrx_word' id='word_1_147' title='bbox 1107 1128 1242 1166; x_wconf 90' lang='lat' dir='ltr'>abluta</span> <span class='ocrx_word' id='word_1_148' title='bbox 1271 1134 1362 1165; x_wconf 89' lang='lat' dir='ltr'>sunt</span> <span class='ocrx_word' id='word_1_149' title='bbox 1394 1127 1503 1164; x_wconf 90' lang='lat' dir='ltr'>Pauli</span> 
     </span>
     <span class='ocr_line' id='line_1_21' title="bbox 106 1180 1504 1234; baseline -0.004 -11"><span class='ocrx_word' id='word_1_150' title='bbox 106 1192 280 1234; x_wconf 91' lang='lat' dir='ltr'>peccata,</span> <span class='ocrx_word' id='word_1_151' title='bbox 312 1197 412 1234; x_wconf 90' lang='lat' dir='ltr'>quae</span> <span class='ocrx_word' id='word_1_152' title='bbox 443 1183 518 1222; x_wconf 88' lang='lat' dir='ltr'>iam</span> <span class='ocrx_word' id='word_1_153' title='bbox 548 1183 653 1234; x_wconf 88' lang='lat' dir='ltr'>prius</span> <span class='ocrx_word' id='word_1_154' title='bbox 687 1183 821 1221; x_wconf 87' lang='lat' dir='ltr'>abluta</span> <span class='ocrx_word' id='word_1_155' title='bbox 861 1189 981 1221; x_wconf 88' lang='lat' dir='ltr'>erant.</span> <span class='ocrx_word' id='word_1_156' title='bbox 1041 1183 1104 1221; x_wconf 86' lang='lat' dir='ltr'>Sic</span> <span class='ocrx_word' id='word_1_157' title='bbox 1140 1181 1245 1220; x_wconf 91' lang='lat' dir='ltr'>idem</span> <span class='ocrx_word' id='word_1_158' title='bbox 1278 1180 1504 1230; x_wconf 87' lang='lat' dir='ltr'>Baptismus</span> 
     </span>
     <span class='ocr_line' id='line_1_22' title="bbox 107 1234 1504 1287; baseline -0.004 -10"><span class='ocrx_word' id='word_1_159' title='bbox 107 1238 294 1278; x_wconf 89' lang='lat' dir='ltr'>Cornelio</span> <span class='ocrx_word' id='word_1_160' title='bbox 324 1239 395 1277; x_wconf 90' lang='lat' dir='ltr'>fuit</span> <span class='ocrx_word' id='word_1_161' title='bbox 424 1239 621 1276; x_wconf 85' lang='lat' dir='ltr'>lavacrum</span> <span class='ocrx_word' id='word_1_162' title='bbox 653 1236 966 1287; x_wconf 82' lang='lat' dir='ltr'>regenerationis,</span> <span class='ocrx_word' id='word_1_163' title='bbox 991 1236 1058 1286; x_wconf 90' lang='lat' dir='ltr'>qui</span> <span class='ocrx_word' id='word_1_164' title='bbox 1088 1243 1221 1274; x_wconf 89' lang='lat' dir='ltr'>tamen</span> <span class='ocrx_word' id='word_1_165' title='bbox 1252 1236 1328 1273; x_wconf 90' lang='lat' dir='ltr'>iam</span> <span class='ocrx_word' id='word_1_166' title='bbox 1360 1234 1504 1285; x_wconf 86' lang='lat' dir='ltr'>Spiritu</span> 
     </span>
     <span class='ocr_line' id='line_1_23' title="bbox 107 1288 1504 1331; baseline -0.004 0"><span class='ocrx_word' id='word_1_167' title='bbox 107 1301 244 1331; x_wconf 89' lang='lat' dir='ltr'>sancto</span> <span class='ocrx_word' id='word_1_168' title='bbox 282 1293 452 1331; x_wconf 85' lang='lat' dir='ltr'>donatus</span> <span class='ocrx_word' id='word_1_169' title='bbox 491 1299 582 1331; x_wconf 89' lang='lat' dir='ltr'>erat.</span> <span class='ocrx_word' id='word_1_170' title='bbox 643 1291 706 1330; x_wconf 87' lang='lat' dir='ltr'>Sic</span> <span class='ocrx_word' id='word_1_171' title='bbox 746 1293 784 1329; x_wconf 93' lang='lat' dir='ltr'>in</span> <span class='ocrx_word' id='word_1_172' title='bbox 825 1292 962 1330; x_wconf 89' lang='lat' dir='ltr'>Coena</span> <span class='ocrx_word' id='word_1_173' title='bbox 1001 1303 1042 1329; x_wconf 89' lang='lat' dir='ltr'>se</span> <span class='ocrx_word' id='word_1_174' title='bbox 1082 1290 1197 1328; x_wconf 84' lang='lat' dir='ltr'>nobis</span> <span class='ocrx_word' id='word_1_175' title='bbox 1236 1288 1504 1328; x_wconf 86' lang='lat' dir='ltr'>communicat</span> 
     </span>
     <span class='ocr_line' id='line_1_24' title="bbox 107 1343 1506 1396; baseline -0.004 -11"><span class='ocrx_word' id='word_1_176' title='bbox 107 1346 298 1393; x_wconf 89' lang='lat' dir='ltr'>Christus,</span> <span class='ocrx_word' id='word_1_177' title='bbox 322 1347 388 1396; x_wconf 91' lang='lat' dir='ltr'>qui</span> <span class='ocrx_word' id='word_1_178' title='bbox 411 1354 544 1384; x_wconf 87' lang='lat' dir='ltr'>tamen</span> <span class='ocrx_word' id='word_1_179' title='bbox 575 1353 612 1384; x_wconf 90' lang='lat' dir='ltr'>et</span> <span class='ocrx_word' id='word_1_180' title='bbox 642 1345 748 1395; x_wconf 87' lang='lat' dir='ltr'>prius</span> <span class='ocrx_word' id='word_1_181' title='bbox 778 1358 819 1383; x_wconf 87' lang='lat' dir='ltr'>se</span> <span class='ocrx_word' id='word_1_182' title='bbox 849 1344 964 1383; x_wconf 86' lang='lat' dir='ltr'>nobis</span> <span class='ocrx_word' id='word_1_183' title='bbox 995 1343 1234 1394; x_wconf 89' lang='lat' dir='ltr'>impertierat</span> <span class='ocrx_word' id='word_1_184' title='bbox 1255 1351 1292 1382; x_wconf 91' lang='lat' dir='ltr'>et</span> <span class='ocrx_word' id='word_1_185' title='bbox 1315 1350 1506 1393; x_wconf 87' lang='lat' dir='ltr'>perpetuo</span> 
     </span>
     <span class='ocr_line' id='line_1_25' title="bbox 107 1397 1503 1449; baseline -0.004 -10"><span class='ocrx_word' id='word_1_186' title='bbox 107 1408 240 1439; x_wconf 89' lang='lat' dir='ltr'>manet</span> <span class='ocrx_word' id='word_1_187' title='bbox 260 1400 301 1438; x_wconf 91' lang='lat' dir='ltr'>in</span> <span class='ocrx_word' id='word_1_188' title='bbox 321 1401 448 1439; x_wconf 88' lang='lat' dir='ltr'>nobis.</span> <span class='ocrx_word' id='word_1_189' title='bbox 493 1401 594 1438; x_wconf 91' lang='lat' dir='ltr'>Nam</span> <span class='ocrx_word' id='word_1_190' title='bbox 617 1413 739 1449; x_wconf 92' lang='lat' dir='ltr'>quum</span> <span class='ocrx_word' id='word_1_191' title='bbox 762 1398 970 1437; x_wconf 90' lang='lat' dir='ltr'>iubeantur</span> <span class='ocrx_word' id='word_1_192' title='bbox 991 1397 1131 1448; x_wconf 85' lang='lat' dir='ltr'>singuli</span> <span class='ocrx_word' id='word_1_193' title='bbox 1153 1397 1303 1447; x_wconf 89' lang='lat' dir='ltr'>seipsos</span> <span class='ocrx_word' id='word_1_194' title='bbox 1325 1397 1503 1447; x_wconf 85' lang='lat' dir='ltr'>probare,</span> 
     </span>
     <span class='ocr_line' id='line_1_26' title="bbox 106 1452 1507 1504; baseline -0.003 -12"><span class='ocrx_word' id='word_1_195' title='bbox 106 1454 198 1493; x_wconf 91' lang='lat' dir='ltr'>inde</span> <span class='ocrx_word' id='word_1_196' title='bbox 227 1455 491 1504; x_wconf 87' lang='lat' dir='ltr'>consequitur,</span> <span class='ocrx_word' id='word_1_197' title='bbox 523 1455 642 1492; x_wconf 89' lang='lat' dir='ltr'>fidem</span> <span class='ocrx_word' id='word_1_198' title='bbox 673 1453 724 1491; x_wconf 92' lang='lat' dir='ltr'>ab</span> <span class='ocrx_word' id='word_1_199' title='bbox 753 1452 846 1502; x_wconf 84' lang='lat' dir='ltr'>ipsis</span> <span class='ocrx_word' id='word_1_200' title='bbox 875 1453 1029 1503; x_wconf 89' lang='lat' dir='ltr'>requiri,</span> <span class='ocrx_word' id='word_1_201' title='bbox 1060 1460 1274 1502; x_wconf 90' lang='lat' dir='ltr'>antequam</span> <span class='ocrx_word' id='word_1_202' title='bbox 1305 1452 1355 1490; x_wconf 86' lang='lat' dir='ltr'>ad</span> <span class='ocrx_word' id='word_1_203' title='bbox 1385 1463 1507 1489; x_wconf 90' lang='lat' dir='ltr'>sacra-</span> 
     </span>
     <span class='ocr_line' id='line_1_27' title="bbox 107 1506 1506 1557; baseline -0.004 -10"><span class='ocrx_word' id='word_1_204' title='bbox 107 1517 286 1547; x_wconf 89' lang='lat' dir='ltr'>mentum</span> <span class='ocrx_word' id='word_1_205' title='bbox 307 1509 509 1547; x_wconf 89' lang='lat' dir='ltr'>accedant.</span> <span class='ocrx_word' id='word_1_206' title='bbox 568 1507 691 1557; x_wconf 90' lang='lat' dir='ltr'>Atqui</span> <span class='ocrx_word' id='word_1_207' title='bbox 717 1508 814 1546; x_wconf 89' lang='lat' dir='ltr'>fides</span> <span class='ocrx_word' id='word_1_208' title='bbox 835 1520 915 1545; x_wconf 91' lang='lat' dir='ltr'>non</span> <span class='ocrx_word' id='word_1_209' title='bbox 938 1515 996 1545; x_wconf 91' lang='lat' dir='ltr'>est</span> <span class='ocrx_word' id='word_1_210' title='bbox 1025 1508 1108 1545; x_wconf 91' lang='lat' dir='ltr'>sine</span> <span class='ocrx_word' id='word_1_211' title='bbox 1129 1506 1301 1553; x_wconf 86' lang='lat' dir='ltr'>Christo,</span> <span class='ocrx_word' id='word_1_212' title='bbox 1324 1506 1393 1544; x_wconf 92' lang='lat' dir='ltr'>sed</span> <span class='ocrx_word' id='word_1_213' title='bbox 1415 1517 1506 1554; x_wconf 88' lang='lat' dir='ltr'>qua-</span> 
     </span>
     <span class='ocr_line' id='line_1_28' title="bbox 107 1561 1506 1611; baseline -0.004 -10"><span class='ocrx_word' id='word_1_214' title='bbox 107 1569 222 1601; x_wconf 88' lang='lat' dir='ltr'>tenus</span> <span class='ocrx_word' id='word_1_215' title='bbox 249 1563 502 1601; x_wconf 85' lang='lat' dir='ltr'>sacramentis</span> <span class='ocrx_word' id='word_1_216' title='bbox 533 1563 787 1600; x_wconf 87' lang='lat' dir='ltr'>confirmatur</span> <span class='ocrx_word' id='word_1_217' title='bbox 814 1569 851 1599; x_wconf 92' lang='lat' dir='ltr'>et</span> <span class='ocrx_word' id='word_1_218' title='bbox 879 1562 1053 1611; x_wconf 88' lang='lat' dir='ltr'>augescit</span> <span class='ocrx_word' id='word_1_219' title='bbox 1081 1561 1190 1607; x_wconf 90' lang='lat' dir='ltr'>fides,</span> <span class='ocrx_word' id='word_1_220' title='bbox 1223 1561 1506 1598; x_wconf 86' lang='lat' dir='ltr'>confirmantur</span> 
     </span>
     <span class='ocr_line' id='line_1_29' title="bbox 106 1612 1506 1666; baseline -0.004 -11"><span class='ocrx_word' id='word_1_221' title='bbox 106 1615 146 1654; x_wconf 91' lang='lat' dir='ltr'>in</span> <span class='ocrx_word' id='word_1_222' title='bbox 167 1617 282 1655; x_wconf 90' lang='lat' dir='ltr'>nobis</span> <span class='ocrx_word' id='word_1_223' title='bbox 306 1616 381 1655; x_wconf 91' lang='lat' dir='ltr'>Dei</span> <span class='ocrx_word' id='word_1_224' title='bbox 402 1617 520 1663; x_wconf 90' lang='lat' dir='ltr'>dona,</span> <span class='ocrx_word' id='word_1_225' title='bbox 541 1617 724 1666; x_wconf 88' lang='lat' dir='ltr'>adeoque</span> <span class='ocrx_word' id='word_1_226' title='bbox 745 1616 1046 1665; x_wconf 87' lang='lat' dir='ltr'>quodammodo</span> <span class='ocrx_word' id='word_1_227' title='bbox 1070 1614 1243 1664; x_wconf 88' lang='lat' dir='ltr'>augescit</span> <span class='ocrx_word' id='word_1_228' title='bbox 1265 1613 1445 1653; x_wconf 86' lang='lat' dir='ltr'>Christus</span> <span class='ocrx_word' id='word_1_229' title='bbox 1467 1612 1506 1650; x_wconf 91' lang='lat' dir='ltr'>in</span> 
     </span>
     <span class='ocr_line' id='line_1_30' title="bbox 107 1670 562 1720; baseline -0.002 -11"><span class='ocrx_word' id='word_1_230' title='bbox 107 1671 234 1718; x_wconf 89' lang='lat' dir='ltr'>nobis,</span> <span class='ocrx_word' id='word_1_231' title='bbox 257 1678 295 1709; x_wconf 92' lang='lat' dir='ltr'>et</span> <span class='ocrx_word' id='word_1_232' title='bbox 315 1684 387 1708; x_wconf 90' lang='lat' dir='ltr'>nos</span> <span class='ocrx_word' id='word_1_233' title='bbox 405 1671 443 1708; x_wconf 89' lang='lat' dir='ltr'>in</span> <span class='ocrx_word' id='word_1_234' title='bbox 465 1670 562 1720; x_wconf 90' lang='lat' dir='ltr'>ipso.</span> 
     </span>
    </p>

    <p class='ocr_par' dir='ltr' id='par_1_6' title="bbox 106 1720 1508 2313">
     <span class='ocr_line' id='line_1_31' title="bbox 161 1720 1506 1773; baseline -0.004 -10"><span class='ocrx_word' id='word_1_235' title='bbox 161 1726 249 1763; x_wconf 93' lang='lat' dir='ltr'>XX.</span> <span class='ocrx_word' id='word_1_236' title='bbox 282 1724 443 1764; x_wconf 88' lang='lat' dir='ltr'>Utilitas</span> <span class='ocrx_word' id='word_1_237' title='bbox 483 1736 597 1773; x_wconf 86' lang='lat' dir='ltr'>porro</span> <span class='ocrx_word' id='word_1_238' title='bbox 637 1736 755 1773; x_wconf 89' lang='lat' dir='ltr'>quam</span> <span class='ocrx_word' id='word_1_239' title='bbox 795 1736 842 1761; x_wconf 86' lang='lat' dir='ltr'>ex</span> <span class='ocrx_word' id='word_1_240' title='bbox 881 1723 1134 1760; x_wconf 79' lang='lat' dir='ltr'>sacramentis</span> <span class='ocrx_word' id='word_1_241' title='bbox 1174 1720 1423 1770; x_wconf 86' lang='lat' dir='ltr'>percipimus,</span> <span class='ocrx_word' id='word_1_242' title='bbox 1455 1721 1506 1759; x_wconf 87' lang='lat' dir='ltr'>ad</span> 
     </span>
     <span class='ocr_line' id='line_1_32' title="bbox 106 1775 1506 1828; baseline -0.003 -11"><span class='ocrx_word' id='word_1_243' title='bbox 106 1786 263 1828; x_wconf 88' lang='lat' dir='ltr'>tempus</span> <span class='ocrx_word' id='word_1_244' title='bbox 292 1791 372 1828; x_wconf 91' lang='lat' dir='ltr'>quo</span> <span class='ocrx_word' id='word_1_245' title='bbox 402 1791 448 1816; x_wconf 81' lang='lat' dir='ltr'>ea</span> <span class='ocrx_word' id='word_1_246' title='bbox 477 1778 592 1816; x_wconf 89' lang='lat' dir='ltr'>nobis</span> <span class='ocrx_word' id='word_1_247' title='bbox 620 1776 953 1822; x_wconf 88' lang='lat' dir='ltr'>administrantur,</span> <span class='ocrx_word' id='word_1_248' title='bbox 976 1775 1138 1813; x_wconf 90' lang='lat' dir='ltr'>minime</span> <span class='ocrx_word' id='word_1_249' title='bbox 1165 1775 1342 1825; x_wconf 86' lang='lat' dir='ltr'>restringi</span> <span class='ocrx_word' id='word_1_250' title='bbox 1363 1775 1506 1813; x_wconf 90' lang='lat' dir='ltr'>debet:</span> 
     </span>
     <span class='ocr_line' id='line_1_33' title="bbox 107 1829 1506 1883; baseline -0.003 -12"><span class='ocrx_word' id='word_1_251' title='bbox 107 1832 271 1883; x_wconf 90' lang='lat' dir='ltr'>perinde</span> <span class='ocrx_word' id='word_1_252' title='bbox 290 1845 337 1870; x_wconf 91' lang='lat' dir='ltr'>ac</span> <span class='ocrx_word' id='word_1_253' title='bbox 358 1831 389 1870; x_wconf 92' lang='lat' dir='ltr'>si</span> <span class='ocrx_word' id='word_1_254' title='bbox 410 1831 562 1870; x_wconf 89' lang='lat' dir='ltr'>visibile</span> <span class='ocrx_word' id='word_1_255' title='bbox 579 1831 745 1880; x_wconf 87' lang='lat' dir='ltr'>signum,</span> <span class='ocrx_word' id='word_1_256' title='bbox 761 1831 857 1869; x_wconf 91' lang='lat' dir='ltr'>dum</span> <span class='ocrx_word' id='word_1_257' title='bbox 879 1829 918 1867; x_wconf 93' lang='lat' dir='ltr'>in</span> <span class='ocrx_word' id='word_1_258' title='bbox 941 1829 1116 1868; x_wconf 92' lang='lat' dir='ltr'>medium</span> <span class='ocrx_word' id='word_1_259' title='bbox 1138 1830 1340 1879; x_wconf 88' lang='lat' dir='ltr'>profertur,</span> <span class='ocrx_word' id='word_1_260' title='bbox 1363 1829 1506 1868; x_wconf 90' lang='lat' dir='ltr'>eodem</span> 
     </span>
     <span class='ocr_line' id='line_1_34' title="bbox 107 1882 1507 1935; baseline -0.004 -10"><span class='ocrx_word' id='word_1_261' title='bbox 107 1899 241 1925; x_wconf 89' lang='lat' dir='ltr'>secum</span> <span class='ocrx_word' id='word_1_262' title='bbox 270 1893 473 1924; x_wconf 91' lang='lat' dir='ltr'>momento</span> <span class='ocrx_word' id='word_1_263' title='bbox 503 1886 577 1924; x_wconf 90' lang='lat' dir='ltr'>Dei</span> <span class='ocrx_word' id='word_1_264' title='bbox 604 1886 767 1935; x_wconf 87' lang='lat' dir='ltr'>gratiam</span> <span class='ocrx_word' id='word_1_265' title='bbox 797 1885 1020 1922; x_wconf 85' lang='lat' dir='ltr'>adveheret.</span> <span class='ocrx_word' id='word_1_266' title='bbox 1082 1885 1185 1921; x_wconf 91' lang='lat' dir='ltr'>Nam</span> <span class='ocrx_word' id='word_1_267' title='bbox 1216 1884 1282 1933; x_wconf 89' lang='lat' dir='ltr'>qui</span> <span class='ocrx_word' id='word_1_268' title='bbox 1312 1882 1352 1921; x_wconf 90' lang='lat' dir='ltr'>in</span> <span class='ocrx_word' id='word_1_269' title='bbox 1382 1882 1507 1932; x_wconf 86' lang='lat' dir='ltr'>prima</span> 
     </span>
     <span class='ocr_line' id='line_1_35' title="bbox 106 1937 1504 1990; baseline -0.002 -12"><span class='ocrx_word' id='word_1_270' title='bbox 106 1939 271 1979; x_wconf 88' lang='lat' dir='ltr'>infantia</span> <span class='ocrx_word' id='word_1_271' title='bbox 301 1939 484 1990; x_wconf 89' lang='lat' dir='ltr'>baptizati</span> <span class='ocrx_word' id='word_1_272' title='bbox 505 1946 607 1986; x_wconf 87' lang='lat' dir='ltr'>sunt,</span> <span class='ocrx_word' id='word_1_273' title='bbox 628 1951 696 1977; x_wconf 89' lang='lat' dir='ltr'>eos</span> <span class='ocrx_word' id='word_1_274' title='bbox 718 1938 757 1976; x_wconf 92' lang='lat' dir='ltr'>in</span> <span class='ocrx_word' id='word_1_275' title='bbox 778 1937 944 1988; x_wconf 90' lang='lat' dir='ltr'>pueritia</span> <span class='ocrx_word' id='word_1_276' title='bbox 964 1939 1024 1976; x_wconf 89' lang='lat' dir='ltr'>vel</span> <span class='ocrx_word' id='word_1_277' title='bbox 1045 1937 1206 1976; x_wconf 90' lang='lat' dir='ltr'>ineunte</span> <span class='ocrx_word' id='word_1_278' title='bbox 1226 1938 1504 1983; x_wconf 87' lang='lat' dir='ltr'>adolescentia,</span> 
     </span>
     <span class='ocr_line' id='line_1_36' title="bbox 107 1990 1507 2042; baseline -0.004 -9"><span class='ocrx_word' id='word_1_279' title='bbox 107 1993 304 2033; x_wconf 87' lang='lat' dir='ltr'>interdum</span> <span class='ocrx_word' id='word_1_280' title='bbox 343 1993 460 2033; x_wconf 88' lang='lat' dir='ltr'>etiarn</span> <span class='ocrx_word' id='word_1_281' title='bbox 497 1995 535 2031; x_wconf 94' lang='lat' dir='ltr'>in</span> <span class='ocrx_word' id='word_1_282' title='bbox 566 2000 768 2031; x_wconf 89' lang='lat' dir='ltr'>senectute</span> <span class='ocrx_word' id='word_1_283' title='bbox 802 1999 1002 2042; x_wconf 89' lang='lat' dir='ltr'>regenerat</span> <span class='ocrx_word' id='word_1_284' title='bbox 1038 1993 1158 2030; x_wconf 88' lang='lat' dir='ltr'>Deus.</span> <span class='ocrx_word' id='word_1_285' title='bbox 1220 1992 1280 2029; x_wconf 88' lang='lat' dir='ltr'>Ita</span> <span class='ocrx_word' id='word_1_286' title='bbox 1316 1990 1507 2040; x_wconf 88' lang='lat' dir='ltr'>Baptismi</span> 
     </span>
     <span class='ocr_line' id='line_1_37' title="bbox 106 2045 1508 2096; baseline -0.003 -10"><span class='ocrx_word' id='word_1_287' title='bbox 106 2047 252 2086; x_wconf 90' lang='lat' dir='ltr'>utilitas</span> <span class='ocrx_word' id='word_1_288' title='bbox 287 2048 337 2087; x_wconf 88' lang='lat' dir='ltr'>ad</span> <span class='ocrx_word' id='word_1_289' title='bbox 369 2055 495 2086; x_wconf 91' lang='lat' dir='ltr'>totum</span> <span class='ocrx_word' id='word_1_290' title='bbox 526 2047 628 2085; x_wconf 88' lang='lat' dir='ltr'>vitae</span> <span class='ocrx_word' id='word_1_291' title='bbox 662 2048 872 2085; x_wconf 90' lang='lat' dir='ltr'>decursum</span> <span class='ocrx_word' id='word_1_292' title='bbox 905 2053 1022 2096; x_wconf 89' lang='lat' dir='ltr'>patet,</span> <span class='ocrx_word' id='word_1_293' title='bbox 1056 2045 1148 2096; x_wconf 88' lang='lat' dir='ltr'>quia</span> <span class='ocrx_word' id='word_1_294' title='bbox 1183 2053 1373 2095; x_wconf 89' lang='lat' dir='ltr'>perpetuo</span> <span class='ocrx_word' id='word_1_295' title='bbox 1405 2046 1508 2095; x_wconf 87' lang='lat' dir='ltr'>viget</span> 
     </span>
     <span class='ocr_line' id='line_1_38' title="bbox 107 2099 1508 2152; baseline -0.004 -11"><span class='ocrx_word' id='word_1_296' title='bbox 107 2114 209 2152; x_wconf 90' lang='lat' dir='ltr'>quae</span> <span class='ocrx_word' id='word_1_297' title='bbox 237 2101 315 2140; x_wconf 91' lang='lat' dir='ltr'>illic</span> <span class='ocrx_word' id='word_1_298' title='bbox 344 2101 569 2140; x_wconf 91' lang='lat' dir='ltr'>continetur</span> <span class='ocrx_word' id='word_1_299' title='bbox 594 2100 813 2151; x_wconf 90' lang='lat' dir='ltr'>promissio.</span> <span class='ocrx_word' id='word_1_300' title='bbox 874 2101 924 2138; x_wconf 87' lang='lat' dir='ltr'>Et</span> <span class='ocrx_word' id='word_1_301' title='bbox 956 2099 1035 2138; x_wconf 89' lang='lat' dir='ltr'>fieri</span> <span class='ocrx_word' id='word_1_302' title='bbox 1066 2100 1262 2138; x_wconf 90' lang='lat' dir='ltr'>interdum</span> <span class='ocrx_word' id='word_1_303' title='bbox 1293 2106 1434 2149; x_wconf 85' lang='lat' dir='ltr'>potest,</span> <span class='ocrx_word' id='word_1_304' title='bbox 1467 2106 1508 2137; x_wconf 90' lang='lat' dir='ltr'>ut</span> 
     </span>
     <span class='ocr_line' id='line_1_39' title="bbox 109 2152 1506 2204; baseline -0.003 -10"><span class='ocrx_word' id='word_1_305' title='bbox 109 2168 241 2195; x_wconf 81' lang='lat' dir='ltr'>sacrae</span> <span class='ocrx_word' id='word_1_306' title='bbox 279 2155 441 2196; x_wconf 89' lang='lat' dir='ltr'>Coenae</span> <span class='ocrx_word' id='word_1_307' title='bbox 476 2168 581 2200; x_wconf 89' lang='lat' dir='ltr'>usus,</span> <span class='ocrx_word' id='word_1_308' title='bbox 613 2153 680 2204; x_wconf 91' lang='lat' dir='ltr'>qui</span> <span class='ocrx_word' id='word_1_309' title='bbox 711 2154 751 2192; x_wconf 93' lang='lat' dir='ltr'>in</span> <span class='ocrx_word' id='word_1_310' title='bbox 780 2162 870 2193; x_wconf 91' lang='lat' dir='ltr'>actu</span> <span class='ocrx_word' id='word_1_311' title='bbox 900 2153 987 2203; x_wconf 90' lang='lat' dir='ltr'>ipso</span> <span class='ocrx_word' id='word_1_312' title='bbox 1017 2161 1175 2203; x_wconf 90' lang='lat' dir='ltr'>propter</span> <span class='ocrx_word' id='word_1_313' title='bbox 1211 2152 1506 2203; x_wconf 87' lang='lat' dir='ltr'>incogitantiam</span> 
     </span>
     <span class='ocr_line' id='line_1_40' title="bbox 107 2206 1506 2258; baseline -0.004 -10"><span class='ocrx_word' id='word_1_314' title='bbox 107 2211 167 2248; x_wconf 92' lang='lat' dir='ltr'>vel</span> <span class='ocrx_word' id='word_1_315' title='bbox 197 2209 419 2248; x_wconf 83' lang='lat' dir='ltr'>tarditatem</span> <span class='ocrx_word' id='word_1_316' title='bbox 450 2217 624 2247; x_wconf 88' lang='lat' dir='ltr'>nostram</span> <span class='ocrx_word' id='word_1_317' title='bbox 655 2221 791 2258; x_wconf 84' lang='lat' dir='ltr'>parum</span> <span class='ocrx_word' id='word_1_318' title='bbox 822 2209 994 2257; x_wconf 87' lang='lat' dir='ltr'>prodest,</span> <span class='ocrx_word' id='word_1_319' title='bbox 1017 2208 1185 2245; x_wconf 85' lang='lat' dir='ltr'>fructum</span> <span class='ocrx_word' id='word_1_320' title='bbox 1217 2206 1363 2244; x_wconf 91' lang='lat' dir='ltr'>deinde</span> <span class='ocrx_word' id='word_1_321' title='bbox 1392 2218 1506 2244; x_wconf 91' lang='lat' dir='ltr'>suum</span> 
     </span>
     <span class='ocr_line' id='line_1_41' title="bbox 108 2264 287 2313; baseline 0 -12"><span class='ocrx_word' id='word_1_322' title='bbox 108 2264 287 2313; x_wconf 87' lang='lat' dir='ltr'>proferat.</span> 
     </span>
    </p>

    <p class='ocr_par' dir='ltr' id='par_1_7' title="bbox 109 2312 1509 2526">
     <span class='ocr_line' id='line_1_42' title="bbox 162 2312 1508 2364; baseline -0.004 -9"><span class='ocrx_word' id='word_1_323' title='bbox 162 2318 273 2355; x_wconf 91' lang='lat' dir='ltr'>XXI.</span> <span class='ocrx_word' id='word_1_324' title='bbox 308 2316 538 2355; x_wconf 88' lang='lat' dir='ltr'>Praesertim</span> <span class='ocrx_word' id='word_1_325' title='bbox 572 2329 663 2354; x_wconf 91' lang='lat' dir='ltr'>vero</span> <span class='ocrx_word' id='word_1_326' title='bbox 696 2316 871 2354; x_wconf 87' lang='lat' dir='ltr'>tollenda</span> <span class='ocrx_word' id='word_1_327' title='bbox 903 2323 960 2353; x_wconf 89' lang='lat' dir='ltr'>est</span> <span class='ocrx_word' id='word_1_328' title='bbox 996 2314 1195 2364; x_wconf 87' lang='lat' dir='ltr'>quaelibet</span> <span class='ocrx_word' id='word_1_329' title='bbox 1231 2312 1365 2351; x_wconf 87' lang='lat' dir='ltr'>localis</span> <span class='ocrx_word' id='word_1_330' title='bbox 1405 2325 1508 2362; x_wconf 88' lang='lat' dir='ltr'>prae—</span> 
     </span>
     <span class='ocr_line' id='line_1_43' title="bbox 112 2366 1508 2420; baseline -0.004 -12"><span class='ocrx_word' id='word_1_331' title='bbox 112 2371 262 2409; x_wconf 89' lang='lat' dir='ltr'>sentiae</span> <span class='ocrx_word' id='word_1_332' title='bbox 296 2370 533 2420; x_wconf 88' lang='lat' dir='ltr'>imaginatio.</span> <span class='ocrx_word' id='word_1_333' title='bbox 594 2371 697 2407; x_wconf 91' lang='lat' dir='ltr'>Nam</span> <span class='ocrx_word' id='word_1_334' title='bbox 738 2382 860 2419; x_wconf 90' lang='lat' dir='ltr'>quum</span> <span class='ocrx_word' id='word_1_335' title='bbox 902 2368 1012 2418; x_wconf 88' lang='lat' dir='ltr'>signa</span> <span class='ocrx_word' id='word_1_336' title='bbox 1047 2367 1109 2405; x_wconf 92' lang='lat' dir='ltr'>hic</span> <span class='ocrx_word' id='word_1_337' title='bbox 1150 2368 1188 2404; x_wconf 91' lang='lat' dir='ltr'>in</span> <span class='ocrx_word' id='word_1_338' title='bbox 1228 2367 1380 2404; x_wconf 89' lang='lat' dir='ltr'>mundo</span> <span class='ocrx_word' id='word_1_339' title='bbox 1420 2366 1508 2411; x_wconf 75' lang='lat' dir='ltr'>sint,</span> 
     </span>
     <span class='ocr_line' id='line_1_44' title="bbox 110 2420 1509 2473; baseline -0.003 -12"><span class='ocrx_word' id='word_1_340' title='bbox 110 2425 234 2462; x_wconf 89' lang='lat' dir='ltr'>oculis</span> <span class='ocrx_word' id='word_1_341' title='bbox 255 2432 474 2469; x_wconf 86' lang='lat' dir='ltr'>cernantur,</span> <span class='ocrx_word' id='word_1_342' title='bbox 497 2425 703 2473; x_wconf 88' lang='lat' dir='ltr'>palpentur</span> <span class='ocrx_word' id='word_1_343' title='bbox 725 2423 931 2461; x_wconf 78' lang='lat' dir='ltr'>manibus:</span> <span class='ocrx_word' id='word_1_344' title='bbox 971 2420 1150 2460; x_wconf 82' lang='lat' dir='ltr'>Christus</span> <span class='ocrx_word' id='word_1_345' title='bbox 1172 2429 1366 2470; x_wconf 88' lang='lat' dir='ltr'>quatenus</span> <span class='ocrx_word' id='word_1_346' title='bbox 1388 2421 1509 2457; x_wconf 88' lang='lat' dir='ltr'>homo</span> 
     </span>
     <span class='ocr_line' id='line_1_45' title="bbox 109 2474 1509 2526; baseline -0.003 -11"><span class='ocrx_word' id='word_1_347' title='bbox 109 2485 176 2524; x_wconf 89' lang='lat' dir='ltr'>est,</span> <span class='ocrx_word' id='word_1_348' title='bbox 199 2490 280 2515; x_wconf 90' lang='lat' dir='ltr'>non</span> <span class='ocrx_word' id='word_1_349' title='bbox 309 2477 401 2515; x_wconf 86' lang='lat' dir='ltr'>alibi</span> <span class='ocrx_word' id='word_1_350' title='bbox 431 2490 548 2526; x_wconf 90' lang='lat' dir='ltr'>quam</span> <span class='ocrx_word' id='word_1_351' title='bbox 581 2477 617 2514; x_wconf 92' lang='lat' dir='ltr'>in</span> <span class='ocrx_word' id='word_1_352' title='bbox 650 2478 769 2523; x_wconf 90' lang='lat' dir='ltr'>caelo,</span> <span class='ocrx_word' id='word_1_353' title='bbox 793 2489 865 2514; x_wconf 88' lang='lat' dir='ltr'>nec</span> <span class='ocrx_word' id='word_1_354' title='bbox 895 2475 1005 2513; x_wconf 86' lang='lat' dir='ltr'>aliter</span> <span class='ocrx_word' id='word_1_355' title='bbox 1034 2488 1151 2524; x_wconf 88' lang='lat' dir='ltr'>quam</span> <span class='ocrx_word' id='word_1_356' title='bbox 1184 2482 1316 2512; x_wconf 89' lang='lat' dir='ltr'>mente</span> <span class='ocrx_word' id='word_1_357' title='bbox 1346 2482 1383 2511; x_wconf 88' lang='lat' dir='ltr'>et</span> <span class='ocrx_word' id='word_1_358' title='bbox 1419 2474 1509 2512; x_wconf 90' lang='lat' dir='ltr'>fidei</span> 
     </span>
    </p>
   </div>
  </div>
 </body>
</html>
