1715 2780
187 84 263 132 386
375 84 494 121 THE
526 84 832 124 ISOLATION
863 85 935 124 OF
964 75 1196 130 ZURICH,
1233 95 1383 134 1520—1
1507 85 1582 123 168

186 186 303 224 made
323 199 346 224 a
365 187 436 225 law
457 187 536 225 and
557 187 772 225 ordinance
793 185 1014 237 respecting
1033 185 1182 237 foreign
1203 186 1358 237 princes
1377 188 1457 226 and
1477 189 1583 227 lords

185 241 265 279 and
295 241 514 279 consented
543 242 623 280 and
652 254 774 280 swore
803 242 956 280 thereto
984 242 1065 279 and
1103 241 1243 280 bound
1271 243 1494 291 yourselves
1533 242 1584 292 by

186 295 281 332 oath
307 302 346 332 at
376 296 541 345 Horgen
567 302 608 333 to
635 296 710 333 live
738 295 789 345 by
812 295 893 334 and
919 295 1083 334 observe
1106 296 1174 333 the
1196 308 1315 342 same,
1338 295 1388 334 be
1412 294 1440 334 it
1460 296 1583 334 there-

186 349 269 386 fore
289 349 355 387 the
377 348 542 398 friendly
564 348 729 399 petition
749 350 829 387 and
859 356 1016 399 request
1043 350 1086 387 of
1111 362 1183 387 our
1202 350 1328 388 whole
1357 350 1583 389 Commune

186 403 270 440 that
300 416 388 452 you,
412 416 476 452 my
504 404 641 450 Lords,
664 404 794 441 would
825 402 901 441 still
931 402 1119 442 continue
1149 402 1311 451 therein,
1341 417 1385 442 so
1414 404 1498 442 that
1527 417 1583 442 we

186 469 274 506 may
305 457 354 495 be
384 457 469 506 quit
499 458 542 494 of
576 458 642 495 the
674 458 826 496 French
855 458 1021 497 alliance
1052 458 1131 496 and
1161 459 1206 496 of
1232 459 1283 496 all
1312 456 1466 508 princes
1503 459 1583 496 and

186 511 292 548 lords
327 510 506 558 besides,
546 512 626 549 and
661 513 757 558 that,
790 524 834 550 so
864 513 920 549 far
957 525 999 550 as
1038 511 1070 549 is
1104 512 1320 551 consistent
1359 511 1451 550 with
1488 526 1584 562 your

186 565 388 614 clemency
419 566 499 603 and
531 566 779 615 indulgence,
812 578 889 615 you
920 567 1050 604 would
1082 573 1152 615 put
1181 567 1248 604 the
1278 567 1431 604 French
1461 573 1581 616 party,

187 617 335 668 foreign
359 620 438 657 and
463 620 648 666 German,
673 627 741 658 out
768 621 812 658 of
828 633 924 669 your
948 616 1025 669 city
1044 621 1124 658 and
1145 627 1321 670 country,
1342 633 1386 658 so
1406 621 1489 659 that
1513 628 1583 658 not

184 685 205 708 a
234 671 357 722 single
387 673 529 712 honest
560 675 682 711 man's
713 687 785 712 son
815 674 956 712 should
988 674 1038 712 be
1067 673 1262 724 inveigled
1291 674 1343 723 by
1363 674 1483 722 them,
1512 673 1584 713 but

185 732 267 775 stay
298 734 337 764 at
372 727 491 765 home
530 728 609 766 and
647 727 686 765 in
726 727 785 766 his
825 741 912 765 own
946 736 1120 778 country.
1181 729 1297 766 Then
1332 729 1422 778 they
1454 729 1583 767 would

185 780 235 817 be
274 779 427 819 neither
466 782 619 820 French
658 794 729 821 nor
769 782 968 832 Imperial,
1005 782 1076 820 but
1116 783 1222 832 good
1261 781 1465 821 Ziirichers
1503 783 1583 821 and

185 834 480 874 Consederates.
506 866 513 873 .
536 866 543 874 .
569 866 575 873 .

242 947 332 990 No.
365 948 468 1001 169.
514 948 730 1002 Zwingli
763 961 829 991 on
861 949 947 992 the
981 949 1227 993 Isolation
1260 948 1317 992 of
1339 949 1534 1001 Ziirich,

709 1018 769 1060 29
801 1007 918 1050 Dec.
950 1018 1063 1060 1521,

242 1130 247 1137 .
271 1129 277 1135 .
302 1129 309 1136 .
335 1098 509 1137 Petivisti
540 1099 617 1136 iam
647 1099 854 1148 aliquoties
884 1101 934 1138 de
964 1100 1042 1138 fide
1072 1107 1110 1138 et
1139 1100 1190 1138 de
1219 1101 1326 1137 cultu
1356 1107 1580 1138 sanctorum

185 1165 386 1191 sermones
415 1154 466 1191 ad
496 1160 534 1191 te
564 1153 773 1191 transmitti
790 1168 800 1201 3
833 1155 942 1203 quod
973 1154 1064 1192 ideo
1094 1166 1174 1192 non
1204 1160 1457 1204 praestamus,
1490 1153 1582 1203 quia

185 1207 337 1244 calamo
376 1220 581 1257 nunquam
617 1207 854 1257 excepimus,
888 1208 998 1257 quod
1037 1209 1199 1246 fortasse
1238 1207 1484 1258 negotiorum
1515 1221 1583 1246 no-

184 1267 350 1298 strorum
372 1261 479 1299 rudis
499 1260 640 1311 aliquis
670 1262 896 1300 detestetur.
954 1264 1018 1299 Tu
1045 1275 1137 1300 vero
1164 1261 1231 1312 qui
1259 1275 1304 1300 ea
1328 1269 1366 1300 et
1386 1261 1517 1300 vidisti
1544 1269 1582 1300 et

183 1314 339 1361 audisti,
363 1314 457 1353 boni
487 1316 737 1353 consulturus
766 1329 833 1363 es,·
862 1317 1154 1365 quamprimum
1185 1315 1299 1365 igitur
1329 1323 1481 1354 tantum
1513 1315 1582 1354 otii

183 1375 322 1406 nactus
349 1382 427 1415 ero,
449 1368 549 1406 votis
571 1368 645 1407 tuis
667 1376 704 1407 et
729 1368 759 1407 si
786 1382 867 1406 non
897 1369 1000 1416 satis,
1023 1369 1172 1419 aliquid
1197 1377 1329 1408 tamen
1350 1371 1477 1408 facere
1507 1377 1582 1408 stu-

183 1422 300 1459 debo.
358 1424 421 1459 Tu
443 1422 590 1461 interea
615 1424 722 1472 quod
743 1436 765 1460 a
790 1436 853 1461 me
878 1424 1052 1472 requiris,
1075 1425 1158 1473 ipse
1178 1431 1336 1462 strenue
1355 1437 1581 1473 exsequere,

183 1483 225 1512 ut
255 1475 332 1513 ursi
362 1476 418 1514 tui
448 1476 707 1523 ferociusculi,
740 1476 875 1515 audita
909 1477 1054 1516 Christi
1085 1477 1274 1524 doctrina,
1307 1490 1581 1516 mansuescere

182 1529 394 1579 incipiant,
424 1531 533 1580 quod
560 1530 762 1580 negotium
784 1544 938 1568 summa
958 1530 1118 1569 lenitate
1137 1530 1449 1581 adgrediendum
1470 1538 1580 1581 puto.

183 1584 270 1621 Nec
305 1585 410 1621 enim
449 1585 555 1633 apud
594 1592 682 1622 tuos
722 1584 776 1623 sic
809 1598 922 1635 agere
954 1584 1149 1633 convenit,
1184 1593 1226 1624 ut
1263 1586 1370 1635 apud
1402 1593 1580 1624 nostros:

183 1644 341 1675 tuorum
389 1637 494 1676 enim
541 1652 653 1676 aures
698 1638 924 1677 etiamnunc
972 1638 1184 1678 teneriores
1232 1653 1322 1677 curn
1370 1638 1457 1685 sint,
1498 1653 1579 1677 non

182 1699 272 1729 sunt
302 1691 480 1741 protinus
507 1699 585 1730 tam
618 1692 793 1731 mordaci
814 1706 905 1731 vero
929 1694 1153 1732 radendae:
1184 1695 1293 1743 quod
1319 1700 1357 1731 et
1378 1693 1579 1733 Christum

183 1744 350 1783 sensisse
383 1754 490 1796 puto,
525 1759 648 1796 quum
679 1747 802 1785 vetuit
836 1747 1060 1796 margaritas
1091 1755 1183 1785 ante
1213 1760 1354 1796 porcos
1388 1746 1577 1797 dissipari,

181 1798 249 1847 qui
274 1800 436 1838 fortasse
464 1799 503 1838 in
533 1808 570 1838 te
597 1800 774 1839 conversi
804 1814 944 1850 magna
973 1808 1011 1839 te
1040 1801 1200 1839 saevitia
1228 1800 1505 1851 discerperent,
1533 1814 1579 1839 ac

183 1852 222 1889 in
243 1860 478 1902 perpetuum
499 1854 745 1903 evangelium
768 1854 913 1894 Christi
939 1856 1151 1893 horrerent.
1211 1856 1438 1904 Palpandae
1464 1854 1579 1904 igitur

182 1913 273 1943 sunt
303 1907 376 1944 hae
404 1908 506 1945 ferae
533 1908 669 1955 lenius,
694 1916 731 1946 et
757 1910 808 1947 ad
829 1922 962 1946 earum
993 1908 1182 1947 insultum
1212 1909 1408 1958 paulisper
1433 1909 1577 1947 ceden-

182 1960 289 2006 dum,
319 1961 448 1998 donec
478 1961 665 2010 patientia
695 1969 827 2000 nostra
856 1961 1129 2012 intrepidaque
1159 1961 1327 2012 pectoris
1357 1961 1578 2000 constantia

182 2021 397 2062 superatae,
431 2014 579 2053 cicures
609 2016 832 2053 reddantur.
893 2015 1015 2054 Dedit
1045 2023 1082 2053 et
1117 2018 1254 2054 Petrus
1292 2015 1453 2065 aliquid,
1485 2029 1575 2053 cum

182 2066 301 2106 dixit:
343 2066 420 2106 Sed
452 2081 558 2106 nunc
589 2068 682 2114 scio,
719 2069 864 2115 fratres,
900 2082 968 2107 vos
1000 2068 1223 2119 ignorantes
1258 2070 1384 2107 isthoc
1414 2069 1578 2117 fecisse;

181 2120 292 2159 dedit
339 2122 495 2168 Paulus,
536 2123 632 2160 dum
681 2123 839 2160 Galatas
887 2123 986 2161 lacte
1033 2136 1113 2160 non
1162 2122 1288 2161 solido
1335 2122 1426 2161 cibo
1468 2123 1575 2161 aluit.

183 2175 396 2213 Cesserunt
435 2189 572 2214 omnes
611 2176 779 2225 apostoli
818 2175 1013 2223 saevitiae,
1053 2177 1148 2214 dum
1196 2190 1278 2215 non
1324 2176 1576 2226 pervicaciter

182 2228 343 2267 Senatui
373 2229 685 2279 obstrepuerunt,
718 2229 911 2267 vibicibus
942 2230 1059 2268 etiam
1090 2229 1208 2277 lividi,
1233 2231 1303 2269 sed
1329 2243 1352 2268 a
1377 2230 1575 2281 praedica-

181 2281 288 2320 tione
309 2297 390 2321 non
411 2290 622 2321 cessarunt.
682 2284 745 2321 Sic
766 2296 860 2333 rogo
888 2284 956 2321 fias
980 2283 1114 2321 omnia
1143 2283 1339 2332 omnibus,
1363 2298 1413 2323 ne
1442 2291 1573 2322 tecum

181 2336 360 2375 Christus
409 2338 651 2386 explodatur.
727 2338 846 2375 Serva
892 2337 1007 2375 nobis
1056 2337 1257 2377 Christum
1305 2339 1411 2387 apud
1459 2345 1576 2385 tu0s3

178 2389 371 2438 patienter
399 2390 503 2437 audi,
526 2404 576 2429 ne
601 2403 756 2429 mecum
787 2392 888 2429 male
917 2391 1063 2429 audias.
1124 2393 1364 2441 Quanquam
1385 2392 1494 2441 quod
1520 2390 1574 2429 illi

179 2443 449 2493 impudentius
483 2444 523 2482 in
562 2458 625 2483 me
664 2445 819 2491 iactant,
856 2444 1198 2494 impudentissime
1236 2446 1450 2484 confictum
1490 2451 1572 2484 est:
