1715 2780
149 134 233 184 306
590 132 650 172 ΙΝ
682 133 924 179 GENEVA,
961 142 1112 181 1541-2
1471 129 1548 176 629

149 239 213 279 hic
229 240 370 290 partim
386 238 425 278 in
443 237 695 278 restituendis
716 237 832 277 rebus
848 236 1045 286 collapsis,
1064 233 1203 285 partin]
1222 234 1261 272 in
1278 232 1551 272 conservando

150 294 417 345 qualicunque
438 301 540 333 statu
562 306 643 332 non
664 291 799 331 leviter
819 303 1013 330 exerceor.
1066 291 1172 327 Dum
1196 302 1259 327 me
1276 287 1450 327 Comitia
1471 300 1551 324 mo—

149 356 293 396 rantur,
314 350 503 387 Bernates
524 347 702 386 Viretum
725 345 867 385 nostris
889 347 996 384 Velut
1017 343 1193 395 precario
1213 343 1405 381 dederant
1426 354 1551 391 usque

148 403 200 442 ad
232 416 364 442 meum
397 403 624 442 adventurn.
676 403 715 440 Is
748 399 844 438 mihi
876 413 957 438 non
987 412 1124 449 parum
1157 396 1319 448 quidem
1344 394 1550 435 levationis

149 458 331 496 attulerat
347 472 354 496 ε
385 457 538 496 efficere
554 464 684 495 tamen
704 468 784 493 non
803 462 984 505 potuerat
1007 452 1103 503 quin
1121 452 1256 492 omnia
1271 451 1403 490 adhuc
1420 456 1551 488 essent

149 511 389 551 difficillima.
450 512 553 551 Cum
576 509 871 561 reposceretur‚¹
894 507 1074 547 obtinui²
1096 514 1137 545 ut
1163 505 1258 544 mihi
1280 511 1552 556 prorogaretur

150 573 306 616 tempus
335 566 386 604 ad
413 578 480 604 sex
507 578 674 604 menses.
735 563 832 602 Eius
859 576 989 613 opera,
1013 561 1189 608 consilio,
1213 561 1302 608 fide,
1327 558 1460 598 studio
1486 559 1552 596 ad-

149 619 253 659 iutus
282 628 485 670 utcunque
512 619 552 657 in
580 618 782 657 meliorem
811 619 977 656 formam
1006 616 1155 655 restitui
1183 628 1285 665 quae
1306 615 1366 653 vel
1393 626 1551 664 prorsus

149 687 283 713 eversa
301 675 363 713 vel
383 675 514 721 fracta,
538 675 665 712 lacera
683 686 728 711 ac
750 671 938 722 dissipata
959 678 1078 710 erant.

204 727 402 779 Principio
419 728 510 766 hinc
532 727 604 766 fuit
625 727 908 773 inchoandum,
925 733 967 764 ut
985 727 1089 776 leges
1107 723 1394 764 ecclesiasticae
1411 721 1552 760 scribe-

150 789 293 822 rentur.
353 782 481 821 Nobis
502 781 679 820 adiuncti
696 789 786 820 sunt
808 793 875 819 sex
896 794 917 819 e
939 781 1085 819 Senatu
1108 778 1175 830 qui
1196 792 1262 817 eas
1283 776 1548 827 conciperent.

151 838 259 876 Intra
274 836 408 887 viginti
423 836 507 876 dies
524 837 732 875 formulam
747 835 1148 886 composuimus‚non
1162 833 1267 871 illam
1283 831 1443 882 quidem
1459 829 1552 868 satis

149 890 383 940 absolutam,
395 892 465 930 sed
481 904 552 941 pro
566 887 1254 941 temporisinfirmitatetolerabilem.
1290 888 1348 924 Ea
1362 883 1551 935 suffragiis

149 945 286 996 populi
301 953 460 996 recepta
477 946 560 984 fuit.
604 944 878 984 Constitutum
893 943 1039 982 deinde
1055 942 1252 981 Iudicium
1271 941 1379 990 quod
1397 952 1550 978 morum

150 1013 355 1039 censuram
373 1008 551 1039 exerceat
571 1013 617 1037 ac
634 1000 824 1038 ecclesiae
841 997 968 1037 ordini
991 998 1185 1037 servando
1201 995 1385 1045 invigilet.
1432 992 1551 1031 Volui

150 1054 268 1106 enim,
291 1054 391 1093 sicut
419 1068 591 1104 aequum
614 1061 683 1101 est,
707 1052 948 1103 spiritualem
976 1059 1211 1102 potestatem
1238 1064 1260 1088 a
1280 1048 1382 1088 civili
1405 1047 1552 1087 iudicio

149 1107 347 1160 distingui.
391 1110 452 1147 Ita
469 1110 507 1147 in
522 1121 637 1146 usum
654 1107 768 1147 rediit
785 1105 1173 1146 excommunicati0.³
1212 1103 1412 1154 Quoniam
1431 1101 1551 1152 pestis

149 1162 188 1201 in
206 1163 420 1202 Germania
435 1162 633 1202 saeviebat
650 1169 688 1201 et
707 1162 828 1200 altera
844 1175 889 1200 ex
907 1168 1014 1211 parte
1031 1161 1190 1207 bellum,
1208 1158 1281 1198 feci
1298 1165 1339 1196 ut
1361 1156 1551 1207 supplica-

149 1216 276 1256 tiones
297 1216 625 1256 extraordinariae
646 1218 962 1255 decernerentur.
1010 1214 1259 1253 Precationes
1281 1211 1424 1263 quibus
1446 1211 1485 1249 in
1507 1209 1552 1248 iis

151 1278 348 1310 uteremur
363 1271 607 1321 conscripsi*
638 1272 702 1310 Ad
719 1271 816 1309 haec
833 1277 875 1308 ut
892 1269 930 1307 in
948 1271 1290 1308 Sacramentorum
1308 1265 1552 1305 administra-

148 1325 256 1365 tione
271 1325 438 1376 amplior
452 1339 498 1364 ac
513 1324 746 1364 luculentior
760 1325 968 1363 haberetur
981 1323 1199 1374 explicatio,
1210 1335 1331 1360 novas
1347 1320 1552 1359 formulas5

149 1379 296 1420 addidi.
334 1381 517 1418 Tandem
532 1379 620 1418 veni
636 1381 687 1418 ad
702 1378 1027 1426 catechismum?
1041 1378 1079 1416 in
1095 1391 1174 1427 quo
1189 1376 1400 1415 scribendo
1417 1373 1554 1413 Domi-

151 1447 245 1473 num
267 1433 363 1473 mihi
383 1433 556 1474 adfuisse
577 1435 751 1473 confido.
801 1435 1021 1471 Paucorum
1043 1432 1194 1471 dierum
1218 1438 1309 1470 sunt
1330 1429 1426 1468 istae
1447 1430 1552 1466 lucu-

150 1489 359 1536 brationes,
377 1490 522 1528 fateor:
553 1490 623 1527 sed
645 1489 743 1527 inter
760 1495 816 1526 tot
837 1495 1104 1534 avocamenta,
1122 1485 1266 1536 quibus
1288 1484 1457 1523 subinde
1473 1484 1551 1521 huc

149 1542 241 1581 illuc
261 1542 443 1594 abripior,
463 1544 592 1582 nullus
614 1543 724 1581 labor
744 1555 824 1581 non
846 1540 1026 1581 difficilis.
1080 1542 1173 1579 Non
1194 1539 1299 1579 enim
1322 1537 1483 1577 memini
1506 1551 1551 1575 ex

149 1610 230 1647 quo
254 1597 318 1635 hic
345 1611 444 1645 sum,
467 1598 565 1636 duas
593 1598 708 1635 horas
735 1596 819 1635 sine
847 1596 1162 1646 interpellatione
1190 1594 1285 1632 mihi
1314 1595 1425 1632 datas
1453 1605 1548 1630 esse.

150 1652 267 1691 Adde
297 1653 405 1702 quod
432 1653 719 1690 sustitutionem
749 1650 909 1689 latinam
940 1650 1144 1688 absolvere
1175 1647 1358 1699 oportuit,
1391 1647 1429 1685 in
1460 1660 1549 1696 qua,

149 1713 360 1756 postquam
381 1705 527 1754 exierit,
550 1705 702 1745 videbis
725 1719 787 1744 me
808 1719 888 1743 non
910 1703 1044 1743 leviter
1066 1704 1239 1742 sudasse.
1263 1734 1268 1740 .
1294 1733 1300 1740 .
1324 1733 1330 1739 .

776 1836 921 1874 XVIII

322 1923 440 1960 THE
474 1922 798 1961 DISCIPLINE
830 1922 890 1959 IN
921 1921 1164 1968 GENEVA,
1202 1922 1378 1970 1542·64

196 2009 277 2044 The
295 2009 379 2044 task
396 2009 435 2044 of
451 2009 580 2044 Calvin
601 2008 875 2044 hencesorward
897 2020 970 2042 was
990 2015 1027 2043 to
1050 2007 1233 2042 maintain
1256 2008 1319 2042 the
1344 2006 1548 2051 Discipline

149 2056 268 2091 which
287 2057 332 2092 he
350 2057 424 2092 had
443 2063 496 2092 set
515 2069 574 2102 up.
628 2057 689 2091 Six
709 2068 813 2101 years
833 2056 874 2090 of
894 2055 934 2101 (i)
953 2055 1238 2098 consolidation‚
1260 2054 1312 2089 six
1331 2055 1370 2088 of
1388 2054 1441 2097 (ii)
1462 2065 1549 2088 con-

149 2103 237 2147 flict‚
255 2104 330 2138 and
350 2110 412 2139 ten
431 2104 551 2149 of(iii)
571 2104 804 2146 dominatrice,
823 2103 1050 2138 established
1070 2103 1095 2137 it
1115 2103 1241 2137 before
1260 2102 1317 2136 his
1338 2102 1461 2136 death.

197 2151 238 2196 (i)
260 2152 370 2185 From
392 2152 528 2196 1542—ss
556 2152 619 2186 the
647 2151 852 2196 Discipline
882 2162 954 2186 was
980 2150 1245 2185 consolidated.
1300 2150 1360 2184 On
1391 2149 1432 2182 16
1462 2148 1549 2182 Feb.

153 2206 239 2242 1542
259 2197 347 2242 [No.
366 2198 450 2243 307]
471 2200 541 2235 the
560 2200 811 2244 Consistory
838 2198 924 2232 held
951 2199 999 2232 its
1026 2198 1129 2232 tenth
1158 2196 1445 2240 ineeting·,—tlie
1472 2195 1548 2229 first

148 2245 188 2279 of
198 2245 316 2279 which
330 2247 489 2280 minutes
502 2247 592 2281 exist
607 2247 762 2291 (Opera,
777 2245 844 2280 xxi.
859 2245 914 2290 [=
936 2246 971 2279 C.
984 2247 1024 2279 R.
1038 2244 1135 2289 xlix]
1148 2243 1383 2288 291),-—and,
1401 2251 1549 2286 1542-3,

194 2325 204 2343 ¹
227 2335 269 2356 sc.
282 2326 324 2366 by
335 2326 515 2366 Lausanne,
530 2327 609 2358 Dec.
627 2327 876 2367 1541,osl’.er11;
899 2327 938 2357 cf.
955 2325 1177 2365 Herminjard,
1191 2324 1244 2362 vii,
1262 2324 1325 2355 No.
1343 2323 1436 2363 1076,
1451 2334 1480 2354 n.
1499 2333 1549 2354 22.

196 2368 209 2387 2
233 2379 276 2401 sc.
296 2370 378 2401 from
396 2370 488 2410 Bern,
508 2381 549 2402 on
568 2378 583 2411 7
601 2370 676 2411 Jan.
697 2379 790 2411 1542.
839 2370 923 2402 lhicl.
942 2369 994 2409 vii,
1014 2370 1078 2400 No.
1102 2378 1194 2409 ¹090›
1212 2379 1242 2399 n.
1264 2376 1292 2406 3.

197 2411 210 2429 ³
234 2413 271 2444 In
287 2413 365 2454 July
386 2421 465 2454 1537
491 2414 544 2445 the
569 2414 775 2455 magistrates
799 2414 835 2445 of
856 2414 989 2445 (jeneva
1005 2413 1069 2444 had
1095 2411 1264 2443 abolished
1283 2412 1546 2443 excommnnica-

156 2456 224 2487 tion
242 2457 273 2487 in
293 2457 404 2488 favour
421 2458 456 2488 of
469 2457 677 2489 banishment
696 2458 938 2498 (Herminjard,
958 2457 1013 2495 vii,
1031 2457 1096 2487 No.
1120 2465 1211 2497 1090,
1232 2466 1261 2486 11.
1283 2455 1326 2496 7).

194 2499 205 2545 „⁴
232 2501 266 2531 ln
286 2501 335 2531 La
351 2501 465 2532 Forma
481 2501 532 2532 des
542 2502 676 2542 prim-cs.
695 2503 770 2538 δια,
790 2502 904 2541 Opera.
923 2501 962 2531 vi.
983 2501 1033 2541 [z
1054 2502 1090 2531 (’.
1104 2500 1145 2530 Λ’.
1165 2499 1290 2538 xxxixa]
1313 2500 1373 2530 180
1384 2511 1452 2541 sqq.

193 2550 204 2559 ·'
228 2544 277 2575 Cf.
300 2545 414 2585 Opera,
433 2546 472 2575 vi.
494 2544 544 2584 [z
568 2547 601 2576 ζ’.
617 2546 655 2575 lx‘.
678 2544 802 2584 xxxin]
827 2547 965 2585 18551‘111.
1101 2546 1112 2559 '³
1139 2544 1221 2574 llvc'd.
1244 2544 1283 2575 vi.
1308 2553 1401 2585 isqq.
