1715 2780
108 84 156 124 73
257 75 378 113 THE
409 74 640 113 MISSION
673 74 744 113 OF
774 73 1124 120 CAMPEGGIO,
1161 85 1315 123 1523—4
1434 87 1504 123 143

105 180 203 218 falso
222 191 449 230 persuasam
469 186 670 229 praetextu
691 176 940 227 evangelicae
961 176 1144 225 caritatis,
1161 190 1242 214 non
1263 189 1421 226 parvam
1445 178 1508 214 ha-

109 232 240 272 buisse
259 232 522 281 occasionem,
545 231 685 284 partim
706 245 729 270 a
748 230 910 282 perditis
941 230 1116 270 moribus
1144 238 1182 269 et
1209 231 1401 270 dissoluta
1429 230 1507 269 vita

106 287 349 335 clericorum,
386 288 526 338 partim
562 287 615 325 ob
649 299 730 324 non
764 285 912 324 diutius
947 285 1279 324 dissimulandum
1311 297 1506 323 sacrarum

105 341 356 381 sanctionum
394 340 827 390 ecclesiasticarumque
865 339 1193 378 constitutionum
1231 339 1428 378 abusum:
1469 348 1507 378 et

106 396 271 447 perinde
300 409 382 434 non
411 409 550 446 parum
580 394 773 434 momenti
801 395 883 433 fore
913 393 1187 445 exstirpandae
1218 393 1505 433 haereticorum

107 450 424 489 Lutheranorum
447 457 484 488 et
506 463 642 489 eorum
672 448 902 499 sequacium
933 456 1062 487 sectae
1092 456 1135 487 ut
1163 447 1294 487 clerici
1315 449 1365 487 ad
1387 449 1507 486 hone-

106 512 246 550 statem
272 504 374 543 vitae
401 517 609 554 moresque
643 516 735 542 suos
774 502 860 541 illos
893 516 992 553 quos
1022 504 1071 541 D.
1102 504 1247 541 Paulus
1281 501 1398 552 exigit
1424 532 1433 540 .
1460 532 1468 540 .
1495 532 1503 541 .

105 558 241 597 debita
260 571 426 597 censura
445 557 608 605 reducti,
629 558 857 607 abususque
877 556 998 595 laicos
1020 558 1121 595 male
1141 557 1390 596 offendentes
1420 557 1509 595 sub·

106 612 173 651 lati
220 612 373 651 fuerint.
447 614 588 662 Itaque
630 611 773 650 habitis
820 611 980 649 maturis
1026 611 1377 652 deliberationibus
1407 641 1416 650 .
1454 640 1462 650 .
1498 640 1505 650 .

105 667 368 717 praefatorum
413 665 653 705 Ferdinandi
687 665 890 716 Principis,
919 670 986 704 &c.
1020 696 1028 704 .
1060 696 1067 703 .
1099 695 1106 703 .
1139 667 1326 704 salutares
1357 664 1508 715 aliquot

107 751 115 759 .
139 750 146 758 .
168 751 176 759 .
200 721 341 760 modos
365 720 629 771 praescribere
651 750 658 758 .
683 750 690 758 .
716 750 723 758 .
747 719 1011 758 necessarium
1041 719 1238 758 duximus.
1297 719 1507 768 Quocirca,

105 774 338 813 auctoritate
366 773 584 825 apostolica
609 787 688 824 qua
716 773 914 824 fungimur
938 773 977 811 in
1005 775 1079 812 hac
1109 781 1218 824 parte
1248 780 1393 811 statuta
1421 804 1428 812 .
1458 804 1465 811 .
1499 803 1506 811 .

106 842 175 879 per
203 842 276 867 nos
309 859 316 868 .
351 859 359 867 .
394 859 402 867 .
435 827 541 867 edita
569 828 620 866 ab
648 827 834 866 omnibus
865 835 902 866 et
934 827 1095 877 singulis
1129 858 1135 865 .
1171 858 1180 866 .
1213 858 1220 865 .
1251 826 1440 877 religiosis
1470 835 1507 865 et

105 881 255 922 clericis
284 882 323 921 in
354 882 534 921 universa
554 882 768 922 Germania
794 881 1057 920 residentibus
1085 881 1360 921 inviolabiliter
1381 881 1508 920 obser-

107 936 186 975 vari
207 938 402 976 volumus.
425 968 432 976 .
456 968 463 976 .
488 967 495 975 .
523 939 648 975 Tener
665 949 752 975 vero
770 942 1003 974 statutorum
1024 966 1031 974 .
1056 967 1063 974 .
1087 966 1095 974 .
1117 942 1172 974 est
1191 937 1282 974 talis
1301 952 1307 974 :

165 1006 196 1030 1.
229 992 333 1031 Cum
354 991 604 1042 potissimum
625 991 756 1029 anima
776 990 906 1038 verbo,
931 991 1040 1040 quod
1065 1004 1112 1029 ex
1133 1003 1199 1029 ore
1222 991 1297 1028 Dei
1318 989 1510 1040 procedit,

106 1046 223 1094 vivat,
236 1045 276 1084 id
292 1053 425 1084 autem
447 1059 520 1084 nec
541 1047 685 1096 passim
707 1058 781 1083 nec
801 1046 852 1083 ab
873 1044 1059 1083 omnibus
1076 1044 1259 1095 expediat
1280 1043 1507 1094 praedicari,

106 1101 349 1139 admonente
370 1101 575 1150 Apostolo‚
599 1099 666 1149 qui
688 1098 840 1149 inquit:
875 1099 1069 1148 Quomodo
1097 1100 1197 1137 enim
1214 1099 1506 1148 praedicabunt,

107 1156 186 1193 m'sz‘
212 1156 450 1193 mittantur:
494 1153 585 1193 ideo
620 1153 826 1192 statuimus
858 1161 897 1191 et
931 1152 1159 1192 ordinamus
1193 1160 1236 1190 ut
1274 1165 1356 1191 non
1394 1151 1509 1191 liceat

106 1208 303 1259 cuiquam,
323 1207 440 1247 etiam
461 1208 690 1258 religionem
711 1209 887 1258 professo
907 1215 945 1246 et
966 1206 1269 1257 quomodolibet
1285 1205 1507 1254 exercitato,

106 1262 354 1313 evangelium
385 1263 529 1301 docere
571 1261 646 1300 nisi
684 1262 735 1299 ab
779 1261 991 1300 Ordinario
1024 1263 1084 1300 vel
1124 1261 1206 1299 eius
1246 1260 1391 1299 vicario
1429 1268 1508 1298 tam

108 1317 283 1356 moribus
303 1330 421 1367 quam
443 1316 623 1355 doctrina
643 1315 830 1366 probatus
858 1315 982 1364 fuerit,
1007 1317 1109 1353 facta
1129 1316 1218 1363 fide,
1241 1328 1310 1365 per
1329 1322 1509 1365 patentes

107 1371 248 1418 literas,
289 1384 390 1421 quae
428 1378 580 1421 praeter
619 1369 772 1409 Notarii
812 1370 1036 1409 mercedem
1069 1369 1186 1419 gratis
1226 1370 1507 1408 concedantur.

110 1425 225 1464 Missi
254 1424 387 1475 itaque
416 1433 536 1476 atque
564 1424 719 1475 probati
750 1424 1021 1474 evangelicum
1051 1423 1255 1474 negotium
1286 1423 1509 1462 tractabunt

108 1487 224 1527 recte,
240 1478 368 1518 sobrie
382 1486 420 1518 et
440 1492 547 1529 pure,
570 1480 657 1517 loca
678 1492 859 1529 quaeque
880 1478 1085 1517 recondita
1115 1477 1237 1528 magis
1265 1485 1303 1516 et
1330 1478 1510 1516 abstrusa

109 1532 391 1583 intellectuque
405 1533 578 1571 difficilia
594 1546 675 1571 non
691 1534 742 1571 ad
759 1546 907 1570 novum
922 1540 960 1571 et
980 1532 1248 1571 adulterinum
1265 1545 1425 1570 sensum
1440 1532 1510 1570 sed

108 1586 214 1626 iuxta
234 1594 458 1626 sanctorum
481 1589 641 1625 Patrum
672 1595 710 1625 et
735 1587 786 1625 ab
814 1586 980 1625 ecclesia
1003 1594 1251 1636 receptorum
1275 1588 1507 1632 Doctorum,

108 1641 318 1692 praecipue
339 1641 538 1691 Cypriani,
562 1641 845 1691 Chrysostomi,
872 1640 1088 1687 Ambrosii,
1111 1639 1358 1689 Hieronymi,
1378 1642 1510 1689 Augu-

109 1695 201 1733 stini
226 1703 264 1734 et
292 1694 468 1746 Gregorii
493 1702 692 1745 exponant
713 1702 751 1733 et
771 1694 1084 1744 interpretentur.
1145 1694 1267 1733 Omni
1295 1693 1412 1732 etiam
1434 1706 1511 1743 ope

108 1750 293 1788 studeant
312 1762 363 1788 ne
383 1762 454 1800 pro
468 1749 568 1788 veris
588 1748 742 1788 somnia
763 1756 801 1787 et
820 1748 943 1787 aniles
964 1748 1135 1794 fabellas,
1155 1761 1225 1798 pro
1246 1747 1360 1786 certis
1377 1747 1510 1794 dubia,

109 1816 179 1853 pro
206 1803 372 1853 receptis
400 1804 625 1854 apocrypha
651 1810 689 1841 et
719 1803 953 1841 iamdudum
983 1803 1143 1852 explosa
1169 1802 1436 1851 damnataque
1460 1801 1511 1839 ab

110 1857 330 1895 orthodoxa
359 1857 526 1896 ecclesia
554 1858 710 1895 tradant
734 1858 795 1895 vel
825 1858 1072 1906 depromant.
1104 1886 1111 1894 .
1145 1887 1151 1894 .
1185 1886 1192 1893 .
1228 1857 1368 1906 Itaque
1398 1855 1512 1894 Ordi-

109 1910 239 1949 narius
268 1910 419 1961 aliquot
448 1910 653 1950 excellenti
680 1909 859 1949 doctrina
883 1910 1082 1960 praeditos
1109 1909 1323 1948 constituat
1349 1909 1416 1959 qui
1445 1922 1512 1959 per

109 1963 300 2004 diocesim
332 1964 530 2015 inquirant
556 1964 624 2015 qui
651 1964 728 2003 sint
753 1965 805 2003 ad
830 1964 1095 2014 evangelicam
1126 1963 1348 2002 doctrinam
1378 1963 1512 2002 idonei

110 2018 448 2058 disseminandam
478 2018 626 2069 quique
659 2019 710 2057 ad
750 2019 1017 2057 Lutheranam
1047 2017 1253 2068 perfidiam
1285 2031 1365 2056 non
1396 2018 1513 2056 defle-

110 2079 228 2119 ctant,
251 2080 294 2111 ut
323 2072 498 2112 remedia
522 2072 785 2111 adhibeantur
805 2086 886 2122 quo
906 2073 1077 2123 populus
1098 2080 1202 2110 recte
1223 2071 1447 2110 instituatur
1472 2073 1511 2109 in

110 2125 335 2166 Christiana
354 2128 450 2176 lege,
468 2134 506 2165 et
524 2127 575 2165 ab
596 2140 643 2165 ea
662 2125 851 2165 deficiens
872 2139 923 2165 ne
943 2140 1077 2165 secum
1104 2126 1201 2164 alios
1223 2127 1360 2173 trahat,
1377 2125 1512 2164 debite

111 2188 347 2228 coerceatur,
370 2181 498 2219 cultus
528 2180 683 2219 divinus
714 2180 952 2227 observetur,
976 2188 1262 2230 peragaturque
1291 2179 1351 2218 his
1382 2179 1511 2218 modis

110 2240 148 2272 et
177 2233 315 2272 ritibus
345 2234 412 2284 qui
441 2247 510 2285 per
538 2247 678 2272 manus
707 2241 933 2272 sanctorum
960 2242 1114 2284 patrum
1142 2233 1258 2273 nobis
1285 2233 1450 2272 traditus
1474 2240 1513 2271 et

111 2300 179 2337 per
198 2288 365 2327 maiores
392 2296 546 2327 nostros
575 2288 804 2327 observatus
835 2296 893 2327 est
922 2287 961 2326 in
992 2287 1182 2326 sacrificio
1211 2287 1352 2334 altaris,
1375 2286 1512 2325 officiis

111 2342 398 2390 defunctorum,
429 2341 632 2381 canonicis
661 2341 778 2389 horis,
809 2341 1052 2392 caeterisque
1081 2341 1223 2381 divinis
1251 2341 1434 2380 laudibus
1460 2347 1513 2377 at-

110 2407 187 2444 que
207 2395 453 2435 ceremoniis.

131 2487 134 2491 ,
168 2462 200 2486 2.
232 2449 342 2487 Hinc
372 2451 572 2488 hortamur
601 2458 719 2500 atque
750 2463 957 2489 monemus
991 2462 1130 2488 omnes
1160 2456 1197 2487 et
1227 2448 1412 2497 singulos,
1444 2447 1510 2496 qui

112 2502 229 2541 saeris
263 2502 403 2542 initiati
436 2511 538 2550 sunt,
561 2511 601 2542 ut
634 2504 765 2542 vivant
797 2503 915 2542 vitam
948 2516 1067 2552 quarn
1102 2503 1292 2551 professio
1324 2499 1440 2550 exigit
1475 2507 1513 2538 et
