1715 2780
197 106 274 142 314
600 94 720 131 THE
761 93 1084 132 EXTENSION
1125 93 1196 131 OF
1518 95 1591 133 126

199 196 367 235 maxime
406 196 445 234 in
485 196 694 247 puniendis
734 197 908 236 scelestis
947 204 983 236 et
1017 198 1267 247 corrigendis.
1327 199 1430 236 Nam
1465 199 1590 248 primo

200 250 333 289 multis
354 251 425 289 viis
445 251 621 290 eximunt
642 264 683 291 se
703 252 794 290 mali
822 252 1013 299 homines,
1036 251 1262 301 praesertim
1283 251 1422 299 clerici,
1445 265 1468 291 a
1487 252 1593 290 iuris-

199 304 373 343 dictione
394 305 452 343 sui
474 305 657 344 ordinarii
676 321 682 344 :
713 305 870 352 deinde,
893 304 923 344 si
945 318 1026 343 non
1047 312 1137 344 sunt
1157 307 1339 356 exempti,
1361 306 1592 357 confugiunt

200 359 328 397 statim
368 361 419 398 ad
458 359 798 410 poenitentiariam
840 360 901 398 vel
942 360 993 398 ad
1031 359 1232 407 datariam,
1272 359 1340 398 ubi
1384 361 1592 399 confestim

199 413 404 452 inveniunt
436 414 537 452 viam
570 413 793 463 impunitati
827 420 876 460 et,
913 415 1022 463 quod
1056 415 1167 464 peius
1197 421 1266 462 est,
1299 414 1351 452 ob
1382 414 1592 464 pecuniam

198 467 450 517 praestitam,
489 469 565 506 hoc
595 469 835 515 scandalum,
867 467 1093 507 beatissime
1122 475 1240 518 pater,
1269 475 1473 518 tantopere
1503 482 1593 507 con-

199 522 329 559 turbat
365 521 632 560 Christianum
667 523 860 572 populum
894 529 937 560 ut
971 535 1052 560 non
1085 529 1202 572 queat
1236 521 1364 561 verbis
1399 522 1590 572 explicari.

198 577 417 621 Tollantur,
440 576 684 614 obtestamur
705 577 951 614 sanctitatem
972 583 1079 615 tuam
1100 589 1169 626 per
1189 576 1418 626 sanguinem
1436 576 1593 624 Christi,

200 643 278 679 quo
295 631 461 668 redemit
477 630 549 668 sibi
567 630 773 669 ecclesiam
794 643 904 668 suam
922 643 1089 680 eamque
1109 630 1200 669 lavit
1217 631 1358 669 eodem
1380 632 1569 680 sanguine
1587 646 1593 669 :

201 684 388 722 tollantur
420 685 494 723 hae
523 686 712 732 maculae,
739 684 883 734 quibus
916 684 947 722 si
976 685 1134 723 daretur
1167 684 1362 735 quispiam
1394 684 1524 723 aditus
1556 684 1595 722 in

200 751 438 788 quacunque
458 738 665 776 hominum
687 738 887 788 republica
907 745 974 777 aut
995 751 1125 788 regno,
1149 739 1368 786 confestim,
1389 746 1457 777 aut
1477 739 1595 788 paulo

199 800 303 843 post,
322 792 360 830 in
383 805 569 843 praeceps
590 800 716 831 rueret
737 793 925 842 nulloque
945 799 1061 843 pacto
1077 792 1223 831 diutius
1239 800 1417 831 constare
1439 800 1570 842 posset
1587 808 1593 830 ε

200 855 237 886 et
276 854 408 885 tamen
447 854 631 897 putamus
665 846 780 884 nobis
819 846 935 885 licere
969 853 1011 885 ut
1050 859 1117 896 per
1151 860 1223 885 nos
1258 846 1298 884 in
1329 846 1593 886 Christianam

201 900 483 951 rempublicam
515 901 752 939 inducantur
781 902 879 939 haec
909 908 1092 939 monstra.

254 953 339 1010 (11)
369 954 481 993 Alius
504 955 651 993 abusus
670 954 925 1004 corrigendus
945 962 1004 994 est
1031 954 1070 992 in
1090 954 1294 993 ordinibus
1315 954 1593 1005 religiosorum,

200 1011 308 1060 quod
333 1010 435 1048 adeo
462 1008 574 1047 multi
601 1008 806 1048 deformati
829 1017 930 1056 sunt,
959 1016 1001 1048 ut
1023 1021 1165 1059 magno
1185 1008 1262 1048 sint
1282 1010 1469 1048 scandalo
1490 1022 1596 1048 secu-

201 1065 345 1104 laribus
366 1064 628 1113 exemploque
652 1062 864 1113 plurimum
885 1070 1065 1102 noceant.
1126 1063 1419 1103 Conventuales
1439 1063 1596 1102 ordines

198 1119 418 1158 abolendos
439 1131 524 1156 esse
544 1124 727 1167 putamus
748 1130 897 1165 omnes,
917 1130 997 1155 non
1018 1125 1149 1156 tamen
1172 1124 1213 1155 ut
1232 1117 1347 1156 alicui
1369 1118 1434 1156 fiat
1456 1116 1593 1155 iniuria

201 1175 270 1212 sed
303 1171 553 1223 prohibendo
580 1185 629 1210 ne
661 1184 784 1210 novos
818 1171 969 1221 possint
1001 1171 1220 1210 admittere.
1280 1171 1343 1210 Sic
1374 1171 1480 1210 enirn
1511 1171 1594 1209 sine

201 1229 315 1266 ullius
351 1225 489 1264 iniuria
528 1225 606 1264 cito
646 1227 878 1273 delerentur,
913 1233 950 1264 et
991 1226 1085 1263 boni
1124 1225 1290 1275 religiosi
1323 1225 1378 1264 eis
1413 1225 1595 1264 substitui

200 1288 371 1332 possent.
432 1282 550 1318 Nunc
580 1293 671 1318 vero
700 1286 883 1329 putamus
924 1279 1117 1329 optimum
1149 1281 1231 1318 fore
1260 1279 1291 1317 si
1320 1292 1458 1319 omnes
1487 1279 1595 1330 pueri

201 1337 266 1385 qui
288 1348 368 1373 non
391 1341 480 1372 sunt
502 1333 665 1384 professi
685 1334 735 1371 ab
757 1346 892 1372 eorum
915 1332 1160 1372 monasteriis
1181 1335 1471 1383 repellerentur.

254 1388 341 1439 (12)
374 1390 465 1426 Hoc
486 1389 603 1426 etiam
625 1388 1020 1426 animadvertendum
1041 1395 1078 1426 et
1094 1388 1367 1437 corrigendum
1389 1400 1596 1426 censemus

202 1443 239 1480 in
272 1441 605 1492 praedicatoribus
636 1450 673 1479 et
708 1440 998 1479 confessoribus
1029 1440 1316 1479 constituendis
1350 1454 1372 1479 a
1404 1441 1594 1488 fratribus,

201 1498 309 1547 quod
329 1496 379 1535 ab
401 1509 535 1534 eorum
558 1495 762 1545 praefectis
778 1494 946 1545 primum
963 1495 1214 1534 adhiberetur
1235 1508 1376 1545 magna
1395 1495 1597 1545 diligentia

200 1559 241 1589 ut
256 1550 388 1589 idonei
405 1558 546 1596 essent,
565 1549 710 1588 deinde
726 1557 767 1587 ut
782 1556 1120 1598 praesentarentur
1136 1548 1330 1598 episcopis
1346 1548 1490 1598 quibus
1506 1562 1597 1599 prae

200 1605 385 1643 omnibus
406 1618 498 1643 cura
517 1603 706 1642 ecclesiae
732 1611 789 1642 est
809 1604 1059 1651 demandata,
1079 1616 1102 1641 a
1121 1603 1265 1653 quibus
1285 1602 1598 1641 examinarentur

202 1673 269 1709 per
296 1673 336 1697 se
367 1660 427 1697 vel
460 1671 528 1708 per
548 1657 649 1696 viros
681 1658 858 1704 idoneos,
881 1670 954 1695 nec
988 1657 1061 1695 nisi
1086 1670 1220 1696 eorum
1243 1670 1439 1695 consensu
1459 1657 1596 1695 admit-

201 1721 373 1752 terentur
391 1713 443 1751 ad
464 1714 562 1750 haec
582 1712 814 1762 peragenda.
1479 1715 1483 1718 '

258 1767 448 1813 Diximus,
481 1766 704 1804 beatissime
734 1772 853 1815 pater,
887 1778 966 1804 non
999 1765 1113 1804 licere
1147 1764 1279 1815 aliquo
1309 1772 1425 1815 pacto
1454 1764 1494 1802 in
1523 1777 1595 1803 usu

201 1822 368 1859 clavium
398 1819 546 1869 aliquid
576 1819 672 1857 lucri
702 1819 827 1858 utenti
856 1819 1098 1870 comparari3
1126 1827 1184 1858 est
1213 1819 1253 1856 in
1279 1820 1353 1857 hac
1379 1832 1419 1857 re
1440 1820 1594 1857 firmum

202 1875 364 1912 verbum
399 1873 567 1912 Christi:
601 1874 739 1912 Gratss
768 1875 964 1923 accepistis,
982 1874 1109 1923 gratis
1130 1875 1227 1911 dare.
1287 1875 1380 1911 Hoc
1410 1886 1489 1911 non
1517 1880 1597 1910 tan-
1620 1912 1623 1914 ,

202 1936 284 1966 tum
319 1929 370 1966 ad
403 1927 649 1966 sanctitatem
683 1935 791 1965 tuam
826 1927 993 1977 pertinet
1031 1928 1101 1965 sed
1140 1928 1189 1966 ad
1227 1940 1366 1966 omnes
1405 1926 1472 1976 qui
1506 1934 1595 1964 sunt

203 1981 410 2032 participes
442 1981 556 2019 huius
587 1980 802 2030 potestatis
835 1982 925 2019 ideo
952 1994 974 2018 a
1004 1980 1139 2031 legatis
1166 1988 1204 2019 et
1230 1980 1376 2018 nuntiis
1406 1981 1595 2019 vellemus

204 2036 308 2074 idem
341 2034 492 2073 serrari.
552 2035 654 2072 Nam
688 2036 787 2072 sicut
819 2048 911 2072 usus
950 2034 1016 2083 qui
1048 2047 1154 2072 nunc
1188 2033 1349 2072 invaluit
1383 2035 1595 2073 dedecorat

204 2091 305 2127 hanc
345 2089 479 2127 sedem
519 2096 556 2126 ct
602 2088 811 2126 conturbat
856 2090 1058 2137 populum,
1092 2089 1144 2126 ita
1176 2088 1204 2125 si
1246 2088 1354 2126 fieret
1394 2101 1414 2126 e
1448 2096 1593 2134 contra,

203 2143 417 2182 maximum
438 2143 559 2181 decus
580 2141 670 2180 huic
688 2142 769 2179 sedi
785 2149 1074 2191 compararetur
1089 2148 1127 2180 et
1143 2141 1413 2180 aedificaretur
1434 2141 1594 2179 mirifice

202 2199 381 2248 populus.

256 2252 341 2302 (13)
372 2251 531 2289 Abusus
544 2249 641 2288 alius
656 2250 784 2287 turbat
799 2248 1066 2288 Christianum
1084 2251 1273 2299 populum
1289 2250 1327 2288 in
1345 2249 1592 2295 monialibus,

202 2319 303 2356 quae
333 2313 423 2343 sunt
455 2304 528 2343 sub
562 2317 653 2342 cura
685 2304 843 2341 fratrum
879 2303 1197 2341 conventualium
1232 2304 1299 2342 ubi
1330 2304 1369 2342 in
1398 2302 1594 2353 plerisque

202 2359 447 2397 monasteriis
469 2359 566 2396 fiunt
586 2357 743 2408 publica
763 2357 962 2407 sacrilegia
983 2371 1071 2395 cum
1094 2357 1264 2396 maximo
1285 2358 1462 2396 omnium
1483 2369 1592 2395 scan-

203 2415 302 2451 dalo.
364 2414 523 2451 Auferat
562 2425 653 2461 ergo
692 2410 875 2450 sanctitas
919 2419 1043 2450 vestra
1082 2426 1240 2451 omnem
1276 2425 1362 2450 cam
1401 2423 1532 2449 curam
1571 2423 1591 2448 a
