1715 2780
117 114 172 153 68
281 113 402 151 ΤΗΕ
433 111 664 151 MISSION
696 110 766 149 OF
797 105 1150 152 CAMPEGGIO,
1176 116 1330 154 1523>4
1447 114 1516 152 135

118 216 332 268 belonging
352 212 396 255 to'
414 216 480 254 the
502 213 662 253 Princes
682 213 758 251 less
779 223 884 262 open
908 209 1135 249 confession
1165 208 1197 247 is
1228 207 1356 254 made,
1381 206 1451 245 but
1481 205 1520 244 in

119 274 227 312 short
246 272 297 310 all
316 284 381 309 are
404 270 634 316 Lutherans‚
658 267 831 319 publicly
848 278 891 304 or
911 265 1086 313 secretly.

458 341 516 392 (2)
558 341 675 378 From
698 339 758 376 tlze
787 338 963 375 Annales
984 335 1196 387 Spalatim'.

176 408 252 448 Die
279 419 352 447 x1v
378 405 512 445 Martii
541 403 729 455 postridie
752 403 892 442 ludica
920 414 961 440 1v
981 403 1017 440 δε
1039 413 1063 438 v
1084 401 1181 439 hora
1201 406 1289 449 post
1316 396 1521 437 meridiem

121 461 356 502 Laurentius
404 460 643 511 Campegius
692 457 851 498 Cardin.
897 457 972 495 Ro.
1016 457 1130 494 Pont.
1179 451 1398 494 Clementis
1438 453 1521 490 VII

121 519 291 569 Legatus
322 515 613 565 Nurmbergam
643 512 838 563 ingressus
869 518 927 549 est
956 523 1037 549 non
1077 508 1215 548 habitu
1251 505 1521 552 Cardinalitio‚

120 573 191 611 sed
224 569 372 621 alioqui
404 577 496 620 toga
526 568 643 606 rubra
671 565 818 616 vulgari
853 565 1026 609 indutus,
1058 576 1189 613 neque
1223 570 1349 600 tectus
1379 562 1522 611 galero.

121 626 200 665 Sed
225 639 275 664 ne
305 623 508 663 benedixit
537 621 700 673 quidem
731 628 773 659 ut
803 621 931 658 solent
961 620 1194 669 plerumque
1225 615 1383 666 Legati:
1415 616 1524 665 quod

121 681 227 719 idem
257 677 415 718 facienti
436 679 638 727 Augustae
667 675 822 713 asinum
858 673 1079 713 ostendisse
1119 671 1364 711 dicebantur.
1425 670 1525 708 Ideo

121 734 343 774 dissuasum
371 740 429 771 est
456 730 618 778 homini,
642 731 719 768 hoc
749 728 877 779 ipsum
899 729 1026 766 facere
1057 725 1347 775 Nurmbergam
1369 723 1525 762 venien-

123 796 213 828 tem.
238 819 246 827 .
271 818 278 827 .
302 819 309 826 .

177 842 450 891 Nurmbergae
481 839 713 879 mandatum
737 836 940 884 omissum,
964 836 1118 887 palmae
1148 847 1229 873 non
1260 839 1523 878 consecratae,

124 895 310 938 Crucifixi
349 893 494 946 effigies
534 893 744 944 sepulchro
783 905 864 930 non
904 898 963 930 est
1001 888 1196 940 imposita,
1239 900 1312 926 nec
1352 886 1525 938 positum

124 952 388 1002 sepulchrum,
430 962 559 1000 neque
597 960 733 997 azyma
771 958 902 996 neque
940 946 1049 996 ignes
1079 941 1308 982 consecrati.
1368 941 1447 980 Sed
1477 954 1527 979 ne

123 1007 257 1045 asinus
311 1003 473 1055 quidem
521 1001 733 1053 palmarius
781 1000 1068 1039 circumvectus
1123 1004 1181 1036 est
1230 995 1527 1046 Nurmbergae:

125 1060 304 1111 quamvis
343 1057 532 1109 episcopo
571 1053 880 1105 Bambergensi,¹
919 1062 961 1092 ut
999 1052 1076 1091 loci
1115 1050 1324 1099 ordinario,
1366 1049 1529 1088 iubente

125 1123 167 1153 ut
188 1113 285 1152 nihil
305 1112 491 1162 antiquae
511 1108 811 1150 consuetudinis
832 1114 1161 1147 contemneretur.
1184 1136 1193 1144 .
1217 1136 1224 1143 .
1248 1135 1256 1145 .

180 1166 400 1207 Osiander²
415 1164 666 1215 Evangelista
687 1162 974 1202 Laurentianus
996 1161 1268 1209 Nurmbergae
1285 1158 1350 1197 die
1367 1157 1529 1198 Coenae

129 1221 291 1262 Domini
313 1220 391 1259 illic
412 1219 452 1258 in
481 1233 569 1258 arce
599 1219 869 1263 concionatus,
893 1216 1089 1265 integrum
1117 1220 1407 1252 sacramentum
1435 1212 1528 1259 sive,

126 1285 168 1315 ut
188 1277 305 1326 vulgo
335 1276 559 1324 loquuntur,
593 1273 666 1311 sub
697 1279 862 1321 utraque
892 1270 1022 1321 specie
1054 1271 1103 1307 D.
1128 1268 1322 1306 Isabellae
1354 1266 1530 1316 Reginae

129 1330 277 1369 Daciae
306 1329 428 1376 dedit,
452 1327 572 1377 Regis
601 1325 832 1367 Christierni
867 1324 989 1363 exulis
1019 1322 1206 1373 coniugi,3
1228 1321 1360 1361 Caroli
1382 1323 1429 1358 V.
1454 1322 1528 1359 Ro.

129 1387 230 1435 Imp.
252 1386 353 1434 Aug.
376 1391 413 1422 et
440 1381 679 1421 Ferdinandi
707 1379 839 1419 sorori.
900 1378 1173 1418 Ferdinandus
1194 1384 1277 1415 tum
1299 1375 1434 1414 abfuit.
1460 1406 1466 1413 .
1494 1408 1499 1414 .
1525 1406 1531 1413 .

131 1437 369 1478 Ferdinaudi
409 1450 504 1476 uxor
542 1435 821 1474 concionatore
864 1432 1157 1472 Dominicastro
1197 1439 1235 1470 et
1279 1431 1399 1469 altera
1447 1438 1528 1468 tum

130 1493 259 1545 specie
280 1506 350 1531 usa
370 1499 438 1531 est.
486 1488 761 1541 Augustiniani
779 1488 1118 1537 Nurmbergenses
1135 1486 1199 1525 die
1217 1483 1532 1523 Resurrcctionis

132 1547 378 1593 Dominicae‚
421 1553 462 1584 ut
502 1544 597 1583 mihi
639 1543 748 1582 Prior
796 1556 929 1582 eorum
971 1542 1226 1591 Wolsgangus
1266 1539 1532 1590 Volprechtus

132 1601 294 1652 scripsit,
322 1602 421 1639 ultra
450 1607 507 1639 ter
538 1598 643 1637 mille
673 1597 854 1636 homines
876 1604 961 1636 toto
991 1601 1238 1634 sacramento
1268 1592 1533 1632 communica-

132 1663 230 1695 runt.
255 1687 261 1694 .
287 1686 295 1694 .
321 1686 328 1693 .
386 1656 445 1693 Ex
473 1652 715 1692 Ferdinandi
735 1651 871 1690 aulicis
899 1652 985 1701 plus
1017 1649 1148 1687 minus
1169 1663 1240 1686 ‚xxx
1263 1648 1322 1685 vel
1343 1648 1379 1685 xl
1401 1654 1439 1685 et
1460 1646 1533 1697 ipsi

132 1718 259 1749 totum
288 1716 579 1748 sacramentum
600 1707 640 1745 in
657 1705 881 1756 Augustino
902 1710 1152 1754 acceperunt.
1202 1700 1396 1740 Nonnulli
1416 1702 1535 1740 etiam

133 1778 179 1804 ex
200 1763 410 1815 Regimine
431 1764 574 1813 Imper.
591 1761 862 1810 Nurmbergae
884 1759 958 1798 sub
979 1765 1144 1808 utraque
1166 1757 1296 1807 specie
1317 1754 1536 1794 communi-

133 1827 280 1857 carunt.

153 1900 243 1942 No.
276 1901 356 1952 69.
420 1897 529 1940 The
560 1895 784 1940 Recess⁴
819 1894 877 1937 of
901 1894 989 1938 the
1021 1893 1136 1936 Diet
1168 1892 1227 1936 of
1255 1892 1536 1945 Niirnberg,

637 1955 684 1995 18
717 1953 874 2007 April,
906 1964 1028 2006 1524.

191 2058 197 2066 .
223 2059 229 2066 .
253 2058 259 2065 .
285 2029 416 2076 Quam
434 2025 593 2075 insuper
609 2025 782 2074 praefata
803 2029 935 2060 nostra
956 2021 1161 2059 instructio
1177 2020 1318 2059 Ioanni
1342 2022 1534 2066 Hannart,

137 2081 293 2121 Oratori
323 2087 458 2119 nostro
489 2080 540 2117 ad
573 2080 675 2116 hanc
708 2078 957 2127 Imperialem
994 2075 1176 2114 Diaetam
1212 2075 1304 2113 data
1335 2074 1435 2112 inter
1463 2074 1539 2111 alia

137 2135 176 2173 in
206 2148 247 2174 se
273 2133 571 2185 complectitur:
604 2134 699 2178 Nos,
736 2144 805 2182 spe
835 2131 941 2169 bona
971 2131 1111 2168 ductos
1142 2128 1208 2179 qui
1240 2128 1344 2167 Sacri
1378 2127 1537 2178 Imperii

138 2197 270 2238 status,
286 2197 475 2239 tanquam
492 2194 651 2225 sanctae
668 2185 761 2224 fidei
777 2186 1004 2224 defensores
1022 2191 1059 2223 et
1077 2190 1330 2234 protectores,
1349 2183 1538 2222 mandato

139 2251 282 2290 nostro,
309 2245 358 2282 de
388 2254 585 2281 consensu
618 2242 858 2286 Electorum,
887 2241 958 2277 &o
983 2269 989 2276 .
1014 2269 1020 2276 .
1045 2268 1052 2276 .
1078 2237 1314 2276 Wormatiae
1342 2244 1536 2283 emanato‚

183 2312 194 2342 1
218 2312 383 2354 Weigand
400 2322 463 2342 von
480 2311 637 2347 Redwitz,
658 2308 840 2350 1522212-36.

142 2404 146 2406 .
183 2356 196 2376 ²
220 2357 368 2388 Andreas
385 2354 554 2394 Oskmder,
573 2355 602 2386 b.
626 2353 767 2395 149S,in
791 2353 965 2393 Niirnberg
984 2352 1146 2393 1520-48,
1163 2351 1248 2383 Prof.
1271 2351 1303 2381 in
1330 2350 1542 2389 Konigsberg

145 2401 385 2492 1³39Ci-ii'i2stian
414 2443 461 2480 ΙΙ,
490 2443 717 2487 1480—†1559,
744 2441 835 2482 King
860 2440 895 2471 os
926 2440 1097 2472 Denmark
1126 2448 1292 2480 1513—23:
1331 2448 1371 2468 m.
1399 2435 1541 2467 Isabella

144 2487 180 2517 os
193 2488 374 2527 Austriam
393 2495 489 2527 1515.
535 2485 600 2517 She
616 2486 690 2517 died
713 2484 805 2525 1526.

187 2531 198 2550 4
224 2533 230 2547 ‘
245 2531 316 2562 The
333 2540 435 2562 recess
453 2540 507 2560 ran
525 2530 557 2559 in
573 2529 628 2561 the
647 2529 728 2559 form
747 2528 837 2559 osan
855 2527 1075 2558 enforcemcnt
1090 2526 1125 2557 of
1141 2525 1195 2557 the
1214 2526 1324 2556 orders
1341 2523 1482 2565 brought
1499 2524 1541 2564 by

145 2574 296 2605 Hannart
313 2574 394 2605 from
411 2573 464 2605 the
486 2571 667 2613 Emperor,'
685 2572 875 2612 Creigfflon,
896 2570 987 2602 llisl.
1006 2570 1144 2610 l'ajvaiy,
1164 2569 1203 2599 vi.
1220 2570 1289 2608 283.
