1715 2780
217 82 266 126 48
374 81 493 117 THE
535 80 923 120 DISPUTATION
965 82 1038 117 AT
1079 80 1313 126 LEIPZIG,
1349 91 1448 128 1519
1552 83 1607 119 26

215 185 403 223 maiorem
425 183 612 223 invidiam
633 184 857 222 adduceret.
918 184 1027 232 Quas
1049 182 1208 221 insidias
1236 182 1366 221 statim
1388 184 1607 235 intelligens

217 238 422 284 Martinus,
451 237 624 287 graviter,
647 245 684 276 et
714 238 819 276 velut
848 237 984 287 spiritu
1011 238 1197 286 quodam,
1229 236 1439 285 infremuit,
1462 239 1540 277 huc
1567 251 1608 278 se

214 293 404 344 παρέργως
424 291 611 330 insidiose
633 291 742 330 trahi.
783 293 904 329 Porro
924 292 1080 330 obiecta
1095 292 1291 341 dogmata,
1310 291 1451 341 partim
1466 306 1608 344 magna

215 360 305 385 cum
334 345 603 395 indignatione
642 345 785 392 reiecit,
816 344 955 395 partim
988 344 1105 383 etiam
1140 352 1183 383 ut
1213 344 1437 385 Christiana
1463 348 1609 398 ample-

215 400 403 446 ctabatur‚
434 400 542 437 nisus
570 399 717 449 ubique
743 400 803 437 vel
831 400 1051 449 Scripturae
1079 398 1338 438 libratissimis
1372 399 1607 440 testimoniis

213 456 273 492 vel
294 462 468 492 veterum
489 453 745 491 conciliorum
766 454 943 491 decretis.
984 454 1032 490 In
1053 466 1218 500 summa,
1239 452 1338 492 nihil
1358 461 1437 493 tam
1458 455 1608 494 studuit

215 521 332 558 quarn
357 507 546 545 Boiemici
568 506 718 545 dissidii
746 520 814 556 per
834 520 874 545 se
903 507 1150 557 approbandi
1177 506 1444 557 suspicionem
1471 511 1608 559 procul

213 576 236 600 a
260 575 300 600 se
329 575 522 599 amovere.
582 563 732 599 Rursus
763 560 905 599 Eccius
934 560 974 598 in
999 561 1074 599 hoc
1104 568 1184 599 erat
1213 568 1328 609 totus,
1355 570 1398 601 ut
1425 563 1527 601 hanc
1556 564 1608 602 de

216 615 389 653 Martino
427 614 654 664 opinionem
690 614 874 653 omnibus
912 614 1115 665 ingereret,
1149 614 1236 665 ipso
1275 617 1449 655 Martino
1488 630 1608 667 quan-

213 669 356 706 tumvis
386 670 621 707 reclamante
644 700 650 706 .
675 699 682 706 .
706 699 713 706 .
737 668 930 706 Martinus
958 676 1104 707 statura
1126 676 1185 707 est
1214 669 1415 718 mediocri,
1443 684 1608 722 corpore

215 723 437 769 macilento,
477 722 577 760 curis
617 722 758 772 pariter
796 730 834 760 et
867 722 1006 761 studiis
1040 723 1242 771 exhausto,
1278 723 1334 762 sic
1366 732 1410 763 ut
1447 725 1608 775 propius

213 776 379 815 intuenti
400 778 533 814 omnia
553 789 678 825 paene
694 790 781 814 ossa
801 776 915 814 liceat
936 776 1194 824 dinumerare,
1210 785 1339 817 aetate
1359 778 1456 817 virili
1475 781 1607 819 adhuc

214 839 251 869 et
282 830 440 880 integra,
469 844 564 868 voce
594 838 708 868 acuta
737 838 774 868 et
803 832 915 868 clara.
978 831 1170 870 Doctrina
1197 844 1290 870 vero
1319 839 1357 871 et
1386 832 1607 883 Scripturae

212 884 385 934 cognitio
413 884 652 922 admirabilis
682 884 721 922 in
749 898 807 932 eo,
829 885 931 923 adeo
958 892 1000 923 ut
1027 885 1162 924 omnia
1187 899 1313 936 paene
1340 887 1380 924 in
1400 895 1607 927 numerato

214 939 366 977 habeat.
410 938 560 976 Graece
580 946 617 977 et
641 938 839 977 Hebraice
860 940 1050 978 hactenus
1071 939 1221 987 didicit,
1244 948 1287 979 ut
1314 942 1364 979 de
1384 940 1607 992 interpreta-

212 992 384 1030 tionibus
420 992 607 1030 iudicium
642 993 767 1030 facere
799 992 932 1042 possit.
993 995 1080 1032 Nec
1105 995 1218 1033 deest
1246 994 1406 1034 dicendi
1433 995 1605 1043 materia,

214 1046 384 1095 suppetit
406 1045 509 1084 enim
532 1059 659 1084 rerum
681 1054 718 1084 et
738 1047 947 1085 verborum
974 1049 1081 1097 sylva
1107 1049 1256 1099 ingens.
1316 1051 1439 1087 Porro
1462 1050 1502 1088 in
1523 1049 1607 1100 ipsa

212 1101 288 1137 vita
309 1107 346 1138 et
368 1099 541 1138 moribus
567 1100 689 1138 civilis
716 1107 753 1138 et
779 1100 913 1148 facilis,
935 1101 1031 1139 nihil
1059 1101 1239 1150 stoicum,
1262 1101 1359 1141 nihil
1386 1104 1607 1154 supercilio-

212 1167 297 1191 sum
325 1166 415 1203 prae
442 1166 482 1192 se
510 1155 591 1201 fert,
615 1153 737 1193 immo
764 1156 942 1193 oninium
966 1157 1151 1194 horarum
1179 1156 1381 1196 hominem
1408 1158 1498 1208 agit.
1558 1159 1606 1196 In

211 1207 483 1257 congressibus
521 1209 692 1255 festivus
742 1208 949 1256 iucundus,
989 1211 1126 1248 alacris
1171 1217 1209 1249 et
1247 1223 1406 1250 securus
1444 1212 1604 1262 ubique,

212 1274 364 1311 semper
396 1263 496 1300 laeta
530 1262 627 1300 facie
666 1263 818 1309 florens,
854 1265 1106 1313 quantumvis
1136 1264 1283 1303 atrocia
1316 1265 1607 1305 comminentur

211 1314 429 1360 adversarii,
466 1323 507 1353 ut
546 1316 651 1354 haud
689 1316 802 1354 facile
841 1319 976 1356 credas
1016 1318 1218 1357 hominem
1253 1326 1334 1357 tam
1367 1320 1490 1358 ardua
1523 1320 1607 1359 sine

211 1369 373 1407 numine
396 1369 540 1407 Divum
563 1369 699 1408 moliri.
739 1371 827 1418 Sed,
851 1373 959 1421 quod
981 1373 1015 1410 ei
1036 1371 1130 1411 vitio
1145 1374 1242 1411 dant
1261 1369 1438 1424 plerique
1454 1387 1604 1422 omnes,

210 1422 249 1459 in
278 1424 603 1472 reprehendendo
632 1424 898 1474 impudentior
924 1427 1043 1476 paulo
1073 1434 1110 1465 et
1138 1426 1370 1475 mordacior,
1399 1440 1518 1477 quam
1546 1429 1606 1467 vel

211 1483 337 1514 tutum
360 1477 407 1514 sit
426 1479 475 1528 τῷ
490 1479 535 1515 τὰ
552 1479 629 1516 θεῖα
650 1482 923 1529 καινοτομοῦντι
943 1481 1003 1519 vel
1024 1481 1213 1519 decorum
1235 1480 1386 1519 homini
1407 1482 1604 1532 theologo.

212 1530 332 1577 Quod
354 1530 488 1568 vitium
511 1532 615 1569 haud
638 1532 718 1570 scio
739 1546 787 1571 an
810 1547 890 1571 non
921 1547 1011 1572 cum
1034 1534 1219 1573 omnibus
1241 1535 1444 1586 ὀψιμαθέσι
1463 1536 1606 1575 habeat

210 1596 432 1622 commune.

265 1639 378 1675 Haec
408 1639 592 1688 pleraque
618 1640 752 1678 omnia
779 1642 818 1678 in
846 1641 1121 1680 Carolostadio
1148 1644 1266 1692 paulo
1293 1642 1446 1681 minora
1472 1644 1606 1693 depre-

213 1691 387 1739 hendas3
434 1692 504 1729 nisi
546 1694 654 1742 quod
692 1694 783 1732 huic
823 1703 968 1733 statura
1015 1702 1074 1734 est
1113 1696 1276 1744 brevior,
1317 1696 1435 1735 facies
1472 1705 1604 1735 autem

211 1743 401 1793 nigricans
418 1753 455 1784 et
475 1747 625 1793 adusta,
643 1760 716 1785 vox
732 1748 900 1787 obscura
915 1756 953 1787 et
969 1749 1190 1797 inamoena,
1209 1750 1399 1789 memoria
1417 1750 1607 1789 infirmior

209 1805 247 1834 et
267 1799 317 1835 ad
340 1798 579 1837 iracundiam
601 1801 826 1851 promptior.

266 1853 350 1888 Iam
384 1852 505 1890 Eccio
543 1861 664 1892 status
702 1862 760 1893 est
799 1869 994 1905 procerus,
1034 1870 1176 1907 corpus
1219 1857 1390 1896 solidum
1434 1865 1472 1896 et
1514 1871 1606 1908 qua-

210 1905 376 1951 dratum,
412 1919 486 1943 vox
520 1908 635 1954 plena
665 1916 703 1946 et
734 1910 849 1958 plane
884 1911 1131 1958 Germanica,
1167 1910 1353 1950 lateribus
1386 1911 1606 1950 fortissimis

211 1957 385 2005 subnixa,
412 1967 453 1996 ut
477 1973 557 1997 non
587 1962 780 2010 tragoedis
807 1971 959 2002 tantum
981 1966 1051 2003 sed
1078 1972 1116 2003 et
1142 1964 1403 2015 praeconibus
1429 1966 1606 2004 sufficere

210 2013 358 2060 possit:
397 2025 533 2061 aspera
564 2022 694 2053 tamen
730 2016 851 2065 magis
882 2031 1001 2067 quarn
1039 2031 1230 2069 expressa.
1289 2021 1463 2057 Tantum
1494 2020 1605 2058 abest

210 2072 251 2102 ut
284 2065 453 2103 nativam
489 2066 592 2104 illam
626 2070 796 2107 Romani
823 2070 899 2109 oris
929 2072 1161 2110 suavitatem
1191 2072 1316 2111 Fabio
1345 2086 1392 2111 ac
1420 2073 1605 2113 Ciceroni

209 2126 413 2167 tantopere
442 2121 638 2158 laudatam
669 2124 828 2161 referat:
859 2138 901 2162 os
932 2133 970 2163 et
998 2126 1113 2173 oculi,
1145 2133 1250 2165 totus
1276 2126 1449 2177 denique
1475 2128 1604 2165 vultus

209 2180 299 2210 sunt
319 2172 524 2219 eiusmodi,
548 2182 589 2212 ut
605 2175 695 2213 hinc
716 2184 819 2215 certe
835 2179 1173 2227 quemvislanium
1194 2187 1261 2219 aut
1276 2180 1418 2221 Carem
1440 2179 1603 2219 militem

209 2225 322 2263 citius
343 2239 460 2275 quarn
491 2228 717 2278 theologum
745 2231 871 2279 possis
897 2245 1120 2282 agnoscere.
1181 2235 1303 2283 Quod
1325 2236 1377 2273 ad
1401 2233 1603 2284 ingenium

207 2279 357 2327 attinet,
382 2280 567 2318 memoria
592 2284 712 2331 pollet
739 2283 890 2334 insigni,
913 2299 1014 2335 quae
1040 2287 1070 2325 si
1097 2287 1137 2325 in
1163 2301 1297 2338 parem
1323 2287 1525 2327 incidisset
1550 2287 1604 2326 in-

207 2334 419 2380 tellectum,
437 2333 513 2371 iam
535 2335 718 2374 omnibus
732 2338 904 2376 numeris
917 2348 1077 2379 naturae
1093 2354 1192 2391 opus
1208 2341 1343 2381 fuisset
1363 2342 1600 2381 absolutum.

210 2388 332 2425 Deest
353 2388 502 2425 homini
524 2387 766 2439 intelligendi
786 2400 967 2441 prompta
987 2394 1054 2441 vis,
1070 2396 1179 2434 deest
1199 2395 1401 2435 iudicandi
1420 2408 1600 2442 acumen,

209 2440 292 2479 sine
313 2454 392 2490 quo
412 2449 563 2480 ceterae
584 2443 695 2482 dotes
716 2457 852 2483 omnes
879 2447 1016 2484 frustra
1043 2448 1287 2498 contingunt.
1345 2451 1478 2499 Atque
1504 2450 1602 2487 haec
