1715 2780
148 104 220 154 138
303 100 422 142 THE
455 99 685 142 MISSION
716 101 787 140 OF
817 96 1165 142 CAMPEGGIO,
1201 105 1356 147 1523—4
1484 98 1536 141 70

145 218 183 248 et
221 207 383 247 caeteris
421 208 472 246 ad
510 206 551 245 id
596 203 823 244 necessariis
861 201 1011 253 aliquid
1049 200 1307 240 constitutum
1346 197 1536 244 habuerit,

146 276 265 313 quam
292 261 462 313 primurn
492 274 560 312 per
583 258 837 298 concordiam
868 255 1095 306 Principum
1129 285 1139 295 .
1174 285 1181 292 .
1212 284 1220 292 .
1249 252 1412 299 licuerit,
1443 251 1540 290 illud

145 316 398 356 indicturum.

201 379 257 418 40.
288 370 434 419 Quoad
450 381 702 409 communem
720 364 1063 416 congregationem
1081 363 1340 403 Germanicae
1361 358 1542 399 Nationis

148 425 188 464 in
208 424 273 464 die
296 423 387 462 Divi
409 422 569 461 Martini
589 421 765 472 proxime
787 418 904 458 futuri
924 419 963 457 in
985 417 1141 457 civitate
1161 414 1334 467 Spirensi
1355 415 1538 460 fiendam,

150 478 246 518 mihi
272 479 382 517 nullo
402 484 519 528 pacto
539 476 693 515 videtur
714 481 980 525 opportunum
1002 479 1069 511 aut
1089 470 1302 522 expediens
1323 469 1433 519 quod
1453 466 1542 506 talis

149 531 400 583 congregatio
420 533 487 569 fiat
513 538 670 581 propter
695 530 837 567 multas
857 527 1038 566 rationes.
1096 527 1191 564 Non
1210 523 1282 563 nisi
1305 523 1542 574 sperandum

149 595 208 626 est
228 589 302 625 hac
321 586 384 624 via
410 584 531 636 quieti
561 592 599 623 et
624 581 893 633 tranquillitati
922 580 1038 619 huius
1066 578 1247 618 Nationis
1267 585 1372 616 recte
1392 576 1544 615 consuli

150 654 278 691 posse.
326 641 429 678 Nam
451 638 489 676 in
506 646 616 676 tanto
633 637 839 676 hominum
861 648 1026 674 numero
1040 641 1078 673 et
1091 631 1314 673 diversitate
1327 630 1545 681 disceptare

151 696 201 734 de
231 695 276 733 iis
306 707 407 744 quae
436 692 632 744 pertinent
660 692 711 730 ad
741 692 860 730 fidem
891 687 1265 740 periculosissimum
1287 698 1441 735 semper
1460 683 1542 729 fuit,

152 749 245 799 quia
288 760 484 787 sacrarum
516 746 713 785 literarum
746 743 914 794 imperiti
949 751 986 782 et
1016 743 1264 781 decretorum
1305 747 1462 778 nostrae
1491 751 1546 776 re-

153 802 307 853 ligionis
334 809 522 852 expertes,
544 800 642 838 nihil
668 806 833 850 possunt
860 797 1074 837 commodo
1095 797 1146 834 de
1166 795 1211 833 iis
1233 806 1334 844 quae
1353 793 1405 831 ad
1425 793 1545 831 fidem

153 865 243 895 sunt
264 864 443 895 statuere.
500 856 551 893 Et
580 853 760 900 maxime,
792 853 883 902 quia
913 850 1193 902 suspicandum
1224 855 1282 887 est
1306 849 1398 886 illuc
1417 848 1547 896 plures

154 918 416 950 conventuros
444 908 578 947 animo
607 908 646 945 in
676 906 868 946 haeresim
898 904 1098 951 inclinato,
1130 902 1277 953 quique
1306 909 1388 940 tum
1417 901 1546 950 palam

154 978 351 1004 venenum
372 963 469 1002 illud
490 963 687 1013 proferent
708 962 815 1011 quod
837 959 988 1010 egregie
1009 958 1139 996 minus
1160 969 1266 995 nunc
1286 954 1546 995 dissimulant.

155 1021 214 1058 Ac
228 1026 433 1069 propterea
449 1016 540 1055 huic
557 1015 730 1066 periculo
747 1028 819 1053 nos
836 1012 1065 1052 submittere
1079 1025 1159 1050 non
1173 1010 1377 1050 debemus.
1427 1008 1549 1057 Quod

155 1073 186 1111 si
207 1072 315 1123 quid,
337 1079 379 1110 ut
409 1084 525 1121 saepe
555 1069 695 1116 evenit,
727 1068 937 1119 impiorum
968 1079 1123 1105 summa
1150 1065 1409 1115 praevalente,
1432 1061 1472 1100 in
1501 1074 1550 1100 eo

156 1134 354 1166 conventu
387 1132 618 1163 statueretur
657 1130 793 1162 contra
826 1135 973 1160 verani
996 1120 1236 1170 religionem,
1270 1117 1311 1157 id
1346 1129 1548 1166 nunquam

157 1188 294 1231 postea
315 1179 399 1218 sine
420 1180 562 1217 sudore
584 1176 780 1216 obliterari
802 1183 946 1226 posset,
969 1173 1158 1225 praedicti
1179 1179 1398 1212 conventus
1419 1177 1551 1209 aucto-

158 1235 268 1273 ritate
308 1233 513 1272 munitum.
573 1231 742 1270 Accedit
781 1232 938 1280 insuper
977 1229 1086 1278 quod
1124 1241 1192 1278 per
1229 1228 1332 1264 hanc
1370 1224 1472 1263 viam
1511 1223 1550 1261 in

159 1288 382 1328 Christiana
420 1286 607 1336 religione
647 1285 816 1323 schisma
854 1291 1057 1322 aeternum
1103 1281 1297 1327 inducere„
1334 1291 1551 1330 possemUS,

159 1341 441 1381 dissidentibus
463 1340 501 1378 in
518 1340 563 1378 iis
581 1353 681 1389 quae
702 1338 898 1389 pertinent
918 1338 969 1376 ad
986 1337 1105 1374 fidem
1120 1333 1328 1374 Germanis
1347 1346 1370 1371 a
1390 1330 1552 1372 caeteris

160 1395 385 1435 nationibus
403 1410 409 1432 :
439 1408 562 1444 quum
583 1392 790 1432 verisimile
811 1405 891 1430 non
914 1391 961 1429 sit
981 1390 1076 1428 alias
1097 1388 1289 1435 nationes,
1307 1387 1402 1425 citra
1423 1385 1553 1425 Ponti-

161 1450 243 1488 ficis
263 1448 548 1495 auctoritatem,
563 1460 586 1486 a
603 1445 810 1486 Germanis
827 1447 930 1496 leges
951 1451 1017 1483 aut
1038 1443 1131 1482 ritus
1152 1449 1422 1492 suscepturas:
1445 1440 1553 1490 quod

161 1512 351 1554 quantum
387 1504 558 1541 futurum
593 1501 639 1539 sit
675 1507 938 1551 opportunum
975 1506 1013 1537 et
1048 1498 1305 1537 commodum
1338 1494 1554 1533 rationibus

162 1558 278 1607 pacis,
303 1571 420 1607 quam
453 1564 656 1605 tantopere
686 1554 785 1592 inter
815 1552 1059 1593 Christianos
1091 1550 1291 1601 Principes
1311 1551 1550 1593 affectamus,

162 1613 291 1650 nullus
321 1619 379 1649 est
409 1610 475 1660 qui
504 1609 661 1648 nesciat.
724 1607 938 1646 Infelicitas
960 1620 1074 1657 porro
1097 1604 1265 1643 maxima
1285 1611 1323 1643 et
1343 1601 1553 1653 indignitas

162 1665 322 1716 insignis
357 1664 470 1703 fuerit
503 1662 748 1703 Christianae
783 1660 978 1712 religionis
1011 1661 1149 1699 eadem
1180 1660 1340 1697 vulnera
1368 1655 1555 1695 continue

162 1720 349 1767 refricare,
372 1726 490 1768 atque
508 1717 546 1756 in
562 1716 728 1756 dubium
750 1730 796 1755 ea
815 1728 997 1755 revocare
1017 1728 1118 1765 quae
1134 1712 1282 1752 centies
1298 1711 1348 1750 ab
1366 1709 1553 1755 Ecclesia,

162 1789 184 1812 a
205 1772 405 1819 ConciliiS,
424 1773 475 1810 ab
501 1770 819 1822 Imperatoribus,
851 1769 1026 1820 Regibus
1053 1776 1091 1807 et
1121 1767 1302 1806 universo
1330 1763 1555 1806 Christiano

163 1829 310 1877 populo
324 1828 511 1865 damnata
523 1827 639 1863 fuere.
692 1827 906 1870 Praeterea,
922 1825 961 1861 in
975 1824 1049 1861 hac
1062 1819 1364 1872 congregatione
1380 1818 1411 1857 si
1427 1816 1555 1857 omnis

164 1880 312 1920 ordinis
331 1879 524 1926 homines,
540 1881 648 1929 quod
669 1880 849 1917 affectare
870 1877 1050 1916 videntur
1071 1884 1108 1914 et
1129 1882 1278 1926 petunt,
1301 1872 1557 1912 admittentur

163 1943 200 1973 et
221 1935 332 1985 plebs
354 1947 431 1971 una
452 1947 542 1971 cum
566 1964 572 1970 .
597 1964 603 1971 .
628 1964 634 1970 .
660 1931 846 1971 Praelatis
863 1939 900 1970 et
922 1929 1170 1980 Principibus
1190 1929 1325 1967 sedeat
1345 1934 1383 1965 et
1403 1933 1557 1964 senten-

164 1989 257 2027 tiam
275 1987 389 2034 dicat,
409 1987 504 2037 quid
526 1988 698 2025 futurum
719 1986 767 2024 sit
787 1999 937 2036 quaeve
952 1986 1110 2023 decreta
1125 1981 1260 2021 haberi
1280 1981 1373 2020 inde
1393 1978 1555 2031 possint,

164 2042 331 2092 quisque
345 2041 418 2079 sibi
435 2040 589 2090 cogitet.
633 2042 672 2078 Si
687 2054 766 2079 non
780 2039 1046 2084 admittentur,
1063 2037 1159 2087 quid
1172 2036 1256 2074 sine
1272 2033 1365 2086 ipsis
1378 2032 1557 2073 stabilitis

165 2104 203 2135 et
224 2095 382 2134 sancitis
398 2094 619 2132 attributuri
641 2094 728 2141 sint,
744 2107 813 2132 vos
830 2093 949 2132 dicite
965 2092 1031 2141 qui
1048 2090 1153 2129 scitis
1174 2103 1241 2128 eos
1258 2089 1334 2127 iam
1357 2087 1453 2126 nulli
1473 2100 1557 2125 san-

166 2150 287 2189 ctioni
311 2148 540 2187 Pontificiae
564 2156 630 2186 aut
654 2147 933 2198 Imperatoriae
962 2147 1023 2184 vel
1048 2143 1260 2184 Conciliari
1284 2141 1557 2181 auctoritatem

167 2204 338 2254 aliquam
361 2202 580 2251 reliquisse:
607 2202 834 2240 clamabunt
855 2200 985 2239 statim
1009 2212 1050 2237 se
1074 2199 1252 2236 exclusos
1279 2209 1329 2234 ne
1355 2195 1395 2233 in
1419 2207 1556 2233 eorum

168 2258 274 2297 corio
288 2256 515 2295 ludentibus
535 2256 759 2293 assisterent
776 2263 813 2293 et
834 2268 915 2292 rem
937 2266 1046 2291 suam
1063 2257 1356 2302 cognoscerent.
1417 2250 1558 2297 Itaque

168 2324 297 2362 neque
310 2312 360 2349 ad
374 2323 512 2359 pacem
528 2323 656 2358 neque
672 2311 721 2347 ad
736 2309 907 2358 quietem
926 2320 1054 2356 neque
1068 2307 1118 2344 ad
1131 2303 1385 2343 concordiam
1399 2300 1553 2341 Germa

170 2366 257 2404 niae
271 2363 612 2414 congregationem
638 2364 738 2400 hanc
760 2364 1001 2411 profuturam
1016 2359 1159 2398 iudico.
1211 2358 1331 2406 Quod
1345 2356 1386 2403 si,
1403 2354 1557 2394 omissis

169 2433 269 2469 quae
285 2420 337 2458 ad
356 2419 475 2457 fidem
493 2424 530 2455 et
544 2415 770 2466 religionem
794 2423 982 2466 spectant,
1001 2412 1168 2453 dixerint
1183 2411 1302 2461 aliqui
1318 2409 1558 2461 praedictam

169 2472 512 2524 congregationem
544 2469 833 2520 suscipiendam
865 2482 948 2507 esse
978 2468 1016 2506 in
1047 2469 1148 2506 hanc
1175 2465 1365 2504 rationem
1394 2471 1436 2502 ut
1462 2461 1559 2512 lapsi

171 2541 297 2566 mores
319 2534 356 2566 et
373 2526 462 2565 cleri
486 2524 641 2564 licentia
663 2531 887 2562 coerceatur
904 2530 940 2560 et
959 2523 1189 2566 restituatur,
1210 2519 1305 2557 illud
1322 2518 1558 2568 respondere
