1715 2780
132 88 242 127 132a
371 78 626 123 NORWAY,
660 79 778 115 AND
811 78 1076 123 1CELAND,
1111 89 1293 127 1537-40
1454 92 1530 128 329

136 183 284 222 tionem
313 183 485 232 aliquam
521 194 669 220 sacram
702 180 817 220 nobis
849 181 1153 229 conscriberent,
1187 183 1236 235 de
1272 194 1350 232 qua
1379 183 1529 221 consul-

136 245 316 276 taremus.

190 292 308 329 Hanc
327 297 531 341 acceptam
556 290 733 329 misimus
758 291 810 330 ad
832 291 880 328 R.
902 292 943 328 P.
966 292 1017 329 D.
1040 290 1258 329 Martinum
1287 292 1504 330 Lutherum
1525 305 1531 328 ε

137 357 204 396 per
235 358 354 395 quem
385 344 462 383 Dei
496 345 706 384 clementia
734 344 842 384 hisce
877 344 1099 384 novissimis
1135 345 1380 395 temporibus
1414 344 1530 384 nobis

136 398 302 438 restituit
339 398 438 437 sacri
477 398 681 449 Evangelii
719 398 867 440 Christi
905 398 1180 438 sinceritatem.
1240 401 1279 438 Is
1318 413 1409 438 cum
1447 398 1532 438 aliis

137 453 204 504 qui
232 452 528 503 Vittembergae
562 460 652 492 sunt
681 455 716 492 T
720 454 896 504 heologis
929 465 1016 492 eam
1049 453 1294 504 approbavit.
1355 455 1412 493 Ut
1440 466 1533 492 vero

138 509 214 546 hoc
227 506 403 546 divinum
417 506 620 557 negotium
635 515 738 546 recte
754 514 960 558 gereretur,
976 507 1198 558 rogavimus
1220 507 1532 547 Illustrissimum

137 560 360 612 Principem
391 562 583 601 Ioannem
615 561 858 600 Fridericum
886 563 1041 601 Ducem
1071 563 1274 610 Saxoniae,
1309 563 1532 601 Electorem

138 616 222 662 &c.‚
247 614 419 654 amicum
449 623 627 654 nostrum
658 629 870 663 summum,
898 623 941 654 ut
971 615 1141 655 mitteret
1160 618 1211 656 ad
1240 630 1313 655 nos
1343 616 1532 655 dilectum

137 669 253 709 nobis
267 670 461 709 Ioannem
479 669 779 720 Bugenhagium
795 672 1071 717 Pomeranum,
1095 671 1130 710 S.
1151 673 1197 708 T.
1221 672 1270 710 D.
1312 670 1444 709 Huius
1465 670 1534 709 viri

138 722 304 763 consilio
351 731 389 763 et
433 737 553 774 opera
600 737 691 762 cum
740 723 882 763 nostris
927 724 1158 763 consiliariis
1200 726 1259 763 usi
1303 738 1448 771 sumus,
1495 725 1533 762 in

106 800 109 801 ν
139 777 399 818 Ordinatione
430 779 503 816 hac
533 791 642 817 sacra
669 779 930 826 conficienda,
953 787 995 817 ut
1023 778 1152 817 sciatis
1178 792 1260 818 non
1291 787 1437 818 temere
1465 780 1534 817 sed

138 840 196 871 tot
216 839 254 871 et
275 831 392 871 tantis
412 832 565 871 arbitris
581 832 644 870 hic
659 846 731 871 nos
749 834 883 883 egisse.
944 834 1064 871 Porro
1078 834 1292 883 perfectam
1312 833 1535 873 Ordinatio—

138 899 229 925 nem
249 885 476 934 obtulimus,
499 900 569 937 per
596 886 885 926 Cancellarium
910 895 1100 934 nostrum,
1131 887 1257 938 Regni
1280 887 1534 926 consiliariis:

139 940 178 979 hi
217 940 433 991 probarunt
471 948 808 991 susceperuntque
847 941 981 980 omnia
1015 955 1116 991 quae
1149 941 1346 981 ordinatio
1390 941 1533 980 habet:

137 1002 290 1034 tantum
334 1003 567 1044 rogaverunt
606 1002 647 1034 ut
685 996 994 1034 admonerentur
1035 995 1336 1045 praedicatores,
1377 1009 1458 1046 quo
1497 997 1535 1033 in

139 1048 332 1099 principio
362 1049 580 1088 modestius
612 1062 744 1088 coram
782 1049 959 1088 Ecclesia
988 1058 1147 1100 agerent
1175 1063 1264 1088 cum
1297 1050 1370 1088 illis
1400 1063 1536 1100 pecca-

139 1102 289 1142 toribus
311 1102 377 1153 qui
398 1116 469 1153 pro
489 1111 667 1153 tempore
688 1103 925 1154 prohibendi
950 1111 1039 1142 sunt
1064 1117 1086 1142 a
1106 1112 1353 1143 sacramento
1375 1105 1536 1143 Coenae

140 1156 387 1196 Dominicae.
418 1159 469 1196 Et
483 1157 546 1195 cui
560 1159 657 1196 haec
670 1171 752 1196 non
766 1159 975 1217 placerent,
993 1159 1114 1197 modo
1128 1160 1175 1197 sit
1193 1158 1440 1198 Christianus
1457 1160 1489 1197 ?.
1507 1189 1512 1196 .
1530 1189 1535 1195 .

140 1212 289 1251 Contra
304 1211 560 1261 Evangelium
570 1219 608 1250 et
621 1211 908 1250 institutionem
923 1212 1068 1252 Christi
1082 1214 1212 1251 nullus
1227 1221 1284 1252 est
1300 1213 1535 1260 audiendus,

140 1278 185 1304 ne
199 1278 280 1315 ang
257 1267 356 1304 <relus
382 1267 531 1315 quidem
558 1279 576 1303 e
594 1267 703 1313 caelo,
726 1274 767 1304 ut
790 1267 933 1304 Paulus
961 1266 1092 1305 dicere
1118 1268 1264 1305 audet:
1296 1275 1333 1306 et
1359 1267 1537 1306 Christus

139 1319 204 1366 ait,
227 1332 310 1358 oves
328 1332 429 1358 meae
445 1333 519 1358 non
541 1326 687 1358 norunt
696 1333 815 1359 vocem
836 1321 1061 1368 alienorum,
1084 1322 1151 1359 sed
1154 1321 1324 1370 fuglam*
1341 1323 1388 1359 ab
1408 1335 1470 1360 ets.

193 1373 303 1423 Quid
323 1374 386 1412 hic
408 1374 514 1412 stulti
535 1382 788 1424 expectamus
807 1374 998 1422 Concilia,
1022 1384 1063 1413 ut
1088 1375 1301 1414 moriamur
1322 1375 1475 1414 interim
1499 1375 1537 1413 in

140 1427 372 1466 infidelitate
392 1436 430 1467 et
450 1428 652 1479 impietate
673 1436 805 1467 nostra
822 1431 838 1467 ?
881 1429 1061 1469 Concilia
1081 1437 1148 1467 aut
1169 1431 1366 1469 humanae
1387 1429 1539 1468 ordina-

140 1481 267 1521 tiones
301 1483 365 1521 hic
396 1482 494 1520 nihil
525 1490 691 1533 possunt
725 1491 862 1522 contra
901 1483 1192 1523 ordinationem
1240 1484 1426 1523 divinam.
1500 1484 1538 1522 Si

141 1535 320 1576 Concilia
353 1537 586 1576 damnarent
625 1537 824 1576 doctrinas
870 1538 1184 1577 Daemoniorum
1224 1547 1261 1578 et
1309 1538 1540 1577 traditiones

141 1589 481 1639 Antichristianas,
511 1591 656 1641 quibus
686 1592 878 1631 hactenus
910 1592 1063 1631 seducti
1103 1605 1250 1639 sumus,
1282 1601 1319 1631 et
1359 1592 1539 1630 iuberent

142 1644 400 1695 Evangelium
439 1645 588 1684 sincere
636 1645 768 1684 doceri
818 1653 855 1684 et
893 1654 1137 1685 sacramenta
1170 1646 1281 1693 tradi,
1319 1647 1538 1685 secundum

142 1698 288 1738 Christi
319 1698 606 1738 institutionem
637 1707 674 1738 et
702 1699 974 1750 Apostolicam
1005 1700 1238 1747 doctrinam,
1263 1708 1304 1738 ut
1334 1713 1440 1738 nunc
1468 1713 1541 1738 nos

142 1752 307 1791 facimus
339 1754 415 1792 hoc
443 1752 625 1794 Concilio
653 1762 787 1792 nostro
818 1762 855 1792 et
886 1753 1161 1792 ordinatione:
1198 1754 1307 1804 impii
1340 1762 1471 1793 essent
1503 1763 1540 1792 ct

143 1819 225 1845 non
245 1806 456 1845 Christiani
487 1807 552 1857 qui
583 1820 662 1845 non
693 1809 1036 1857 amplecterentur.
1095 1809 1173 1847 Sed
1195 1809 1287 1847 talia
1307 1808 1539 1847 iamdudum

141 1861 280 1899 frustra
300 1861 600 1911 expectavimus.
651 1863 704 1900 At
724 1861 833 1900 aiunt
853 1877 859 1900 :
890 1863 1149 1912 Evangelium
1172 1876 1253 1902 non
1274 1863 1540 1913 prohibemus,

143 1915 213 1953 sed
234 1915 430 1954 deberetis
451 1923 655 1965 expectare
675 1923 848 1955 nostram
871 1916 1106 1955 sententiam
1132 1918 1182 1956 de
1202 1925 1329 1955 vestra
1349 1917 1539 1963 doctrina,

145 1981 238 2006 num
270 1969 318 2008 sit
338 1982 471 2008 verum
496 1969 766 2019 Evangelium.
826 1972 1159 2021 Respondemus:
1191 1971 1300 2009 Nihil
1331 1984 1540 2017 moramur,

144 2023 252 2072 quod
286 2022 341 2062 sic
373 2024 514 2062 ludunt
546 2024 672 2062 verbis
704 2032 741 2062 et
773 2024 1072 2063 calumniantur.
1147 2027 1266 2085 Apud
1302 2039 1373 2063 nos
1408 2039 1541 2063 serum

147 2076 404 2127 Evangelium
426 2085 494 2125 est,
518 2079 627 2127 quod
649 2078 849 2128 praedicat
878 2079 1030 2117 afflictis
1060 2079 1312 2118 conscientiis
1333 2080 1540 2129 gratuitam

144 2130 413 2170 remissionem
445 2140 710 2182 peccatorum.
734 2140 892 2182 propter
922 2135 1049 2171 solum
1080 2133 1279 2172 Christum
1313 2134 1435 2171 filium
1468 2133 1541 2170 Dti

146 2197 215 2234 pro
245 2184 359 2224 nobis
390 2186 587 2224 traditum.
646 2187 792 2225 Ablato
821 2194 985 2237 peccato
1015 2195 1240 2237 leputamur
1271 2187 1357 2225 iusti
1389 2201 1411 2225 a
1442 2188 1540 2233 Deo,

147 2251 280 2276 sumus
320 2239 386 2277 filii
428 2240 502 2278 Dei
542 2249 579 2278 et
618 2241 783 2279 heredes
821 2240 922 2279 vitae
960 2250 1142 2280 aeternae
1181 2249 1217 2279 et
1253 2242 1431 2279 omnium
1468 2217 1541 2278 Dei

148 2291 353 2340 bonorum,
387 2293 520 2332 dilecti
551 2308 574 2332 a
608 2297 720 2333 Patre
751 2294 789 2332 in
820 2302 1033 2342 aeternum,
1069 2295 1107 2333 in
1146 2295 1302 2333 Dilecto
1332 2294 1430 2332 Filio
1468 2294 1540 2332 Dei

149 2358 265 2395 quem
296 2360 364 2396 per
394 2348 512 2386 fidem
544 2348 800 2398 suscepimus.
862 2350 984 2387 Hunc
1008 2351 1121 2387 Pater
1151 2349 1265 2387 nobis
1296 2348 1416 2394 dedit,
1449 2361 1543 2397 quo-

149 2400 269 2438 modo
290 2414 370 2439 non
391 2401 429 2438 in
452 2401 518 2439 illo
539 2403 702 2441 donaret
723 2403 838 2441 nobis
860 2403 1025 2441 omnia?
1082 2405 1173 2441 Non
1205 2411 1261 2440 est
1289 2403 1395 2439 aliud
1420 2403 1544 2439 Evan-

148 2452 302 2502 gelium,
364 2456 439 2492 Pro
468 2456 544 2493 hoc
574 2456 789 2506 Evangelio
813 2456 957 2506 gloriae
988 2456 1059 2494 Dei
1092 2455 1397 2494 Antichristiana
1426 2456 1542 2494 factio
