1715 2780
207 110 282 149 616
489 107 607 144 THE
640 103 1116 144 ECCLESIASTICAL
1145 102 1321 140 STATE
1515 111 1596 149 305

205 214 355 254 tissime
375 224 421 250 ac
441 223 595 250 summe
617 209 847 256 misericors,
872 208 910 245 in
931 206 1093 246 nomine
1124 205 1211 244 Filii
1240 205 1297 244 tui
1327 206 1419 244 Iesu
1448 204 1593 244 Christi

209 265 373 307 Domini
395 264 527 304 nostri.
587 265 637 302 Et
651 263 743 301 vitia
757 270 889 301 nostra
902 262 1039 300 delens
1056 273 1276 310 omnesque
1290 260 1426 298 sordes
1441 267 1594 297 nostras

206 322 373 361 abluens
394 320 434 357 in
455 319 538 357 dies
560 319 665 356 dona
687 316 812 355 sancti
832 315 888 354 tui
909 316 1074 365 Spiritus
1095 314 1211 353 nobis
1231 315 1395 364 adauge,
1413 320 1455 351 ut
1475 314 1595 351 corde

207 376 347 414 intimo
367 373 616 423 iniquitatem
638 378 811 409 nostram
839 376 1100 419 agnoscentes
1126 368 1248 418 magis
1268 381 1315 406 ac
1335 367 1458 418 magis
1479 366 1594 405 nobis

208 429 486 479 displiceamus
518 433 637 475 atque
668 425 720 462 ita
754 425 805 462 ad
843 437 974 461 veram
1012 421 1298 473 poenitentiam
1337 421 1592 467 stimulemur,

207 486 306 522 haec
337 490 469 520 autem
505 493 576 517 nos
609 492 700 516 cum
735 477 920 515 omnibus
959 477 1131 526 peccatis
1170 472 1414 514 mortificans*
1449 477 1595 513 fructus

207 536 376 575 iustitiae
406 543 444 573 et
474 532 724 571 innocentiae
753 531 824 570 tibi
853 537 983 581 gratos
1012 531 1214 581 producat,
1247 529 1445 580 perillum
1466 528 1596 579 ipsum

209 593 340 630 Iesum
364 588 564 628 Christum
588 585 807 625 Dominum
828 592 1018 623 nostrum.

261 646 340 682 Hic
350 643 492 693 finitis,
509 642 663 679 canitur
678 653 703 678 a
723 645 796 678 toto
815 644 914 677 coetu
933 640 1116 676 Psalmns
1129 638 1271 687 aliquis
1282 651 1301 682 ,·
1321 638 1452 676 deinde
1470 637 1598 675 Mini-

204 705 282 737 ster
312 699 367 735 ad
384 704 509 747 preces
539 696 751 741 revertitur,
782 694 917 743 quibus
944 706 968 729 a
997 693 1169 730 Domino
1190 692 1363 742 gratiam
1390 693 1516 729 sancti
1540 691 1606 729 sui

208 754 380 803 Spiritus
390 751 491 800 petit
509 755 554 787 ut
570 750 723 788 verbnm
751 749 830 786 eius
845 747 1019 796 fideliter
1043 748 1098 784 ad
1118 747 1282 784 nominis
1300 746 1419 796 ipsius
1431 746 1598 795 gloriam

207 813 243 844 et
261 807 315 844 ad
330 805 518 844 Ecclesiae
533 803 826 852 aedificationem
839 807 1065 851 exponatur,
1084 806 1120 838 et
1128 801 1240 850 quali
1250 801 1348 838 decet
1359 800 1600 838 submissione

207 861 333 899 animi
349 859 626 906 obedientiaque
644 857 867 906 excipiatur.
923 855 1161 893 Precationis
1179 860 1303 892 autem
1311 854 1530 903 formulam
1550 854 1606 890 ad

207 917 250 954 id
267 920 397 964 aptam
418 913 608 950 Minister
621 911 698 949 sibi
704 917 780 960 pro
801 909 962 947 arbitrio
982 910 1120 958 delzgit.
1176 909 1365 946 Absoluta
1383 908 1550 946 concione
1569 908 1602 945 is

197 970 386 1019 populum
408 968 462 1005 ad
476 966 665 1003 orandum
683 965 859 1002 ltortatzts
877 964 933 1001 ita
953 964 1107 1012 incipit:

265 1025 374 1060 Deus
409 1019 671 1070 omnipotens,
705 1020 820 1056 Pater
850 1017 1044 1064 coelestis,
1080 1025 1118 1056 te
1156 1016 1430 1055 exauditurum
1465 1028 1599 1065 preces

209 1089 307 1126 quas
328 1074 399 1114 tibi
420 1074 459 1112 in
480 1073 642 1112 nomine
663 1072 795 1111 dilecti
817 1071 904 1109 Filii
926 1072 981 1109 tui
1004 1072 1095 1109 Iesu
1117 1070 1264 1111 Christi
1286 1069 1449 1108 Domini
1476 1069 1598 1108 nostri

208 1131 475 1176 funderemus,
507 1127 623 1166 nobis
653 1127 851 1176 pollicitus
881 1138 946 1172 es;
977 1132 1015 1163 et
1044 1138 1134 1163 cum
1164 1125 1215 1163 ab
1244 1123 1312 1163 illo
1340 1131 1424 1162 tum
1443 1123 1495 1162 ab
1515 1123 1598 1161 eius

210 1184 411 1234 Apostolis
432 1195 555 1220 unum
577 1182 615 1218 in
637 1182 769 1218 locum
789 1179 905 1217 nobis
925 1178 966 1216 in
986 1178 1069 1217 eius
1089 1179 1251 1217 nomine
1280 1177 1598 1217 conveniendum

210 1251 295 1277 esse
319 1236 451 1276 edocti
481 1248 627 1282 sumus,
650 1233 785 1273 addita
814 1233 931 1272 etiam
961 1232 1223 1282 promissione
1252 1233 1334 1270 fore
1363 1244 1452 1270 eum
1483 1231 1599 1269 nobis

209 1299 467 1342 praesentem,
483 1297 525 1327 ut
545 1290 651 1338 apud
667 1296 706 1326 te
726 1301 796 1338 pro
817 1286 932 1325 nobis
953 1286 1170 1325 intercedat
1191 1287 1451 1336 impetretque
1466 1286 1599 1324 omnia

210 1359 311 1396 quae
331 1344 507 1383 unanimi
529 1355 725 1381 consensu
746 1355 768 1379 a
788 1349 826 1380 te
847 1340 1073 1391 petierimus
1094 1353 1210 1390 super
1230 1348 1381 1391 terram.

264 1399 397 1437 Primo
417 1411 487 1447 pro
507 1396 552 1435 iis
574 1409 674 1446 quos
694 1394 809 1433 nobis
831 1395 1099 1433 dominatores
1123 1401 1161 1433 et
1186 1394 1466 1444 gubernatores
1496 1405 1601 1442 prae-

209 1453 333 1491 fecisti
372 1450 520 1502 precari
558 1463 630 1488 nos
669 1449 780 1487 iubes
800 1464 806 1486 :
855 1447 999 1486 deinde
1038 1461 1129 1486 vero
1167 1461 1237 1497 pro
1275 1446 1461 1485 omnibus
1499 1459 1601 1496 quae

210 1507 359 1557 populo
397 1513 466 1543 tuo
503 1512 621 1553 atque
659 1504 761 1541 adeo
799 1503 952 1539 cunctis
991 1501 1221 1539 mortalibus
1254 1500 1472 1540 necessaria
1509 1508 1600 1539 sunt

210 1560 406 1611 supplices
433 1559 483 1597 ad
507 1566 545 1596 te
576 1557 776 1595 accedere.
833 1556 930 1593 Tuis
958 1555 1072 1604 igitur
1096 1554 1353 1594 sacrosanctis
1381 1553 1600 1604 praeceptis

209 1612 616 1665 promissionibusque
647 1610 742 1657 freti,
777 1608 1103 1659 quandoquidem
1132 1608 1173 1646 in
1205 1616 1460 1659 conspectum
1488 1616 1598 1647 tuum

210 1667 425 1719 prodimus,
448 1666 488 1703 in
513 1664 675 1703 nomine
700 1663 787 1701 Filii
812 1663 867 1701 tui
894 1662 1058 1701 Domini
1088 1662 1211 1701 nostri
1242 1664 1333 1701 Iesu
1362 1662 1598 1712 congregati,

210 1721 405 1772 supplices
435 1728 472 1758 et
511 1733 558 1757 ex
594 1718 728 1757 animo
755 1730 948 1767 rogamus,
986 1718 1095 1755 Deus
1133 1725 1171 1755 et
1210 1718 1323 1756 Pater
1360 1716 1519 1766 optime,
1560 1715 1600 1753 in

209 1775 370 1814 nomine
400 1774 577 1813 eiusdem
609 1772 675 1822 qui
704 1773 883 1810 Servator
906 1778 1039 1809 noster
1066 1778 1103 1809 et
1135 1770 1333 1809 Mediator
1361 1770 1500 1808 unicus
1530 1777 1598 1816 est,

211 1838 251 1867 ut
283 1828 402 1878 (quae
437 1836 502 1866 tua
533 1835 591 1864 est
623 1826 816 1864 immensa
854 1824 1078 1874 clementia)
1119 1824 1234 1862 nobis
1267 1832 1430 1874 peccata
1466 1831 1599 1862 nostra

211 1884 437 1921 condonare
449 1889 568 1930 atque
584 1880 637 1918 ita
653 1879 909 1929 cogitationes
922 1886 1073 1916 nostras
1086 1879 1136 1916 ad
1153 1885 1191 1916 te
1206 1879 1399 1916 attrahere
1414 1877 1596 1928 digneris,

211 1946 251 1975 ut
273 1950 318 1974 ex
339 1934 487 1973 intimis
508 1933 637 1972 cordis
659 1932 923 1982 penetralibus
945 1932 1127 1970 invocare
1148 1939 1186 1970 te
1202 1933 1409 1981 possimus,
1431 1944 1477 1970 ea
1497 1931 1536 1968 in
1557 1944 1597 1969 re

210 1998 299 2029 vota
325 1996 457 2027 nostra
477 1989 527 2026 ad
548 1987 784 2036 obsequium
805 1994 895 2024 tuae
916 1985 1127 2024 voluntatis
1147 1986 1370 2032 formantes,
1393 1998 1494 2035 quae
1515 1986 1598 2023 sola

209 2052 349 2082 rat1on1
369 2049 635 2081 consentanea
655 2048 724 2078 est.

263 2097 357 2135 Tibi
387 2096 502 2145 igitur
532 2107 666 2144 preces
697 2093 910 2139 fundimus,
940 2094 1054 2131 Pater
1086 2093 1277 2139 coelestis,
1309 2105 1379 2142 pro
1411 2091 1597 2130 omnibus

209 2150 452 2202 principibus
479 2157 517 2188 et
546 2146 834 2197 magistratibus
864 2159 1029 2195 quorum
1060 2146 1275 2184 ministerio
1298 2147 1349 2184 ad
1370 2158 1442 2184 nos
1462 2146 1598 2195 guber-

210 2206 363 2243 nandos
384 2202 513 2242 uteris.
574 2200 824 2239 Potissimum
846 2213 936 2238 vero
957 2213 1026 2249 pro
1047 2199 1162 2238 huius
1183 2199 1289 2238 urbis
1310 2199 1532 2247 Praefectis,
1555 2207 1596 2238 ut

211 2259 396 2309 Spiritum
414 2266 536 2303 tuum,
555 2254 621 2305 qui
638 2256 743 2293 solus
764 2254 892 2291 bonus
914 2260 970 2291 est
991 2261 1029 2292 et
1049 2266 1138 2292 vere
1157 2252 1390 2303 principalis,
1409 2252 1595 2303 impertiri

211 2313 284 2350 illis
316 2320 434 2360 atque
468 2312 506 2348 in
542 2310 626 2348 dies
660 2320 799 2358 augere
831 2307 1010 2356 digneris,
1033 2308 1134 2345 adeo
1166 2314 1207 2345 ut
1240 2308 1373 2346 Iesu-m
1395 2307 1594 2346 Christum

212 2367 353 2404 Filium
375 2374 498 2410 tuum,
522 2362 741 2401 Dominum
763 2369 950 2407 nostrum,
976 2360 1275 2399 Dominatorem
1303 2360 1594 2399 dominatorum

212 2422 444 2469 Regemque
475 2430 607 2467 regum
641 2429 726 2454 esse
757 2422 863 2453 certo
902 2427 1129 2464 persuasum
1169 2415 1370 2461 habentes,
1410 2414 1595 2464 quemad-

211 2475 374 2512 modum
397 2480 437 2510 tu
459 2471 566 2509 illum
589 2470 696 2509 omni
718 2475 910 2519 potestate
940 2468 979 2506 in
1008 2469 1119 2507 coelo
1146 2476 1183 2507 et
1211 2469 1249 2506 in
1271 2476 1369 2507 terra
1389 2467 1595 2515 donavisti,

1684 438 1693 444 1
1676 196 1693 426 ⁴⁴⁸⁴5v¹⁴19⁶9222=2⁴24¹
1679 146 1689 166 ἰ

1681 1021 1683 1025 ’
1680 991 1697 1013 ι’-ῗ
1679 974 1697 981 ζ
1674 719 1698 965 &mutatae-ur:-
1682 693 1695 712 ιΚ
