1715 2780
202 108 277 142 402
517 95 636 132 THE
667 94 1017 134 BEGINNINGS
1048 94 1119 133 OF
1147 95 1267 132 THE
1526 101 1599 139 179

204 212 311 237 mum
351 212 447 237 esse.
517 199 555 238 Si
591 199 765 250 episcopi
799 206 951 238 tentent
984 205 1145 246 mutare,
1185 199 1347 238 fortasse
1385 199 1598 237 reclament

202 253 401 302 officiales,
422 253 489 303 qui
509 254 595 303 plus
616 253 790 292 sentiunt
810 253 1007 292 redituum
1028 266 1074 291 ex
1094 252 1328 292 concubinis
1348 253 1596 291 sacerdotum

202 321 320 357 quam
338 307 487 346 sensuri
509 307 585 345 sint
602 321 647 346 ex
667 308 864 346 uxoribus
907 309 960 345 At
977 320 1057 346 non
1078 320 1249 357 aequum
1271 313 1329 346 est
1348 314 1391 345 ut
1411 313 1597 356 quaestus

201 363 307 411 apud
329 375 400 400 nos
421 368 574 400 tantum
595 362 731 408 valeat,
753 368 796 399 ut
825 361 878 400 ob
899 374 989 400 eum
1011 360 1050 399 in
1075 375 1116 403 re
1135 360 1234 400 tanti
1254 360 1446 400 momenti
1466 360 1596 398 minus

200 415 350 454 sincere
371 417 606 454 consulatur.
640 446 648 454 .
681 446 688 453 .
720 446 727 453 .

217 510 306 553 No.
329 511 427 553 180.
473 510 735 563 Zwingli’s
756 511 939 553 debate
959 510 1090 553 with
1110 510 1323 553 Francis
1348 509 1597 561 Lambert,

717 570 768 610 16
802 568 922 623 July
953 579 1075 622 1522.

254 650 429 688 Primum
473 650 604 701 itaque
644 652 822 689 omnium
857 650 956 690 scias
997 653 1028 690 F
1030 650 1302 690 ranciscanum
1336 652 1536 701 quendam
1575 664 1597 690 e

200 705 338 751 Gallia,
362 705 614 744 Franciscum
636 705 807 752 nomine,
831 707 1030 744 retroactis
1055 719 1135 743 non
1161 706 1262 744 adeo
1289 705 1421 744 multis
1442 705 1594 752 diebus,

199 760 304 809 apud
325 772 397 797 nos
414 759 549 809 Tiguri
569 760 688 797 fuisse
708 773 754 797 ac
774 761 824 798 de
844 759 1074 798 adoratione
1095 759 1274 799 divorum
1299 760 1595 809 eorundemque

197 826 268 862 pro
298 813 414 851 nobis
444 813 724 852 intercessione
745 815 784 851 in
815 814 1020 863 Scripturis
1042 827 1198 853 mecum
1226 815 1349 852 multa
1369 814 1593 861 contulisse,

199 880 394 917 nusquam
415 875 548 906 tamen
574 869 793 917 opitulante
815 867 1013 917 Scriptura
1041 867 1220 906 evincere
1244 867 1428 918 potuisse,
1452 874 1494 906 ut
1514 845 1594 906 divi

197 934 268 970 pro
303 920 417 959 nobis
449 929 571 968 orent,
614 921 654 959 id
695 923 803 971 quod
842 923 967 960 multo
1004 923 1105 960 fastu
1143 922 1335 960 facturum
1375 920 1593 960 iactaverat.

198 975 378 1013 Tandem
402 974 595 1013 Basileam
617 975 823 1023 concessit,
848 975 915 1014 ubi
936 977 1052 1026 longe
1070 975 1181 1014 aliter
1207 982 1329 1014 totam
1350 988 1432 1014 rem
1453 984 1592 1023 narrat,

199 1028 319 1067 immo
340 1029 536 1076 mentitur,
559 1037 677 1079 atque
697 1037 784 1068 acta
804 1037 872 1068 est.
932 1030 1063 1078 Quam
1085 1029 1138 1068 ob
1158 1043 1239 1068 rem
1263 1028 1336 1068 tibi
1354 1030 1428 1067 ista
1447 1029 1593 1079 placuit

196 1082 425 1132 significare,
457 1096 507 1121 ne
537 1083 764 1122 Cumanum
794 1084 980 1122 leonem1
1010 1083 1218 1133 ignorares,
1250 1082 1281 1121 si
1310 1084 1409 1122 forte
1437 1084 1592 1122 fortuna

193 1136 409 1186 aliquando
429 1138 480 1175 ad
502 1144 539 1175 te
559 1136 768 1176 diverterit.
814 1137 1077 1176 Subsecutum
1098 1144 1156 1176 est
1176 1137 1276 1175 intra
1296 1150 1361 1175 sex
1381 1136 1465 1176 dies
1485 1136 1593 1176 aliud

195 1203 284 1228 cum
306 1190 448 1229 nostris
469 1191 650 1229 fratribus
671 1198 881 1238 certamen,
903 1191 942 1229 hi
964 1199 1054 1230 sunt
1074 1191 1361 1241 praedicatores
1381 1190 1591 1241 Augustini

195 1244 365 1282 minores
384 1259 394 1292 3
421 1252 622 1294 postremo
643 1244 781 1284 indixit
804 1245 877 1283 illis
898 1247 1036 1284 consul
1057 1253 1096 1284 et
1116 1252 1314 1284 senatores
1335 1252 1423 1292 tres,
1445 1244 1589 1295 quibus

195 1297 234 1336 id
255 1298 427 1336 muneris
448 1300 679 1337 mandatum
710 1306 801 1346 erat,
828 1307 870 1337 ut
897 1299 1039 1338 relictis
1060 1298 1340 1347 Thomasibus,
1361 1299 1488 1337 Scotis
1508 1298 1591 1337 reli-

193 1351 360 1401 quisque
381 1352 421 1390 id
442 1353 587 1390 farinae
607 1352 848 1399 doctoribus,
873 1353 960 1391 unis
981 1352 1098 1391 sacris
1118 1352 1253 1391 litteris
1283 1351 1465 1400 nitantur,
1488 1365 1589 1402 quae

193 1405 340 1443 scilicet
362 1405 462 1443 intra
482 1405 604 1444 biblia
625 1406 909 1444 contineantur.
971 1408 1063 1444 Hoc
1090 1406 1226 1444 beluas
1256 1406 1347 1444 istas
1377 1414 1456 1444 tam
1487 1408 1589 1444 male

193 1459 311 1497 habet
350 1467 393 1498 ut
424 1472 525 1497 unus
561 1461 685 1506 frater,
722 1467 830 1509 pater
864 1461 986 1498 lector
1017 1459 1178 1499 Ordinis
1209 1460 1527 1498 Praedicatorum
1566 1473 1588 1498 a

193 1512 308 1551 nobis
329 1512 497 1560 solverit,
522 1513 635 1552 nobis
663 1527 744 1551 non
772 1526 884 1552 secus
909 1514 1093 1553 flentibus
1118 1527 1164 1552 ac
1189 1513 1221 1552 si
1246 1526 1400 1552 morosa
1421 1520 1458 1551 et
1478 1512 1588 1552 dives

192 1579 360 1605 noverca
381 1567 599 1606 excesserit.
658 1569 751 1606 Non
779 1569 922 1606 desunt
952 1567 1099 1606 interea
1125 1575 1269 1614 tamen,
1292 1567 1360 1617 qui
1387 1566 1485 1605 nihil
1506 1581 1587 1605 non

191 1620 399 1668 minentur,
422 1622 493 1659 sed
511 1622 687 1659 advertet
710 1621 907 1660 Dominus
929 1623 1031 1660 mala
1051 1621 1219 1660 inimicis
1249 1621 1339 1660 suis.
1398 1623 1587 1659 Putamus

190 1682 227 1712 te
248 1674 575 1724 supplicationem
596 1674 750 1722 vidisse,
774 1689 892 1726 quam
913 1675 1063 1726 aliquot
1087 1683 1264 1714 nostrum
1284 1676 1335 1714 ad
1355 1674 1585 1725 episcopum

189 1728 536 1768 Constantiensem
557 1728 751 1768 dedimus.

218 1825 310 1870 No.
332 1826 414 1867 181.
464 1826 726 1880 Zwingli’s
756 1826 1071 1879 Archeteles,
1104 1838 1160 1868 22
1190 1826 1391 1879 August
1419 1836 1542 1878 1522.

233 1901 281 1937 A.
311 1901 541 1938 Paraenesis
568 1914 592 1938 a
622 1903 672 1939 R.
704 1903 761 1939 D.
794 1902 1083 1940 Constantiensi
1107 1902 1269 1950 ept'scopo
1296 1902 1351 1938 ad
1374 1906 1547 1938 senatum

661 1956 955 2004 praepositurae
982 1956 1109 1992 missa.

244 2024 376 2073 Hugo,
410 2023 485 2061 Dei
516 2031 553 2061 et
581 2024 834 2073 Apostolicae
869 2024 981 2063 Sedis
1007 2024 1138 2073 gratia,
1162 2024 1370 2073 episcopus
1392 2024 1584 2063 Constan-

187 2076 320 2114 tiensis
350 2107 356 2115 .
385 2107 391 2114 .
419 2107 426 2114 .
451 2078 679 2126 Praeposito
700 2085 737 2116 et
759 2077 943 2127 Capitulo
964 2078 1153 2116 ecclesiae
1181 2107 1187 2114 .
1212 2107 1219 2114 .
1251 2107 1258 2115 .
1287 2078 1352 2116 SS.
1377 2078 1517 2117 Felicis
1544 2086 1582 2117 et

187 2131 362 2180 Regulae
383 2131 673 2169 Turicenensis.
708 2161 714 2168 .
748 2160 754 2168 .
788 2161 793 2168 .

244 2198 274 2222 1.
307 2183 545 2234 Accepimus
565 2183 810 2230 iamdudum,
833 2184 1032 2231 carissimi,
1055 2197 1123 2234 per
1143 2184 1366 2223 universam
1387 2185 1467 2224 fere
1487 2185 1580 2224 Ger-

185 2237 357 2275 maniam
389 2238 582 2287 quosdam
615 2250 700 2276 esse
733 2239 799 2287 qui
840 2238 904 2276 die
946 2245 1146 2287 noctuque
1179 2240 1351 2276 clamant
1388 2239 1578 2288 populum

185 2291 452 2330 Christianum
481 2293 566 2341 plus
590 2304 718 2341 aequo
745 2293 935 2330 hactenus
964 2292 1145 2341 gravibus
1169 2300 1207 2331 et
1236 2291 1411 2331 onerosis
1438 2292 1579 2330 consti-

183 2345 411 2391 tutionibus,
434 2345 689 2384 observantiis
711 2353 749 2383 et
775 2345 1031 2383 caeremoniis
1054 2346 1104 2384 ab
1125 2346 1314 2384 ecclesiae
1334 2345 1578 2395 praesidibus

228 2420 235 2436 ¹
261 2420 603 2460 Lambert.—Clearly
629 2420 766 2461 Zwingli
792 2419 856 2450 had
882 2424 939 2451 not
968 2431 1041 2451 won
1067 2420 1134 2452 him
1165 2431 1264 2452 over:
1286 2420 1412 2462 though
1435 2420 1476 2452 he
1502 2431 1576 2462 may

183 2463 265 2494 have
281 2464 422 2495 silenced
441 2463 507 2494 him
526 2464 559 2494 in
573 2464 628 2495 the
644 2464 769 2495 (lebate.
