1715 2780
178 114 254 163 146
393 112 513 150 THE
545 110 804 152 COUNCIL
834 110 905 149 OF
935 109 1140 154 TRENT,
1180 109 1360 157 1545-63
1502 118 1575 156 357

178 218 412 259 testimoniis
439 231 486 257 ac
516 215 719 268 praesidiis
739 214 780 253 in
800 212 1082 253 confirmandis
1103 211 1356 262 dogmatibus
1377 220 1414 249 et
1436 212 1579 248 instau-

177 273 309 314 randis
329 276 369 313 in
391 272 556 312 ecclesia
578 269 754 309 moribus
775 268 823 308 sit
844 282 971 307 usura.

226 389 313 433 No.
346 399 436 444 147.
487 386 742 431 Professio
773 384 892 429 fidei
923 383 1248 428 Tridentinae
1280 395 1312 426 a
1343 383 1431 426 Pio
1466 383 1535 425 IV

526 445 861 500 praescripta,
883 444 931 486 18
959 442 1087 486 Nov.
1112 443 1238 496 1564.

233 540 320 588 Ego
342 539 392 577 N.
415 538 526 576 firma
550 538 628 576 fide
652 537 772 575 credo
799 542 837 574 et
864 535 1051 585 profiteor
1076 533 1210 573 omnia
1238 541 1275 572 et
1303 533 1455 583 singula
1479 545 1579 582 quae

179 592 431 632 continentur
452 591 492 629 in
517 591 698 641 symbolo
727 591 830 636 fidei,
860 603 940 639 quo
968 591 1004 628 S.
1031 591 1214 627 Romana
1242 587 1421 626 Ecclesia
1448 587 1578 633 utitur,

178 648 382 686 videlicet:
426 645 560 686 Credo
599 646 638 683 in
679 658 801 683 unum
842 645 986 690 Deum,
1024 645 1095 681 ἃς.
1134 641 1338 695 [Sequitur
1373 642 1581 690 υςινηιύοίινιηι

179 697 426 752 [Vicaenum]

232 754 483 806 Apostolicas
505 761 543 792 et
563 752 849 792 ecclesiasticas
870 751 1113 799 traditiones,
1132 751 1380 801 reliquasque
1402 751 1580 789 eiusdem

181 809 381 858 Ecclesiae
411 809 706 847 observationes
740 815 779 846 et
813 805 1117 845 constitutiones
1156 805 1378 844 firmissime
1413 803 1581 844 admitto

179 872 217 903 et
245 865 472 914 amplector.

234 920 335 957 Item
363 930 512 956 sacram
541 915 779 966 Scripturam
808 915 915 953 iuxta
941 928 1031 954 eum
1061 927 1220 953 sensum
1249 927 1367 964 quem
1397 912 1583 952 tenuiter

180 979 288 1011 tenet
314 979 450 1010 sancta
477 978 600 1009 mater
628 969 818 1017 Ecclesia,
841 970 952 1008 cuius
980 977 1037 1008 est
1066 968 1240 1007 iudicare
1266 969 1317 1007 de
1346 981 1436 1006 vero
1464 980 1581 1005 sensu

179 1034 218 1066 et
250 1025 573 1076 interpretatione
607 1038 803 1063 sacrarum
839 1023 1137 1073 Scripturarum,
1174 1023 1353 1069 admitto,
1386 1035 1460 1060 nec
1494 1034 1582 1059 eam

180 1094 356 1130 unquam
391 1079 466 1118 nisi
505 1079 611 1117 iuxta
650 1078 878 1117 unanimem
915 1091 1154 1116 consensum
1192 1079 1353 1115 Patrum
1388 1075 1581 1126 accipiam

180 1143 217 1173 et
247 1134 544 1184 interpretabor.

236 1190 426 1227 Profiteor
460 1200 620 1238 quoque
654 1194 805 1236 septem
842 1199 927 1225 esse
956 1199 1045 1224 vere
1075 1194 1112 1224 et
1144 1187 1298 1235 proprie
1330 1186 1584 1223 Sacramenta

181 1256 306 1281 novae
336 1244 442 1292 legis,
473 1255 496 1280 a
528 1243 618 1280 Iesu
650 1240 809 1281 Christo
846 1241 1022 1278 Domino
1059 1241 1206 1278 Nostro
1241 1239 1429 1286 instituta,
1462 1245 1582 1287 atque

179 1298 230 1336 ad
251 1299 418 1336 salutern
440 1295 603 1334 humani
623 1294 787 1345 generis,
806 1295 897 1332 licet
918 1308 1000 1332 non
1020 1294 1154 1332 omnia
1171 1293 1332 1344 singulis
1349 1292 1580 1339 necessaria,

180 1351 340 1398 scilicet,
382 1351 643 1401 Baptismum,
689 1348 1057 1395 Confirmationem‚
1101 1347 1402 1394 Eucharistiam,
1446 1348 1584 1385 Poeni-

181 1405 355 1452 tentiam,
398 1406 624 1443 Extremam
662 1403 917 1449 Unctionem,
956 1402 1161 1449 Ordinem,
1196 1410 1234 1441 et
1268 1401 1581 1447 Matrimonium,

180 1459 324 1510 illaque
343 1460 507 1510 gratiam
528 1460 715 1504 conferre,
736 1466 772 1496 et
794 1471 840 1496 ex
861 1457 920 1495 his
943 1456 1204 1507 Baptismum,
1223 1455 1581 1497 Confirmationem

181 1521 219 1553 et
240 1515 433 1554 Ordinem
455 1513 539 1552 sine
560 1512 762 1563 sacrilegio
784 1511 954 1550 reiterari
977 1525 1056 1550 non
1078 1525 1204 1561 posse.

237 1570 437 1618 Receptos
465 1580 626 1618 quoque
653 1574 692 1606 et
721 1566 961 1617 approbatos
990 1565 1192 1604 Ecclesiae
1217 1564 1448 1605 Catholicae
1476 1564 1581 1609 ritus,

182 1623 221 1661 in
242 1622 559 1673 supradictorum
580 1621 760 1660 omnium
782 1622 1128 1659 Sacramentorum
1150 1619 1317 1658 solemni
1339 1618 1585 1658 administra<

182 1676 300 1724 tione,
323 1677 470 1726 recipio
491 1683 530 1715 et
549 1675 728 1714 admitto.

237 1731 384 1770 Omnia
413 1737 451 1768 et
481 1731 632 1779 singula
662 1741 764 1778 quae
794 1730 844 1767 de
874 1736 1039 1778 peccato
1066 1727 1242 1777 originali
1269 1736 1306 1766 et
1331 1728 1382 1766 de
1404 1727 1585 1766 iustifica-

182 1784 289 1823 tione
315 1784 355 1822 in
383 1786 639 1823 Sacrosancta
665 1782 899 1821 Tridentina
930 1784 1089 1832 Synodo
1128 1783 1292 1820 definita
1324 1789 1361 1820 et
1388 1783 1584 1820 declarata

182 1840 351 1885 fuerunt,
373 1839 589 1888 amplector
610 1845 647 1876 et
668 1837 825 1887 recipio.

238 1894 429 1931 Profiteor
458 1893 600 1942 pariter
631 1891 668 1929 in
701 1891 826 1929 Missa
855 1890 982 1929 offerri
1016 1892 1103 1929 Deo
1133 1903 1281 1938 verum,
1313 1890 1513 1941 proprium
1546 1898 1583 1928 et

183 1946 495 1997 propitiatorium
526 1945 758 1984 sacrificium
785 1959 855 1995 pro
882 1945 976 1983 vivis
1005 1953 1041 1983 et
1069 1944 1277 1992 defunctis,
1300 1952 1419 1995 atque
1440 1945 1480 1982 in
1501 1958 1584 1983 san-

183 2000 358 2040 ctissimo
380 2000 650 2039 Eucharistiae
672 2002 927 2039 Sacramento
948 2012 1033 2038 esse
1054 2012 1155 2046 vere,
1174 1999 1326 2038 realiter
1347 2007 1385 2038 et
1406 1999 1585 2037 substan-

184 2054 324 2094 tialiter
357 2068 499 2105 corpus
535 2062 572 2093 et
607 2055 850 2105 sanguinem,
888 2067 966 2092 una
1001 2067 1091 2092 cum
1126 2053 1258 2091 anima
1292 2061 1330 2092 et
1367 2053 1584 2091 Divinitate

187 2110 236 2147 D.
260 2110 309 2148 N.
332 2111 362 2148 Ι.
390 2111 448 2156 C.,
477 2108 640 2159 fierique
682 2108 983 2147 conversionem
1027 2109 1147 2146 totius
1191 2107 1433 2146 substantiae
1472 2108 1583 2157 panis

185 2162 225 2201 in
253 2176 395 2214 corpus
424 2171 462 2202 et
492 2164 611 2201 totius
636 2162 879 2201 substantiae
905 2161 985 2200 vini
1013 2161 1052 2199 in
1080 2161 1323 2212 sanguinem,
1347 2175 1465 2211 quam
1494 2174 1583 2199 con-

184 2217 402 2256 versionem
425 2217 632 2257 Catholica
658 2216 837 2255 Ecclesia
856 2216 1339 2255 Transubstantiationem
1362 2217 1543 2265 appellat.

239 2272 380 2310 Fateor
400 2271 517 2310 etiam
539 2271 612 2309 sub
633 2272 753 2309 altera
773 2278 925 2309 tantum
949 2270 1079 2320 specie
1100 2278 1227 2309 totum
1249 2278 1368 2320 atque
1390 2269 1583 2319 integrum

186 2325 386 2363 Christum
407 2338 622 2375 verumque
643 2327 941 2363 Sacramentum
963 2325 1076 2363 sumi.

240 2380 477 2419 Constanter
503 2387 620 2418 teneo
648 2379 920 2429 Purgatorium
947 2392 1042 2425 esse,
1066 2378 1297 2427 animasque
1323 2377 1375 2415 ibi
1404 2378 1584 2416 detentas

186 2433 361 2472 fidelium
383 2433 572 2483 suffragiis
592 2433 724 2472 iuvari.

241 2487 425 2526 Similiter
449 2496 486 2526 et
513 2495 668 2526 sanctos
698 2501 775 2525 una
802 2501 890 2525 cum
922 2487 1080 2525 (Jhristo
1109 2494 1315 2534 regnantes
1337 2487 1584 2524 venerandos
