1715 2780
110 89 162 127 34
202 77 441 117 LUTHER
473 76 592 114 AND
623 75 847 114 ULRICH
879 74 996 112 VON
1029 72 1280 118 HUTTEN,
1310 84 1410 122 1520
1461 75 1505 110 61

109 188 372 233 assequuntur
398 181 486 218 hoc.
547 180 634 217 Has
662 178 714 217 ob
742 191 813 225 res,
845 177 1093 224 immensam,
1126 178 1162 217 O
1190 176 1401 224 Friderice,
1429 176 1512 214 auri

110 237 189 276 vim
217 238 389 274 Romam
417 234 629 285 quotannis
657 232 749 271 hinc
776 231 979 280 mittimus,
1003 245 1077 271 nec
1103 232 1235 270 adhuc
1260 230 1513 281 intelligimus

110 290 222 342 perdi
260 291 370 340 quod
405 288 460 327 sic
490 287 719 338 elargimur:
765 286 845 325 imo
874 300 957 325 non
990 285 1101 336 perdi
1132 299 1213 324 rem
1245 292 1410 331 tantum,
1443 286 1514 323 sed

112 343 314 384 materiam
345 343 427 382 fieri
453 343 586 381 adhuc
616 354 849 392 magnorum
880 340 1032 379 infinite
1059 341 1250 379 laborum.
1314 341 1455 389 Itaque
1483 338 1514 376 si

111 397 381 450 philosophari
411 397 507 436 libet
537 397 589 435 ob
619 396 740 446 idque
770 395 979 445 pecuniam
1010 394 1179 433 abiicere
1209 395 1412 433 decretum
1444 401 1512 440 est,

111 460 248 504 patent
289 460 348 491 tot
388 451 429 489 in
468 450 692 501 propinquo
732 449 863 496 maria,
905 457 995 487 sunt
1033 449 1150 495 fluvii,
1193 448 1256 487 ille
1295 449 1401 498 apud
1442 460 1514 485 nos

113 509 323 558 Moganus,
341 507 440 544 ultra
458 506 634 552 Rhenus,
655 512 744 543 tuus
759 503 844 542 istic
862 503 986 550 Albis,
1004 510 1123 553 atque
1139 502 1203 541 alii
1219 518 1229 551 3
1259 503 1514 541 demittamus

113 575 160 601 eo
187 569 229 600 ut
258 561 443 611 perdatur
469 560 553 609 ipsa
580 558 711 609 potius
736 572 855 608 quam
886 557 1117 608 perditionis
1145 571 1262 595 causa
1289 556 1337 595 sit
1368 555 1515 606 ubique

113 615 258 664 multis,
292 616 388 654 dum
424 613 538 652 istam
573 613 770 663 pascimus
811 611 1095 662 turpitudinem
1130 613 1284 649 Romae
1319 611 1515 660 superflue

112 671 214 709 adeo
234 676 277 708 ut
292 670 370 707 huc
386 667 567 707 nonnihil
584 666 677 705 inde
694 668 901 713 redundet,
919 667 1014 705 dum
1034 667 1136 704 hanc
1152 665 1293 703 alimus
1316 665 1515 715 publicam

113 737 268 763 morum
299 731 463 773 pestem,
499 723 602 760 hanc
636 721 709 771 ipsi
744 722 923 759 fovemus
951 720 1054 759 vitae
1088 721 1377 770 contagionem.
1439 720 1516 757 Sed

113 792 193 818 non
223 777 478 817 abiiciemus:
521 784 674 814 tantum
706 775 900 813 transferri
931 774 1009 813 alio
1040 788 1120 813 non
1156 774 1342 812 sinamus.
1402 775 1517 811 Haec

114 832 239 884 prima
276 839 315 871 et
354 832 504 882 optima
542 837 600 869 est
639 831 903 869 destruendae
943 829 1044 867 illius
1084 828 1299 878 tyrannidis
1340 827 1416 875 via,
1453 826 1517 865 hic

114 888 280 926 modus:
310 893 415 925 certe
445 884 550 924 enim
581 884 780 923 subducto
810 885 886 923 hoc
913 884 1087 921 luxuriae
1112 884 1290 922 fomento
1318 883 1447 920 minus
1476 894 1517 919 se

115 942 287 988 efferent,
328 939 610 978 tractabiliores
659 938 805 989 passini
855 945 978 976 erunt.
1044 939 1187 976 Postea
1235 938 1337 976 duce
1384 936 1518 986 aliquo

114 996 276 1035 Othone
297 994 404 1032 illum
427 994 678 1032 censebimus
695 1000 887 1039 senatum,
903 992 1042 1031 urbem
1062 993 1233 1030 Romam
1250 990 1515 1036 lustrabimus,

115 1057 154 1089 et
182 1048 316 1088 eiectis
350 1048 463 1086 malis
493 1047 763 1097 compluribus
797 1060 945 1097 paucos
976 1047 1172 1096 quosdam
1203 1059 1273 1084 sua
1302 1045 1380 1083 illic
1411 1057 1518 1083 sacra

115 1117 250 1142 curare
270 1102 507 1149 iubebimus,
531 1114 690 1152 regnare
716 1114 796 1139 non
824 1100 1109 1151 permittemus.
1170 1100 1251 1150 Ipsi
1280 1098 1515 1149 imperatori,

117 1157 312 1208 siquidem
352 1169 437 1195 esse
476 1157 591 1202 volet,
634 1155 785 1206 imperii
826 1156 961 1194 sedem
1001 1155 1238 1193 reddemus:
1288 1156 1517 1192 Romanum

116 1213 358 1262 pontificem,
394 1217 437 1248 ut
470 1209 686 1260 aequalitas
719 1209 995 1259 episcoporum
1032 1208 1091 1255 sit,
1128 1208 1166 1246 in
1203 1207 1381 1246 ordinem
1423 1206 1520 1245 redi—

115 1279 263 1317 gemus.
321 1265 579 1304 Sacerdotum
615 1263 733 1302 etiarn
769 1265 833 1302 hic
863 1276 1027 1301 censum
1061 1262 1297 1309 minuemus,
1330 1261 1436 1311 ipsos
1468 1262 1519 1299 ad

118 1319 377 1370 frugalitatem
424 1319 687 1369 perducemus
730 1326 768 1356 et
807 1316 1013 1368 pauciores
1060 1316 1259 1364 faciemus,
1301 1316 1520 1354 centesimo

118 1387 278 1425 quoque
325 1374 492 1413 delecto.
553 1375 614 1411 De
662 1372 708 1410 iis
756 1385 847 1410 vero
895 1371 961 1422 qui
1011 1372 1144 1409 fratres
1193 1378 1383 1409 vocantur
1424 1369 1520 1419 quid

118 1429 365 1467 statuemus?
422 1426 531 1476 Quid
563 1426 669 1465 enim
703 1426 811 1465 aliud
846 1439 965 1475 quam
996 1427 1105 1475 quod
1136 1438 1209 1475 ego
1240 1438 1395 1471 censeo,
1429 1424 1522 1462 abo-

119 1483 282 1522 lendum
316 1495 435 1520 omne
470 1482 757 1520 monachorum
791 1493 914 1530 genus
945 1510 952 1518 .
988 1511 994 1517 .
1027 1511 1033 1517 .
1069 1479 1145 1517 His
1177 1487 1235 1517 tot
1266 1477 1519 1518 Germaniam

104 1536 376 1589 *atterentibus
412 1535 615 1586 magisque
646 1548 692 1573 ac
728 1534 850 1585 magis
885 1533 1020 1572 omnia
1051 1534 1333 1572 devorantibus
1367 1531 1520 1578 ablatis,

121 1590 236 1629 simul
269 1603 315 1630 ea
343 1603 422 1641 qua
455 1589 494 1627 in
530 1603 603 1628 nos
633 1590 808 1628 feruntur
839 1588 1097 1627 Romanistae
1126 1587 1336 1637 diripiendi
1366 1586 1524 1625 licentia

119 1646 315 1695 adempta,
348 1645 516 1683 multum
546 1644 611 1681 hic
640 1643 734 1690 auri,
768 1644 937 1681 multum
967 1642 1038 1681 erit
1069 1641 1229 1692 argenti.
1289 1643 1437 1679 Verum
1469 1640 1520 1686 id,

121 1706 473 1749 quantumcunque
493 1697 609 1736 nobis
630 1705 696 1736 aut
717 1698 994 1747 qualecunque
1015 1696 1265 1745 relinquetur,
1283 1695 1322 1733 in
1344 1694 1524 1733 meliores

122 1753 216 1792 verti
237 1766 331 1792 usus
351 1751 504 1803 poterit,
528 1765 672 1802 nempe
699 1760 740 1789 ut
761 1752 915 1789 alantur
941 1749 1072 1801 magni
1100 1751 1291 1788 exercitus
1312 1757 1350 1787 et
1372 1747 1523 1798 imperii

122 1813 386 1858 propagentur
412 1807 521 1853 fines,
545 1806 662 1844 etiam
688 1807 852 1851 Turcae,
883 1804 913 1842 si
940 1803 1148 1851 videbitur,
1177 1803 1426 1843 debellentur
1445 1817 1453 1849 3
1483 1810 1525 1840 ut

124 1860 237 1899 multi
257 1862 324 1911 qui
344 1868 503 1911 propter
522 1859 727 1910 penuriam
749 1860 924 1898 furantur
944 1872 1050 1897 nunc
1072 1866 1109 1896 et
1130 1857 1296 1908 rapiunt,
1319 1856 1525 1907 stipendiis

126 1922 220 1953 tunc
239 1914 371 1953 vivant
387 1929 396 1962 3
424 1922 467 1952 ut
483 1913 550 1964 qui
565 1913 676 1952 aliter
691 1921 817 1963 egent,
834 1912 1047 1963 publicitus
1064 1925 1144 1962 quo
1162 1913 1336 1962 inopiam
1359 1913 1525 1950 tolerent

124 1968 330 2019 accipiant,
353 1976 476 2018 utque
496 1967 714 2007 doctissimi
738 1969 892 2005 alantur
915 1966 1098 2005 homines
1119 1974 1157 2005 et
1178 1966 1374 2004 literarum
1397 1966 1525 2004 studia

126 2024 355 2061 foveantur:
402 2022 442 2060 in
482 2035 636 2060 summa
675 2029 717 2060 ut
756 2021 886 2060 virtuti
925 2020 1098 2071 praemia
1141 2022 1228 2066 sint,
1270 2020 1525 2069 internaeque

127 2078 309 2126 egestatis
338 2076 528 2115 habeatur
557 2076 665 2122 ratio,
698 2075 850 2126 ignavia
881 2077 1042 2120 exsulet,
1075 2076 1176 2112 fraus
1205 2074 1374 2113 occidat.
1435 2075 1526 2111 Hoc

128 2130 305 2169 videntes
346 2130 512 2169 Bohemi
548 2144 617 2180 per
654 2129 788 2169 omnia
826 2129 1035 2168 nobiscum
1076 2128 1243 2167 facient:
1291 2142 1382 2166 nam
1423 2136 1524 2173 ante,

129 2185 237 2234 quod
265 2185 451 2223 adversus
480 2197 617 2223 avaros
651 2184 874 2222 sacerdotes
905 2183 978 2221 sibi
1005 2182 1307 2229 consuluissent,
1341 2181 1527 2232 prohibiti

131 2245 239 2276 erant
257 2253 264 2277 ε
294 2238 439 2277 facient
460 2246 497 2276 et
519 2237 671 2284 Graeci,
696 2237 762 2288 qui
783 2251 874 2276 cum
896 2238 993 2276 ferre
1014 2250 1086 2275 nec
1107 2238 1252 2275 vellent
1274 2250 1347 2274 nec
1368 2243 1529 2286 possent

133 2292 355 2330 Romanam
386 2291 645 2342 tyrannidem,
672 2293 944 2330 Romanorum
976 2291 1209 2340 pontificum
1240 2290 1427 2328 instinctu
1459 2301 1528 2338 pro

132 2345 389 2384 schismaticis
410 2354 501 2384 sunt
522 2345 644 2384 habiti
673 2347 798 2384 multo
820 2347 896 2383 iam
921 2352 1099 2395 tempore
1117 2359 1124 2391 3
1152 2358 1198 2382 ac
1220 2343 1393 2382 Rutheni
1417 2351 1529 2381 erunt

133 2399 266 2446 nostri,
291 2401 356 2450 qui
384 2413 473 2438 cum
501 2413 586 2439 esse
614 2413 738 2450 nuper
758 2401 914 2445 vellent,
938 2398 1080 2449 repulsi
1101 2412 1124 2436 a
1145 2398 1400 2437 Sanctissimo
1428 2404 1529 2441 sunt,

133 2453 293 2491 iubente
314 2455 486 2503 pendere
508 2454 581 2492 sibi
601 2467 808 2492 aureorum
826 2452 1038 2503 quotannis
1054 2460 1191 2501 quater
1211 2460 1377 2490 centena
1399 2449 1529 2488 millia.
