1715 2780
83 113 148 152 116
339 111 458 149 THE
492 111 628 148 DIET
658 109 730 149 OF
759 111 1077 158 AUGSBURG,
1115 124 1215 161 1530
1402 113 1474 162 285

88 221 145 258 16.
178 218 271 256 Hoc
305 217 364 255 ius
403 216 470 266 qui
509 215 685 255 tribuunt
723 216 930 267 episcopis,
970 219 1141 267 allegant
1180 217 1476 256 testimonium:

83 273 223 311 Adlzuc
235 273 357 309 multa
384 271 500 309 habeo
527 271 630 310 vobis
656 271 785 318 dicere,
805 273 871 309 sed
891 284 966 309 που
987 273 1146 321 potestis
1165 277 1328 322 portare
1357 273 1474 311 modo.

88 326 216 376 Quum
245 330 371 364 autem
393 325 543 364 venerit
567 326 632 363 ille
661 326 833 375 Spiritus
861 326 1048 374 veritatis,
1070 327 1213 364 docebit
1237 339 1302 365 vos
1331 339 1476 364 omnem

83 380 289 419 veritatem.
347 380 530 429 Allegant
559 380 677 417 etiam
712 380 936 429 exemplum
966 381 1263 430 Apostolorum,
1294 379 1362 430 qui
1393 393 1479 430 pro-

84 433 296 472 hibuerunt
310 432 508 472 abstinere
522 447 545 471 a
558 432 747 483 sanguine
763 440 802 472 et
818 434 1021 473 suffocato.
1069 435 1253 484 Allegant
1267 434 1478 473 sabbatum

84 494 278 527 mutatum
307 488 347 525 in
377 486 483 526 diem
510 487 767 525 Dominicum
796 495 933 526 contra
956 489 1202 538 decalogum,
1236 496 1279 526 ut
1313 488 1478 527 videtur.

87 543 172 581 Nec
201 542 324 580 ullum
358 542 583 591 exemplum
613 542 735 591 magis
770 541 934 580 iactatur
963 555 1081 592 quam
1118 541 1284 580 mutatio
1314 542 1479 581 sabbati.

87 597 275 646 Magnam
303 596 553 633 contendunt
582 595 771 634 ecclesiae
798 603 1033 645 potestatem
1062 609 1157 644 esse,
1187 597 1296 646 quod
1326 596 1482 647 dispen-

85 650 226 688 saverit
245 649 296 688 de
315 656 526 698 praecepto
546 649 735 699 decalogi.

143 715 200 752 17.
230 703 309 741 Sed
329 703 379 741 de
399 704 474 740 hac
503 702 735 752 quaestione
759 703 882 742 nostri
909 703 964 742 sic
991 705 1148 751 docent,
1171 705 1280 754 quod
1302 704 1478 754 episcopi

84 770 165 796 non
193 757 341 795 habent
372 763 608 806 potestatem
639 757 836 796 statuendi
865 757 1014 807 aliquid
1049 766 1185 796 contra
1217 758 1476 808 evangelium,

84 818 126 850 ut
155 824 270 861 supra
299 818 502 849 ostensum
533 818 602 849 est.
662 812 821 850 Docent
850 811 956 850 idem
988 812 1173 851 Canones
1197 813 1256 850 IX
1287 812 1476 851 distinct.¹

85 866 205 904 Porro
234 871 370 903 contra
397 864 636 914 Scripturam
664 873 722 904 est
749 865 978 904 traditiones
1006 868 1180 905 condere
1212 874 1279 905 aut
1311 866 1474 916 exigere,

85 926 126 958 ut
164 932 232 969 per
269 932 357 958 earn
395 919 711 958 observationem
751 919 1034 958 satisfaciamus
1072 933 1143 970 pro
1185 921 1368 970 peccatis,
1409 928 1477 959 aut

85 985 303 1012 mereamur
330 972 492 1023 gratiam
521 980 560 1012 et
589 972 787 1011 iustitiam.
847 973 1035 1012 Laeditur
1063 973 1169 1012 enim
1197 974 1318 1024 gloria
1350 974 1477 1013 meriti

83 1026 241 1074 Christi,
270 1040 393 1077 quum
422 1026 565 1065 talibus
594 1027 935 1066 observationibus
963 1041 1153 1066 conamur
1179 1029 1317 1067 mereri
1345 1028 1478 1067 iustifi-

83 1080 292 1120 cationem.
352 1082 409 1119 18.
442 1081 608 1120 Constat
641 1088 773 1120 autem
801 1088 958 1132 propter
981 1083 1083 1120 hanc
1111 1082 1406 1131 persuasionem
1436 1082 1476 1121 in

83 1135 247 1174 ecclesia
279 1147 405 1184 paene
434 1134 474 1172 in
508 1134 705 1173 infinitum
735 1135 902 1174 crevisse
931 1135 1172 1183 traditiones,
1206 1149 1392 1186 oppressa
1423 1138 1478 1174 in-

83 1188 194 1227 terim
215 1188 395 1227 doctrina
410 1189 460 1227 de
476 1189 555 1227 fide
569 1196 607 1227 et
627 1188 774 1227 iustitia
795 1189 897 1236 fidei,
913 1189 1005 1238 quia
1025 1189 1195 1228 subinde
1208 1191 1338 1239 plures
1359 1190 1477 1229 feriae

83 1242 208 1281 factae
239 1249 340 1290 sunt,
376 1241 521 1280 ieiunia
550 1241 707 1290 indicta,
739 1244 986 1281 ceremoniae
1015 1256 1153 1290 novae,
1184 1243 1276 1282 novi
1306 1244 1476 1282 honores

84 1303 309 1335 sanctorum
339 1295 505 1334 instituti
532 1304 634 1343 sunt,
655 1296 747 1346 quia
766 1296 1055 1335 arbitrabantur
1079 1310 1120 1335 se
1139 1305 1319 1336 auctores
1339 1299 1475 1335 talium

84 1362 211 1389 rerum
256 1349 316 1388 his
354 1349 538 1400 operibus
583 1350 722 1389 mereri
765 1350 941 1400 gratiam.
1018 1351 1081 1389 Sic
1129 1350 1223 1390 olim
1271 1359 1476 1390 creverunt

85 1416 256 1442 canones
303 1403 616 1453 poenitentiales,
663 1417 831 1454 quorum
880 1405 1010 1443 adhuc
1059 1405 1098 1443 in
1141 1404 1476 1444 satisfactionibus

85 1456 244 1507 vestigia
263 1459 459 1506 quaedam
479 1457 670 1496 videmus.

141 1524 199 1560 19.
231 1512 345 1559 Item,
379 1518 559 1550 auctores
598 1511 853 1550 traditionum
889 1511 1037 1550 faciunt
1075 1519 1211 1551 contra
1243 1514 1473 1551 mandatum

87 1564 178 1612 Dei,
199 1577 321 1614 quum
342 1566 538 1603 collocant
557 1573 764 1615 peccatum
792 1566 831 1604 in
859 1566 971 1614 cibis,
991 1566 1031 1604 in
1052 1566 1193 1605 diebus
1218 1574 1255 1605 et
1283 1567 1476 1605 similibus

84 1618 211 1666 rebus,
233 1625 271 1657 et
291 1627 456 1657 onerant
474 1618 681 1657 ecclesiam
701 1619 886 1658 servitute
906 1619 1011 1670 legis,
1033 1622 1144 1670 quasi
1171 1628 1349 1671 oporteat
1370 1622 1476 1670 apud

23 1702 25 1706 Α
85 1671 328 1710 Christianos
370 1674 421 1711 ad
470 1674 771 1722 promerendam
823 1673 1140 1712 iustificationem
1192 1675 1341 1712 cultum
1391 1687 1476 1712 esse

86 1723 252 1764 similem
284 1725 472 1772 Levitico,
499 1725 609 1764 cuius
634 1726 924 1765 ordinationem
953 1727 1194 1766 commiserit
1223 1729 1333 1766 Deus
1372 1730 1476 1777 Apo-

23 1804 25 1808 «
85 1778 193 1817 stolis
225 1785 264 1817 et
302 1778 522 1829 episcopis;
552 1779 608 1817 sic
637 1779 743 1818 enim
774 1780 950 1818 scribunt
981 1780 1156 1830 quidam.
1214 1782 1264 1820 Et
1295 1782 1477 1820 videntur

23 1847 27 1855 1
86 1832 297 1871 Pontifices
333 1832 465 1882 aliqua
495 1846 542 1871 ex
579 1841 688 1883 parte
726 1835 907 1884 exemplo
944 1834 1039 1884 legis
1080 1835 1282 1873 Mosaicae
1320 1836 1475 1884 decepti

29 1886 33 1897 ²
85 1897 182 1924 esse.
242 1899 302 1924 20.
335 1887 445 1924 Hinc
472 1894 562 1925 sunt
594 1887 659 1925 illa
688 1900 818 1934 onera,
851 1888 960 1937 quod
984 1896 1189 1937 peccatum
1221 1890 1385 1927 mortale
1415 1889 1474 1936 sit,

30 1949 35 1956 '
85 1938 201 1978 etiam
223 1939 306 1978 sine
327 1941 546 1979 offensione
565 1940 730 1979 aliorum
760 1943 799 1979 in
824 1941 927 1980 feriis
952 1941 1128 1981 laborare
1150 1942 1343 1990 manibus,
1367 1944 1475 1992 quod

85 1992 133 2030 sit
152 2001 357 2043 peccatum
389 1995 552 2033 mortale
573 1994 753 2033 omittere
772 1996 887 2033 horas
907 1996 1129 2044 canonicas,
1152 1997 1261 2046 quod
1282 1998 1376 2035 certi
1398 1996 1476 2035 cibi

85 2047 262 2095 polluant
281 2047 578 2096 conscientiam,
601 2050 710 2098 quod
730 2048 876 2087 ieiunia
891 2049 967 2088 sint
984 2062 1104 2100 opera
1119 2050 1315 2099 placantia
1330 2052 1473 2097 Deum,

86 2101 194 2148 quod
230 2109 437 2160 peccatum
476 2101 517 2139 in
555 2115 647 2140 casu
686 2110 880 2141 reservato
924 2116 1005 2141 non
1044 2105 1168 2153 possit
1205 2103 1360 2151 remitti,
1401 2103 1475 2142 nisi

85 2154 290 2192 accesserit
318 2154 528 2193 auctoritas
562 2156 804 2203 reservantis,
838 2169 961 2206 quum
993 2157 1155 2207 quidem
1185 2157 1258 2207 ipsi
1290 2135 1476 2198 Cai10ne5

86 2217 168 2244 non
208 2208 259 2245 de
299 2210 562 2247 reservatione
603 2211 754 2260 culpae,
800 2211 870 2249 sed
915 2211 966 2249 de
1013 2211 1276 2250 reservatione
1322 2224 1475 2261 poenae

87 2259 372 2300 ecclesiasticae
393 2263 616 2312 loquantur.

144 2326 202 2351 21.
235 2316 355 2354 Unde
393 2316 542 2354 habent
575 2317 634 2354 ius
668 2316 844 2378 episcopi
878 2318 947 2356 has
982 2317 1212 2357 traditiones
1244 2317 1475 2368 imponendi

87 2366 258 2406 ecclesiis
287 2369 338 2406 ad
366 2368 636 2419 illaqueandas
662 2372 933 2419 conscientias,
963 2384 1086 2421 quum
1114 2374 1250 2411 Petrus
1277 2379 1380 2409 vetet
1411 2384 1477 2408 zm-

33 2405 220 2472 {ponere
249 2422 378 2470 iugum
416 2424 618 2473 dzkcipulzs,
659 2437 781 2474 quum
814 2426 959 2463 Paulus
993 2425 1109 2473 dicat,
1130 2430 1352 2476 potestatem
1387 2425 1478 2473 {fiszs

492 2530 500 2549 ¹
528 2531 660 2562 Decieti
679 2532 712 2563 P.
734 2532 760 2572 1,
779 2532 889 2563 Dist.
883 2543 923 2570 lx,
942 2532 1022 2573 Cap.
1042 2534 1070 2563 S.
