1715 2780
237 138 313 177 574
370 127 555 164 FAREL
585 127 703 164 AND
735 126 946 165 CALVIN
978 126 1038 164 IN
1069 125 1311 173 GENEVA,
1339 127 1493 175 1536-8
1549 125 1627 163 288

238 230 420 282 fingimus
436 245 446 279 3
475 232 555 277 sed,
574 230 613 268 in
635 229 924 280 simplicissima
936 229 1010 267 Dei
1031 229 1192 278 unitate,
1211 236 1249 268 et
1270 229 1467 280 Scriptura
1487 236 1524 268 et
1545 229 1628 280 ipsa

237 285 391 335 pietatis
431 284 669 334 experientia
705 286 835 322 Deum
869 285 1036 330 Patrem,
1073 283 1156 322 eius
1188 283 1330 322 Filium
1361 296 1407 322 ac
1441 283 1627 334 Spiritum

236 338 352 377 nobis
378 340 621 377 ostendunt:
651 346 692 376 ut
721 337 929 387 concipere
956 336 1212 387 intelligentia
1239 344 1371 376 nostra
1389 339 1544 376 Patrem
1565 351 1629 376 ne-

236 400 355 443 queat
389 392 484 442 quin
519 399 557 431 et
591 391 734 429 Filium
766 391 883 429 simul
913 393 1208 441 complectatur,
1239 390 1281 429 in
1314 404 1394 441 quo
1425 393 1511 430 viva
1545 391 1628 430 eius

238 446 368 496 imago
390 448 548 492 relucet,
572 453 610 484 et
637 445 836 495 Spiritum,
859 444 900 483 in
920 459 1000 495 quo
1020 444 1197 495 potentia
1216 444 1416 495 virtusque
1436 446 1519 484 eius
1539 458 1630 484 con-

238 500 373 550 spicua
399 508 468 538 est.
529 501 577 537 In
604 512 684 537 uno
712 499 826 549 igitur
853 500 942 538 Deo
966 506 1047 538 tota
1077 499 1219 538 mentis
1246 498 1483 549 cogitatione
1512 498 1629 538 defixi

237 556 477 600 haereamus,
510 553 665 592 interim
695 561 827 591 tamen
866 555 1021 592 Patrem
1056 566 1145 591 curn
1178 552 1279 592 Filio
1309 561 1348 592 et
1379 553 1522 603 Spiritu
1557 565 1629 591 suo

237 608 575 657 contemplemur.'
624 609 796 645 Rursum
818 608 868 645 de
889 607 1048 646 Christo
1068 623 1074 646 :
1108 607 1253 645 ‘Filius
1275 606 1352 646 Dei
1372 606 1627 657 praedicatur,

237 676 328 709 non,
352 670 394 700 ut
423 662 570 708 fideles,
593 660 809 710 adoptione
836 662 1026 699 duntaxat
1056 668 1094 699 et
1121 660 1253 711 gratia,
1276 662 1347 699 sed
1376 662 1561 699 naturalis
1591 668 1629 699 et

237 729 362 763 verus,
397 715 567 765 ideoque
598 715 748 762 unicus,
782 722 824 753 ut
857 729 880 753 a
919 714 1080 753 caeteris
1118 714 1371 754 discernatur.
1431 714 1629 753 Dominus

236 778 368 808 autem
389 777 521 808 noster
541 776 608 816 est,
626 783 706 807 non
727 777 881 807 tantum
902 770 1121 808 secundum
1143 768 1389 807 divinitatem
1403 782 1521 819 quam
1538 781 1628 806 cum

238 826 352 862 Patre
375 837 495 862 unam
525 824 575 861 ab
602 831 763 862 aeterno
793 822 943 871 habuit,
966 825 1036 862 sed
1066 824 1105 861 in
1136 836 1183 862 ea
1211 836 1327 862 carne
1356 822 1396 861 in
1420 836 1498 872 qua
1526 822 1629 861 exhi-

236 878 340 916 bitus
362 877 478 916 nobis
497 877 592 916 fuit?

294 931 395 980 Quis
411 933 494 970 eius
512 930 770 970 confessionis
791 932 852 969 vel
868 938 1047 969 auctores
1061 931 1121 969 vel
1142 930 1426 980 subscriptores
1442 929 1629 968 Arrianos

237 985 416 1024 iudicet?
473 985 643 1024 Perstitit
676 992 809 1023 tamen
838 998 917 1035 qua
947 992 1130 1034 coeperat.
1167 983 1275 1023 rabie
1305 991 1485 1023 strenuus
1518 997 1628 1033 syco-

237 1041 395 1090 phanta,
418 1052 464 1077 ac
479 1038 675 1078 eiusmodi
696 1038 945 1077 confessione
966 1038 1041 1077 sibi
1061 1051 1311 1088 nequaquam
1334 1038 1511 1076 satisfieri
1530 1051 1630 1076 asse-

238 1093 393 1132 veravit.
436 1094 538 1132 Cum
561 1092 756 1142 exciperet
777 1092 964 1132 Calvinus
985 1106 1031 1131 ea
1050 1093 1135 1142 lege
1155 1105 1228 1131 nos
1249 1092 1365 1131 edere
1385 1091 1424 1129 in
1445 1104 1629 1141 praesens

238 1147 433 1186 eiusmodi
454 1146 755 1194 confessionem,
772 1154 814 1185 ut
835 1147 954 1185 fidem
983 1154 1157 1185 nostram
1178 1145 1293 1184 bonis
1313 1145 1510 1192 omnibus,
1533 1146 1629 1183 dum

238 1215 337 1251 opus
377 1203 486 1248 foret,
528 1202 764 1239 luculentius
802 1201 1020 1250 approbare
1057 1200 1179 1250 parati
1223 1202 1480 1248 essemus‚—‘
1494 1200 1630 1238 Faces-

239 1256 348 1301 sant,’
364 1255 501 1305 inquit,
519 1257 666 1293 ‘novae
685 1254 964 1302 confessiones,
982 1267 1027 1292 ac
1041 1254 1163 1292 tribus
1184 1253 1372 1304 symbolis
1393 1254 1521 1303 potius
1543 1253 1630 1291 sub-

239 1309 479 1348 scribamus.'
536 1310 601 1347 Ad
622 1310 719 1347 haec
741 1308 930 1347 Calvinus
959 1321 1031 1346 nos
1053 1307 1093 1345 in
1110 1307 1187 1346 Dei
1208 1307 1323 1346 unius
1343 1308 1462 1345 fidem
1483 1306 1630 1345 iurasse

239 1362 452 1412 respondit,
476 1375 557 1401 non
579 1361 811 1408 Athanasii,¹
835 1363 946 1400 cuius
973 1361 1196 1411 symbolum
1218 1362 1326 1399 nulla
1345 1373 1520 1411 unquam
1541 1361 1630 1410 legi-

238 1416 333 1454 tima
354 1415 519 1454 ecclesia
538 1416 804 1465 approbasset.
864 1416 999 1465 Legati
1020 1414 1112 1464 quia
1131 1410 1290 1452 nullum‘
1309 1413 1630 1453 altercationibus

240 1471 358 1508 finem
375 1471 546 1507 futurum
562 1469 889 1516 videbant,totam
903 1468 1017 1506 istam
1031 1467 1297 1518 cognitionem
1313 1469 1353 1505 in
1365 1469 1525 1506 fratrum
1539 1481 1629 1506 con-

239 1531 400 1562 ventum
418 1522 647 1570 reiecerunt,
658 1536 777 1573 quem
794 1521 957 1572 polliciti
974 1530 1064 1560 sunt
1079 1523 1308 1572 propediem
1323 1534 1364 1560 se
1381 1522 1612 1560 curaturos.²

295 1577 354 1628 (2)
384 1579 501 1615 From
531 1591 554 1614 a
584 1579 693 1614 letter
719 1577 766 1625 of
789 1577 929 1615 Calvin
957 1581 993 1613 2⁴0
1022 1577 1154 1614 Simon
1186 1577 1399 1624 Grynaeus,
1430 1582 1470 1613 at
1500 1576 1627 1623 Basel,

242 1643 260 1679 7
284 1645 327 1669 or
349 1633 371 1668 8
392 1632 508 1680 June,
537 1641 649 1680 1537.
673 1661 680 1669 .
705 1660 711 1667 .
737 1657 746 1667 .
769 1629 973 1679 Siquidem
999 1642 1079 1667 non
1106 1629 1201 1667 levis
1231 1628 1422 1667 momenti
1442 1642 1524 1667 rem
1545 1642 1630 1667 esse

238 1685 495 1730 ducebamus,
528 1684 559 1722 si
588 1691 706 1734 caput
735 1683 932 1733 religionis
962 1690 1118 1721 nostrae
1147 1682 1401 1733 praecipuum
1431 1682 1531 1721 inter
1556 1695 1629 1721 nos

238 1738 475 1777 controverti
499 1737 709 1776 adversarii
739 1737 861 1775 nostri
889 1736 1080 1784 audirent,
1104 1738 1164 1775 vel
1194 1738 1382 1775 ecclesiae
1411 1737 1628 1786 quidquam

238 1793 289 1830 de
311 1792 425 1830 nobis
455 1793 531 1830 tale
561 1792 859 1840 suspicarentur.
885 1821 892 1829 .
916 1820 924 1828 .
947 1821 954 1829 .
979 1791 1231 1840 Sycophanta
1252 1790 1342 1829 ille⁸
1371 1791 1629 1828 Senatuscon-

239 1848 342 1884 sulto
372 1845 411 1883 in
440 1845 597 1883 exilium
622 1853 733 1883 actus
761 1852 830 1891 est,
854 1858 926 1883 nos
956 1846 1072 1894 plane
1100 1843 1282 1891 absoluti,
1304 1856 1385 1882 non
1413 1857 1437 1881 a
1465 1843 1629 1881 crimine

240 1900 370 1946 modo,
394 1900 464 1937 sed
492 1900 543 1937 ab
567 1900 676 1937 omni
705 1911 865 1948 quoque
895 1897 1148 1948 suspicione.⁴1
1205 1899 1445 1947 Quanquam
1469 1910 1560 1936 vero
1587 1909 1629 1936 se

239 1952 444 1990 Athanasii
467 1952 579 1991 titulo
605 1965 712 1990 nunc
732 1951 918 1999 venditet,
942 1951 1009 2002 qui
1033 1964 1181 2001 poenas
1202 1953 1283 1989 luat
1307 1952 1493 1990 defensae
1523 1950 1627 1998 fidei,

284 2025 294 2044 ¹
320 2025 374 2056 He
390 2024 459 2055 also
477 2024 580 2065 spoke
603 2024 640 2054 of
659 2023 713 2055 the
737 2024 860 2055 Nicene
877 2024 980 2055 Creed
998 2024 1072 2055 thus
1085 2026 1148 2054 :—‘
1162 2024 1262 2054 Vides
1285 2028 1393 2055 autem
1408 2023 1440 2053 in
1455 2022 1508 2053 his
1522 2022 1628 2054 verbis

239 2079 307 2100 esse
323 2067 554 2108 battologiam,
572 2068 579 2081 ‘
596 2067 704 2098 Deum
725 2067 765 2098 de
790 2068 873 2105 Deo,
897 2067 1006 2097 lumen
1026 2067 1066 2097 de
1090 2066 1224 2105 lumine,
1242 2066 1351 2097 Deum
1370 2075 1479 2097 verum
1496 2066 1628 2097 deiDeo

238 2110 343 2143 vero’.
368 2112 531 2152 Quorsum
548 2110 609 2141 ista
619 2110 813 2151 repetitio?.
830 2133 837 2140 .
853 2134 860 2141 .
876 2110 974 2140 Vides
984 2120 1062 2150 ergo
1074 2120 1202 2141 carmen
1216 2120 1296 2149 esse,
1307 2109 1412 2149 magis
1424 2108 1628 2140 cantillando

238 2160 353 2217 apgum
370 2165 467 2196 quam
484 2154 658 2203 formulam
674 2153 904 2202 confessionis’
924 2153 1048 2193 (Opera
1064 2153 1117 2184 vii.
1138 2153 1190 2193 [=
1210 2152 1245 2183 C.
1259 2153 1300 2183 R.
1319 2151 1434 2201 xxxv-:2
1452 2161 1513 2200 3315
1528 2153 1604 2202 ες..)

322 2198 394 2229 The
418 2207 680 2229 commissioners
703 2196 854 2236 reported
877 2205 910 2226 m
934 2195 1048 2227 favour
1072 2196 1110 2226 of
1127 2205 1147 2226 a
1170 2195 1273 2236 synod
1301 2195 1543 2236 (Hermanard,
1578 2205 1624 2234 lv,

239 2242 306 2273 No.
324 2241 398 2280 610,
413 2252 443 2272 n.
465 2241 530 2281 12),
548 2240 611 2271 and
635 2239 741 2278 Farel,
759 2238 888 2277 Calvin,
905 2239 969 2269 and
986 2239 1077 2269 Viret
1093 2248 1176 2269 were
1201 2238 1365 2280 acquitted
1379 2242 1412 2270 at
1428 2238 1484 2270 the
1507 2239 1627 2279 synods

239 2285 275 2316 of
292 2295 331 2325 14
347 2285 427 2325 May
446 2290 539 2325 1537,
558 2284 729 2314 Lausanne
747 2282 839 2323 (ibid.
851 2282 915 2314 No.
930 2281 1005 2321 631,
1022 2281 1087 2313 and
1107 2281 1246 2313 Calvim‘
1259 2282 1376 2323 Opera,
1394 2281 1447 2313 vii.
1462 2281 1514 2323 [=
1534 2282 1571 2313 C.
1583 2282 1625 2313 R.

238 2327 351 2369 xxxv]
379 2337 442 2368 310
464 2338 558 2369 sqq.;
593 2326 633 2358 cf.
659 2325 799 2365 Ruchat,
827 2336 855 2356 v.
884 2326 1019 2366 24—30)‚
1051 2324 1115 2356 and
1139 2325 1183 2363 of,
1214 2334 1250 2364 31
1278 2325 1399 2365 May-2
1423 2325 1519 2366 June,
1542 2325 1626 2356 Bern

239 2372 373 2412 (Opera,
391 2371 444 2402 vii.
463 2371 514 2412 [z
535 2372 569 2402 C.
584 2371 627 2401 R.
646 2368 761 2409 xxxv.]
788 2378 848 2409 325
863 2378 934 2410 sqq.
958 2369 1021 2399 and
1045 2379 1064 2398 x
1079 2369 1100 2398 b
1118 2368 1170 2410 [=
1191 2369 1226 2400 C.
1240 2369 1282 2399 R.
1307 2367 1471 2408 xxxviii.],
1492 2377 1551 2408 105
1565 2378 1626 2409 sq.,

236 2415 275 2445 cf.
296 2415 437 2452 Ruchat,
452 2425 481 2445 v.
500 2414 612 2453 30-8).

281 2457 294 2476 3
319 2458 430 2488 Caroli
445 2469 452 2497 ;
477 2457 525 2488 for
540 2457 593 2488 the
609 2455 834 2487 immor-alities
850 2455 971 2497 proved
988 2455 1114 2496 against
1132 2455 1199 2486 him
1218 2454 1258 2487 cf.
1276 2454 1418 2494 Ruchat,
1429 2465 1456 2486 v.
1479 2462 1515 2494 31
1529 2465 1575 2496 sq.

282 2501 293 2518 ⁴
318 2501 380 2532 But
397 2511 450 2532 see
467 2501 522 2532 the
538 2505 613 2532 next
629 2505 761 2539 extract,
780 2499 817 2530 of
831 2507 867 2539 13
887 2500 973 2539 Aug.
