1715 2780
174 134 221 169 74
394 121 514 158 THE
553 121 750 158 THREE
789 120 1098 158 TREATISES
1137 120 1209 160 OF
1251 132 1350 171 1520
1528 128 1578 169 37

171 235 226 275 tu,
266 238 396 276 neque
435 226 536 263 ullus
575 224 783 263 hominum
822 231 951 275 potest
990 237 1143 274 negare,
1173 224 1455 275 corruptiorem
1494 238 1580 266 esse

171 282 307 331 quavis
339 280 543 330 Babylone
573 287 611 318 et
641 280 842 318 Sodoma.
868 309 875 317 .
900 309 907 317 .
929 292 1023 317 sane
1050 279 1265 317 detestatus
1286 292 1385 327 sum,
1407 280 1580 330 indigne-

171 347 250 385 que
269 333 352 382 tuli,
374 334 447 372 sub
468 341 537 372 tuo
565 332 727 372 nomine
757 340 795 372 et
814 340 1016 383 praetextu
1037 333 1243 372 Romanae
1264 332 1475 381 Ecclesiae,
1497 333 1581 373 ludi

173 388 320 428 Christi
349 389 564 439 populum:
605 395 724 438 atque
753 386 806 425 ita
835 386 968 434 restiti,
999 387 1267 437 resistamque‚
1298 388 1394 426 dum
1423 387 1579 438 spiritus

173 444 265 482 fidei
286 442 327 481 in
346 455 410 480 me
430 441 577 481 vixerit.
599 473 606 480 .
630 471 638 480 .
661 471 669 481 .
693 443 836 491 Neque
856 442 961 480 enim
981 440 1089 480 aliud
1113 454 1135 480 e
1157 443 1287 480 Roma
1307 440 1384 479 iam
1405 454 1427 480 a
1447 441 1580 480 multis

171 498 284 535 annis
315 496 492 543 inundat,
528 496 637 546 quod
671 508 751 534 non
786 495 939 545 ignoras
978 495 1072 545 ipse,
1104 508 1223 545 quam
1252 495 1409 534 vastitas
1439 508 1579 542 rerum,

173 564 392 601 corporum,
425 550 655 596 animarum,
688 557 725 588 et
759 549 937 587 omnium
969 549 1226 599 pessimarum
1253 562 1380 588 rerum
1411 549 1581 600 pessima

173 606 362 654 exempla.
423 606 530 642 Luce
562 603 667 642 enim
699 605 797 642 haec
829 604 962 641 omnia
995 602 1158 642 clariora
1187 611 1289 650 sunt,
1320 610 1358 642 et
1388 604 1488 642 facta
1522 611 1580 642 est

173 673 194 697 e
225 661 408 697 Romana
438 657 625 705 Ecclesia,
659 659 862 707 quondam
892 657 1069 696 omnium
1104 657 1360 704 sanctissima,
1392 658 1580 707 spelunca

173 715 370 752 latronum
402 711 726 759 licentiosissima,
760 713 923 761 lupanar
961 711 1138 749 omnium
1178 711 1577 761 impudentissimum,

172 780 335 817 regnum
375 767 537 817 peccati,
570 765 705 804 mortis
740 773 778 804 et
813 765 963 812 inferni,
1000 773 1042 804 ut
1076 766 1126 804 ad
1161 765 1349 804 malitiam
1381 766 1490 816 quod
1521 779 1581 804 ac-

172 822 298 868 cedat,
317 820 393 859 iam
412 819 571 870 cogitari
588 833 667 858 non
682 819 815 870 possit,
834 833 884 858 ne
901 819 1164 858 Antichristus
1181 819 1355 869 quidem,
1373 819 1404 858 si
1420 820 1580 859 venerit.

229 874 391 913 Interim
417 882 470 921 tu,
502 876 594 921 Leo,
623 873 722 912 sicut
752 887 874 924 agnus
896 873 935 911 in
961 873 1092 912 medio
1122 875 1304 923 luporum
1329 875 1454 921 sedes,
1481 873 1580 912 sicut

176 930 318 968 Daniel
350 928 389 966 in
422 928 555 967 medio
588 929 760 975 leonum,
792 935 829 966 et
861 941 950 965 cum
986 927 1192 966 Ezechiele
1225 927 1325 966 inter
1354 927 1580 978 scorpiones

175 984 339 1021 habitas.
400 983 508 1031 Quid
535 981 594 1020 his
623 983 805 1020 monstris
826 995 927 1020 unus
952 983 1160 1032 opponas?
1216 982 1334 1020 Adde
1358 981 1429 1020 tibi
1456 982 1580 1022 erudi-

174 1037 345 1075 tissimos
366 1044 404 1075 et
424 1036 596 1086 optimos
618 1036 848 1075 Cardinales
869 1044 945 1074 tres
971 1043 1039 1074 aut
1065 1042 1272 1085 quattuor:
1303 1035 1400 1086 quid
1420 1035 1460 1074 hi
1481 1035 1580 1075 inter

174 1092 334 1129 tantos?
377 1098 467 1129 ante
505 1102 659 1129 veneno
698 1090 883 1128 omnibus
922 1090 1169 1140 pereundum
1207 1089 1331 1136 vobis,
1371 1103 1490 1140 quam
1529 1091 1580 1130 de

175 1144 350 1183 remedio
371 1152 539 1183 statuere
559 1143 867 1194 praesumeretis.
928 1145 1074 1182 Actum
1095 1150 1153 1182 est
1174 1144 1224 1182 de
1249 1145 1429 1183 Romana
1448 1143 1579 1191 Curia,

174 1198 350 1249 pervenit
380 1198 419 1236 in
454 1211 541 1237 eam
575 1198 630 1236 ira
666 1199 740 1236 Dei
774 1211 899 1248 usque
928 1199 968 1235 in
997 1198 1128 1236 finem.
1188 1197 1368 1237 Concilia
1397 1197 1492 1245 odit,
1527 1211 1581 1237 re-

175 1252 331 1291 formari
366 1252 515 1299 metuit,
537 1253 707 1290 furorem
742 1251 952 1302 impietatis
984 1265 1077 1290 suae
1104 1251 1279 1301 mitigare
1308 1251 1456 1302 nequit.
1488 1283 1496 1290 .
1529 1281 1536 1290 .
1569 1283 1576 1290 .

177 1308 266 1345 Hac
295 1308 502 1345 affectione
532 1314 676 1344 tractus
706 1306 814 1344 dolui
845 1319 1009 1356 semper,
1032 1307 1180 1355 optime
1212 1307 1304 1353 Leo,
1326 1305 1385 1344 his
1415 1305 1580 1345 saeculis

174 1368 212 1399 te
241 1360 475 1398 Pontificem
506 1361 663 1407 factum,
687 1360 753 1410 qui
774 1359 1001 1399 melioribus
1026 1359 1166 1410 dignus
1196 1373 1291 1398 eraS.
1351 1361 1444 1398 Non
1473 1361 1578 1398 enim

176 1415 358 1452 Romana
378 1414 497 1453 Curia
525 1422 693 1452 meretur
722 1422 760 1452 te
789 1414 924 1463 tuique
955 1413 1111 1461 similes,
1132 1414 1202 1452 sed
1229 1415 1412 1452 Satanam
1437 1413 1578 1488 ipsum,

176 1468 242 1518 qui
265 1476 303 1506 et
324 1480 412 1506 vere
433 1469 519 1518 plus
541 1481 659 1518 quam
681 1475 721 1505 tu
744 1467 783 1505 in
806 1469 1009 1518 Babylone
1030 1469 1103 1506 ista
1122 1475 1299 1518 regnat..

231 1523 277 1559 In
300 1523 389 1568 fine,
412 1535 461 1560 ne
476 1535 622 1560 vacuus
642 1523 868 1560 advenerim
887 1524 930 1560 B.
940 1524 1000 1570 T.
1019 1535 1175 1560 mecum
1195 1523 1314 1560 affero
1330 1523 1577 1560 tractatulum

176 1577 293 1621 hunc,
309 1576 381 1614 sub
399 1583 466 1614 tuo
484 1576 643 1614 nomine
660 1575 822 1622 editum,
837 1578 942 1614 velut
958 1575 1134 1626 auspicio
1153 1576 1260 1625 pacis
1277 1577 1578 1626 componendae

176 1637 213 1668 et
236 1630 363 1668 bonae
384 1629 478 1679 spei.
500 1660 508 1668 .
531 1660 538 1667 .
563 1660 569 1667 .
595 1632 717 1667 Parva
738 1643 796 1668 res
817 1638 888 1675 est,
910 1630 939 1668 si
961 1643 1103 1679 corpus
1124 1637 1276 1680 spectes
1293 1645 1303 1678 3
1324 1631 1394 1668 sed
1410 1643 1575 1677 summa,

177 1683 214 1721 ni
241 1685 361 1730 fallor,
383 1683 485 1722 vitae
516 1684 762 1722 Christianae
792 1683 1032 1734 compendio
1062 1691 1257 1734 congesta,
1281 1685 1311 1722 si
1342 1685 1576 1723 sententiam

174 1745 317 1787 captes,
341 1769 348 1776 .
372 1769 378 1776 .

230 1792 545 1841 Wittembergae,
567 1805 673 1830 anno
695 1803 830 1838 MDxx,
853 1799 961 1830 sexta
981 1791 1236 1842 Septembris.

819 1879 923 1917 XIX

245 1954 365 1991 THE
406 1953 983 1994 EXCOMMUNICATION
1025 1956 1096 1994 OF
1136 1957 1385 2003 LUTHER,
1422 1967 1522 2006 1520

224 2029 313 2073 [No.
340 2027 400 2074 38]
425 2029 511 2064 The
537 2030 627 2063 Bull
653 2030 699 2064 of
724 2031 1135 2066 Excommunication
1163 2032 1312 2076 (llafrn.
1339 2031 1442 2065 Bull.
1469 2032 1576 2066 Rom.

177 2077 198 2111 i.
233 2077 303 2111 610
338 2075 432 2120 sqq.)
471 2087 544 2110 was
586 2076 708 2110 issued
749 2077 785 2110 in
826 2078 944 2112 Rome
982 2086 1019 2121 15
1055 2079 1148 2122 June
1188 2086 1306 2122 1520:
1351 2078 1437 2121 and,
1471 2079 1520 2122 by
1552 2090 1573 2112 a

178 2123 335 2158 mistake
370 2123 408 2156 of
437 2122 560 2167 policy
587 2122 705 2157 which
738 2123 950 2158 Pallavicini
979 2124 1130 2158 himself
1151 2131 1287 2168 regrets
1319 2124 1437 2170 (Hz'st.
1467 2125 1575 2160 Cone.

182 2171 285 2204 Trai.
323 2170 350 2204 1.
384 2181 439 2203 xx.
472 2169 520 2212 2),
553 2170 743 2204 entrusted
773 2177 810 2204 to
842 2171 921 2204 Eck
956 2170 1010 2204 for
1043 2171 1322 2215 promulgation.
1389 2172 1448 2207 He
1482 2173 1574 2216 pub-

178 2216 298 2251 lished
337 2217 362 2251 it
401 2216 437 2250 in
474 2216 632 2260 Leipzig,
660 2226 704 2260 29
738 2218 852 2261 Sept„
887 2217 960 2251 and
995 2217 1031 2251 in
1062 2218 1303 2269 Wittenberg,
1339 2227 1359 2261 3
1394 2219 1477 2253 Oct.
1512 2218 1573 2262 (de

180 2264 314 2307 Wette‚
342 2264 362 2298 i.
387 2263 481 2307 494).
536 2264 605 2297 But
633 2274 673 2297 so
699 2263 754 2297 far
778 2264 870 2297 from
897 2264 1071 2308 crushing
1098 2265 1248 2308 Luther,
1274 2264 1300 2299 it
1326 2265 1453 2300 rallied
1480 2266 1572 2300 Ger·

178 2322 291 2356 many
319 2318 356 2345 to
391 2310 449 2344 his
486 2309 589 2353 side;
630 2310 696 2352 sor,
723 2321 764 2344 as
800 2310 861 2345 the
892 2310 1040 2345 Elector
1075 2311 1275 2346 Frederick
1308 2311 1384 2346 had
1419 2312 1571 2355 written,

184 2368 195 2392 1
226 2357 341 2402 April,
371 2357 538 2391 ‘Lutheri
566 2356 733 2391 doctrina
759 2357 809 2392 ita
836 2357 908 2391 iam
938 2357 1075 2402 passim
1103 2357 1138 2392 in
1165 2357 1406 2403 plurimorum
1439 2358 1573 2394 animis

179 2406 216 2439 in
232 2404 433 2440 Germania
459 2411 494 2438 et
521 2403 607 2438 alibi
636 2404 745 2438 infixa
773 2404 914 2439 radices
942 2404 1027 2449 egit,
1046 2411 1084 2439 ut
1115 2404 1145 2439 si
1169 2416 1242 2439 non
1266 2405 1361 2440 veris
1387 2417 1429 2440 ac
1458 2406 1571 2441 firmis

177 2451 406 2495 argumentis
439 2457 474 2486 et
508 2450 712 2496 perspicuis
748 2451 969 2486 testimoniis
1005 2451 1216 2496 Scripturae
1250 2454 1466 2496 revincatur,
1506 2453 1570 2488 sed

179 2500 256 2534 solo
286 2497 560 2534 ecclesiasticae
589 2498 782 2543 potestatis
811 2505 948 2533 terrore
981 2498 1029 2533 ad
1058 2510 1142 2534 eum
1173 2499 1456 2544 opprimendum
1489 2511 1572 2545 pro-
