1715 2780
194 96 267 132 662
558 96 677 133 THE
720 96 1086 143 HUGUENOTS,
1125 99 1222 146 1560
1507 109 1584 147 323

192 208 333 249 petuus
355 201 462 249 regni
485 207 607 237 status
629 206 669 237 ut
692 211 815 237 novae
834 208 969 238 contra
986 200 1071 249 pios
1093 200 1293 240 saeviendi
1309 203 1394 241 viae
1410 211 1581 253 pateant.

193 253 302 302 Quid
332 253 524 292 hactenus
555 253 752 298 veneficis,
786 253 958 301 falsariis,
988 254 1204 294 latronibus
1234 268 1468 295 concessum
1498 258 1581 306 fuit,

192 316 229 346 et
257 308 388 346 adhuc
413 307 654 353 conceditur,
679 316 720 345 ut
748 307 807 345 ius
834 307 1075 357 provocandi
1103 309 1275 348 habeant
1303 311 1354 349 ad
1381 324 1583 361 supremas

191 361 328 408 curias,
352 363 429 400 hoc
450 361 684 401 Christianis
710 363 943 412 ademptum
971 370 1039 409 est,
1064 375 1163 412 quos
1192 363 1276 402 sine
1302 365 1583 414 provocatione

192 416 376 454 iubentur
406 415 591 454 ordinarii
626 416 776 454 iudices
814 417 865 454 ad
899 415 1030 466 ignem
1065 430 1156 455 mox
1189 430 1335 467 rapere.
1394 419 1582 470 Cognatis

192 483 328 508 eorum
356 469 423 520 qui
450 471 501 508 de
528 469 605 508 vita
634 469 912 519 periclitantur,
937 469 1188 509 interdictum
1216 479 1274 510 est
1303 485 1354 510 ne
1379 473 1581 523 deprecari

191 524 364 562 audeant
393 523 467 561 nisi
497 523 782 562 haereticorum
810 525 981 563 fautores
1011 524 1146 563 haberi
1170 524 1301 564 velint.
1361 527 1424 565 Ne
1451 527 1581 566 desint

191 579 384 616 incendiis
406 577 572 624 flabella,
593 579 705 616 tertia
726 591 813 628 pars
834 578 1031 616 bonorum
1055 579 1349 619 accusatoribus
1375 581 1579 620 addicitur.

193 632 230 670 Si
252 631 319 682 qui
339 631 490 671 iudices
508 631 714 670 videantur
734 633 900 670 nimium
921 632 1084 680 remissi,
1101 632 1152 671 ab
1169 632 1242 672 illis
1255 647 1385 684 poena
1406 635 1579 686 exigitur.

192 686 363 725 Cavetur
390 699 439 724 ne
467 699 567 736 quos
594 686 701 736 regni
721 686 977 725 cancellarius
1004 688 1055 725 ad
1075 687 1234 737 publica
1254 688 1381 727 officia
1401 689 1582 729 admittat

191 739 258 790 qui
293 741 353 778 vel
386 740 461 778 levi
495 740 719 790 suspicione
754 753 930 790 unquam
963 741 1109 791 aspersi
1144 741 1297 790 fuerint,
1331 756 1377 781 ac
1411 756 1461 782 ne
1495 744 1582 795 quis

192 795 355 844 posthac
377 794 451 832 nisi
472 794 630 834 Christo
655 794 818 833 infestus
845 796 977 834 locum
1006 795 1045 833 in
1072 795 1226 834 iudiciis
1253 805 1432 848 occupet.
1489 799 1582 848 Qui-

191 861 349 898 cunque
375 849 427 887 ad
456 862 599 887 munus
620 848 823 899 publicum
845 850 1056 899 adspirant,
1080 849 1266 889 iubentur
1285 852 1422 890 offerre
1444 854 1583 891 multo-

190 916 275 940 rum
293 902 518 941 testimonia
535 902 678 953 quibus
696 916 736 942 se
754 903 1022 953 obsequentes
1040 905 1246 943 Romanae
1264 906 1464 944 Ecclesiae
1481 907 1582 945 filios

191 957 370 1006 probent.
431 958 469 996 Si
492 957 578 1006 quis
600 957 790 1004 fefellerit,
809 971 938 1007 poena
951 958 1340 998 commendatoribus
1357 959 1580 1011 iniungitur.

195 1012 325 1049 Poena
346 1011 463 1049 etiam
486 1011 708 1050 civitatibus
730 1011 895 1050 edicitur
915 1025 1016 1062 quae
1039 1011 1242 1063 magistros
1267 1014 1456 1064 suffragiis
1481 1028 1583 1053 crea-

189 1064 314 1103 verint
332 1066 580 1104 Lutheranae
598 1065 800 1104 doctrinae
818 1067 878 1104 vel
895 1066 1102 1104 minimum
1120 1075 1336 1117 suspectos.
1382 1069 1582 1118 Supremis

190 1118 305 1157 curiis
333 1121 393 1157 lex
420 1119 645 1169 imponitur,
670 1119 699 1158 si
726 1119 793 1169 qui
819 1120 1026 1159 consiliarii
1049 1121 1252 1159 doctrinae
1276 1129 1432 1160 nostrae
1454 1123 1581 1161 favere

190 1172 260 1211 visi
282 1173 437 1220 fuerint,
460 1181 501 1212 ut
523 1187 563 1211 se
585 1173 836 1212 iureiurando
858 1182 1036 1224 purgent.
1089 1175 1282 1214 Iubentur
1302 1189 1440 1215 omnes
1461 1177 1581 1215 deum

191 1240 408 1277 panaceum
441 1227 556 1266 solito
588 1227 775 1266 intentius
802 1228 910 1266 flexis
937 1229 1104 1278 genibus
1133 1230 1308 1268 adorare.
1369 1231 1583 1269 Mandatur

190 1282 370 1331 parochis
395 1290 436 1320 ut
465 1282 625 1332 singulis
646 1282 787 1320 diebus
809 1282 1019 1321 dominicis
1046 1282 1230 1322 articulos
1251 1284 1491 1323 Sorbonicos
1512 1299 1582 1335 pro

189 1343 372 1386 suggestu
401 1337 451 1375 ad
477 1338 667 1386 populum
693 1337 833 1386 legant,
858 1344 898 1374 ut
927 1336 977 1374 ita
1005 1337 1178 1375 solennis
1200 1337 1344 1377 Christi
1371 1338 1582 1389 abnegatio

190 1389 337 1439 ubique
362 1399 558 1440 personet.
618 1392 729 1428 Bona
755 1391 931 1428 omnium
964 1390 1029 1439 qui
1060 1392 1110 1429 ad
1141 1404 1212 1429 nos
1244 1391 1455 1442 migrarunt
1485 1393 1581 1432 fisco

187 1442 474 1489 adiudicantur,
499 1444 650 1482 etiamsi
674 1441 831 1482 ven'dita
852 1454 943 1482 ante
966 1445 1182 1482 discessum
1205 1454 1270 1483 aut
1292 1446 1430 1496 quovis
1460 1448 1580 1485 modo

188 1498 356 1535 alienata
375 1497 527 1544 fuerint,
547 1497 619 1535 nisi
641 1497 791 1536 iudices
813 1506 1053 1547 cognoscant
1075 1498 1144 1536 rite
1165 1507 1255 1537 ante
1278 1499 1427 1539 facinus
1448 1500 1581 1539 animo

188 1560 426 1601 conceptum
449 1551 608 1590 vendita
629 1565 724 1589 esse.
787 1553 949 1590 Geneva
970 1551 1047 1590 illic
1068 1554 1156 1602 plus
1177 1552 1319 1601 decies,
1343 1567 1497 1605 semper
1516 1555 1582 1593 ad-

188 1606 271 1643 dito
299 1605 441 1655 insigni
468 1606 623 1655 probro,
648 1607 882 1644 nominatur.
942 1607 1090 1644 Verum
1121 1606 1237 1645 simul
1265 1608 1466 1646 adduntur
1495 1610 1580 1648 loca

188 1660 320 1697 omnia
342 1661 380 1697 in
402 1659 546 1709 quibus
566 1673 587 1697 a
609 1660 703 1698 sede
728 1661 908 1698 Romana
931 1660 1031 1698 facta
1053 1668 1109 1698 est
1131 1660 1330 1700 discessio.
1355 1692 1361 1700 .
1387 1692 1394 1700 .
1418 1693 1425 1700 .

204 1746 293 1790 No.
317 1759 420 1801 324.
462 1747 569 1790 The
602 1747 744 1790 Edict
774 1747 831 1790 of
857 1746 1181 1801 Compiegne,
1209 1761 1266 1802 24
1297 1749 1417 1804 July
1444 1760 1564 1803 1557.

242 1823 259 1871 ξ
280 1836 316 1869 4.
349 1823 399 1860 Et
420 1835 519 1872 pour
540 1835 584 1860 ce
606 1836 682 1872 que
704 1822 795 1861 bien
818 1830 984 1861 souvent
1011 1823 1171 1861 advient
1192 1837 1269 1874 que
1290 1823 1442 1863 nosdits
1467 1826 1579 1875 juges

188 1884 277 1915 sont
305 1889 418 1914 meuz
439 1877 489 1914 de
514 1875 607 1926 pitie'
632 1890 700 1926 par
727 1877 782 1914 les
810 1878 954 1915 saintes
986 1884 1023 1915 et
1054 1877 1299 1917 malicieuses
1330 1879 1482 1928 paroles
1509 1879 1579 1918 des

187 1943 381 1980 prevenus
417 1930 566 1969 desdits
605 1930 745 1969 crimes
780 1932 948 1969 tendans
987 1932 1009 1968 a
1043 1939 1303 1980 repentance:
1348 1945 1448 1971 nous
1480 1946 1579 1983 pour

187 1983 308 2022 eviter
328 1997 405 2033 que
426 1997 494 2033 par
515 1986 598 2021 leur
615 1984 808 2023 calliditez
824 1993 862 2022 et
880 1984 1038 2023 malices
1052 1984 1097 2023 ils
1110 1987 1392 2036 n'escbappent
1413 1987 1449 2025 la
1468 1987 1577 2037 puni-

187 2037 268 2075 tion
298 2037 409 2087 qu'ils
437 2045 505 2076 ont
534 2037 625 2075 bien
654 2038 800 2085 merite,
823 2052 945 2076 avons
973 2039 1151 2077 ordonne
1179 2047 1217 2078 et
1243 2041 1474 2078 ordonnons
1501 2053 1577 2090 que

188 2105 285 2129 ceux
306 2093 371 2141 qui
394 2098 526 2130 seront
547 2099 703 2129 trouvez
723 2092 1056 2139 samamentaires,
1074 2093 1251 2131 obstinez
1272 2102 1310 2132 et
1330 2095 1506 2144 pertinax
1526 2107 1576 2132 ou

188 2147 324 2195 relaps,
357 2145 424 2194 qui
457 2153 598 2183 auront
634 2146 854 2195 dogmatize'
889 2155 974 2184 tant
1004 2146 1306 2196 publiquement
1338 2149 1453 2197 qu’en
1488 2160 1578 2186 con-

188 2200 402 2238 venticules
433 2200 560 2249 privez
589 2207 627 2237 et
657 2208 811 2245 secrets‚
836 2201 901 2248 qui
933 2209 1073 2238 auront
1101 2200 1192 2239 faict
1222 2202 1347 2251 injure
1376 2214 1426 2240 au
1453 2201 1576 2240 sainct

187 2262 418 2299 sacrement,
441 2266 515 2291 aux
546 2253 692 2303 images
722 2254 772 2291 de
800 2253 914 2299 Dieu,
937 2255 987 2292 de
1018 2267 1058 2291 sa
1088 2254 1269 2293 benoiste
1296 2256 1417 2301 Mem,
1441 2263 1479 2293 et
1506 2256 1576 2294 des

188 2308 351 2354 Saincts,
385 2307 452 2357 qui
490 2320 588 2357 pour
626 2309 681 2345 les
722 2308 831 2344 effets
871 2321 947 2356 que
982 2308 1130 2354 dessus,
1168 2315 1402 2347 soustenans
1441 2310 1575 2348 lesdits

187 2374 348 2406 erremus,
380 2371 519 2399 auront
549 2361 639 2399 faict
670 2360 859 2400 seditions
890 2369 926 2399 et
957 2361 1195 2400 asse111ble<s
1225 2362 1460 2413 populaires,
1492 2370 1575 2401 tant

187 2428 284 2464 pour
314 2415 406 2453 faire
435 2416 618 2465 prescher
649 2414 782 2453 lesdits
817 2427 965 2453 erreurs
1001 2422 1038 2453 et
1070 2415 1253 2465 opinions
1288 2418 1574 2466 qu’autrement

187 2481 284 2517 pour
317 2468 510 2507 soustenir
542 2469 701 2507 lesdites
736 2476 870 2515 sectes‚
904 2468 1173 2519 pareillement
1205 2483 1303 2508 ceux
1335 2470 1400 2521 qui
1435 2477 1574 2508 auront
