1715 2780
169 84 243 131 298
426 83 545 120 THE
576 83 713 120 DIET
744 82 815 121 OF
846 81 1160 128 AUGSBURG‚
1198 93 1297 131 1530
1488 92 1559 119 122

166 185 472 236 appellationem
494 185 638 224 habeat
660 199 730 236 pro
751 186 868 223 nulla.
929 186 1033 223 Nam
1063 198 1234 235 aequum
1260 198 1345 224 esse
1365 192 1407 223 ut
1434 185 1562 223 minor

166 253 253 290 pars
274 241 551 279 accommodet
565 252 650 278 sese
665 240 801 278 maiori
816 254 826 287 3
855 240 1045 289 quantula
1065 252 1156 277 vero
1177 240 1254 276 sint
1274 238 1348 289 ipsi
1368 240 1505 289 portio,
1529 239 1558 277 si

168 307 258 332 cum
291 295 485 332 Pontifice
520 294 709 341 Maximo,
743 295 774 331 si
809 306 955 341 secum,
987 292 1018 331 si
1049 306 1139 331 cum
1169 292 1303 343 aliquo
1335 292 1561 343 Principum

167 356 283 387 coetu
298 355 600 398 componantur.
641 350 782 397 Itaque
799 354 930 397 petere
946 353 989 385 ut
1005 354 1203 397 exponant
1219 360 1315 385 num
1330 346 1561 397 ampliorem

166 402 365 441 actionem
385 404 483 441 ferre
508 401 660 452 possint
679 417 685 439 :
724 414 798 440 nec
819 401 925 440 enim
953 402 1020 439 ulli
1041 414 1113 439 suo
1133 400 1258 439 labori
1277 402 1339 439 vel
1358 401 1562 440 molestiae

166 469 207 495 se
228 457 327 496 velle
348 470 517 506 parcere,
539 469 619 506 quo
640 457 801 494 tandem
822 457 873 494 ad
894 454 1149 494 concordiam
1169 454 1299 494 aditus
1320 456 1398 494 fiat.
1440 456 1562 504 Quod

168 510 199 548 si
233 519 366 549 autem
401 517 583 549 recusent
614 509 824 556 actionem,
859 523 932 548 nec
965 522 987 547 a
1021 508 1224 559 proposito
1257 510 1455 557 recedant,
1478 516 1560 547 tum

168 565 242 603 sibi
277 564 502 603 faciendum
543 576 642 612 esse,
681 565 1020 614 quemadmodum
1061 563 1263 602 Ecclesiae
1296 566 1561 602 Protectorem

167 619 318 665 deceat,
350 626 387 657 et
415 618 507 668 quia
541 619 687 656 multus
718 618 795 656 iam
829 617 875 656 sit
907 631 1053 668 vesper,
1088 617 1287 668 cogitandi
1319 617 1488 668 spatium
1521 631 1562 655 se

168 672 261 722 ipsis
282 672 408 723 largiri
429 673 468 710 in
490 672 595 711 diem
617 671 841 710 crastinum.

353 798 441 842 No.
475 809 565 851 123.
628 797 736 842 The
767 799 976 850 ReceSS,
1004 810 1059 840 22
1091 797 1231 852 Sept.
1264 809 1389 850 1530.

224 890 283 941 (Ι)
314 892 530 941 Postquam
571 890 764 931 Caesarea
800 891 988 929 Maiestas
1027 902 1282 928 communem
1322 894 1559 928 conventum

171 944 367 983 Ordinum
400 945 559 995 Imperii
590 946 641 983 ad
671 945 776 983 diem
808 952 990 982 octavum
1026 942 1170 994 Aprilis
1200 944 1388 993 elapsum,
1420 941 1459 980 in
1490 943 1563 980 hac

171 998 267 1037 urbe
288 1001 467 1049 Augusta
487 999 637 1046 indixit,
662 1006 703 1037 ut
725 1000 774 1037 de
802 998 921 1037 totius
951 997 1111 1048 Imperii
1140 1005 1178 1036 et
1206 997 1323 1036 Orbis
1352 995 1563 1036 Christiani

169 1066 214 1091 ac
235 1053 508 1092 Theutonicae
532 1053 713 1091 Nationis
735 1052 900 1103 negotiis
922 1059 960 1091 et
981 1051 1171 1102 imprimis
1187 1052 1237 1090 de
1251 1049 1563 1090 dissensionibus

171 1106 210 1144 in
235 1115 370 1146 sancta
395 1108 473 1146 fide
503 1115 541 1147 et
568 1106 754 1157 religione
784 1106 1007 1146 Christiana
1031 1105 1094 1156 pie
1118 1104 1406 1155 componendis
1436 1103 1496 1154 agi
1526 1111 1564 1142 et

171 1161 329 1200 decerni
369 1169 502 1211 posset
541 1169 578 1200 et
617 1162 790 1208 deberet,
831 1174 876 1199 ac
912 1168 954 1198 ut
996 1159 1129 1198 onmia
1169 1159 1381 1198 commoda
1427 1157 1488 1196 via
1527 1166 1564 1196 et

171 1215 327 1253 salutari
360 1215 510 1254 ratione
538 1215 913 1262 administrarentur,
944 1215 994 1253 de
1025 1213 1336 1252 dissensionibus
1371 1214 1410 1250 in
1447 1224 1566 1251 causa

172 1276 331 1308 sanctae
374 1269 570 1319 religionis
616 1277 652 1307 et
687 1268 934 1308 Christianae
974 1267 1065 1306 fidei
1104 1268 1392 1317 componendis
1438 1279 1565 1316 agere-

173 1332 243 1369 tur,
279 1331 316 1361 et
352 1323 390 1361 in
424 1325 497 1361 hac
536 1337 653 1361 causa
688 1322 883 1372 religionis
918 1321 1112 1361 erroribus
1152 1320 1367 1371 praeteritis
1406 1319 1565 1359 Christo

173 1378 408 1416 condonatis
431 1378 596 1427 partium
619 1377 826 1426 opiniones
847 1389 892 1414 ac
914 1375 1130 1414 sententiae
1151 1375 1250 1413 inter
1270 1388 1324 1422 se,
1338 1375 1378 1412 in
1393 1373 1563 1419 caritate,

173 1432 333 1469 lenitate
371 1439 408 1469 et
449 1430 752 1469 mansuetudine
792 1437 927 1468 mutua
965 1428 1192 1468 audirentur
1238 1441 1384 1475 coram,
1428 1427 1566 1466 intelli-

172 1493 354 1535 gerentur
374 1493 412 1523 et
433 1486 752 1535 ponderarentur,
776 1497 833 1531 ac,
866 1483 939 1521 illis
967 1496 1068 1533 quae
1095 1482 1277 1532 utrinque
1301 1482 1341 1520 in
1366 1480 1565 1531 scripturis

174 1552 286 1577 secus
307 1546 469 1578 tractata
489 1546 556 1577 aut
577 1538 775 1577 intellecta
796 1546 886 1576 sunt
913 1536 1093 1587 sepositis
1114 1544 1151 1575 et
1180 1536 1374 1583 correctis,
1397 1548 1456 1573 res
1477 1535 1565 1573 illae

172 1594 223 1631 ad
271 1607 391 1631 unam
430 1593 649 1643 simplicem
688 1592 890 1630 veritatem
936 1599 974 1630 et
1009 1590 1272 1631 Christianam
1311 1588 1565 1628 concordiam

175 1655 506 1697 componerentur
538 1660 584 1685 ac
618 1648 908 1693 reducerentur,
945 1653 983 1684 et
1017 1646 1067 1683 de
1098 1652 1254 1683 caetero
1288 1657 1310 1682 a
1343 1642 1458 1682 nobis
1487 1656 1566 1681 una

175 1701 326 1739 sincera
364 1709 402 1740 et
436 1715 525 1740 vera
563 1699 698 1751 religio
736 1702 928 1739 coleretur
966 1706 1005 1737 et
1044 1706 1258 1738 servaretur
1295 1705 1348 1745 ut,
1381 1697 1567 1747 quemad-

176 1756 339 1793 modum
361 1755 434 1793 sub
456 1769 536 1794 uno
559 1755 716 1794 Christo
738 1768 872 1793 sumus
901 1761 938 1793 et
963 1753 1186 1799 militamus,
1210 1752 1262 1790 ita
1289 1751 1328 1789 in
1350 1764 1427 1790 una
1448 1750 1565 1789 etiam

178 1809 355 1847 Ecclesia
386 1809 618 1856 Christiana,
648 1810 687 1847 in
718 1809 867 1847 unitate
893 1815 931 1846 et
955 1808 1168 1845 concordia
1197 1806 1324 1844 vivere
1347 1817 1564 1855 possemus,

176 1876 221 1900 ac
246 1876 319 1912 pax
336 1871 373 1901 et
398 1863 656 1913 tranquillitas
687 1876 755 1913 per
781 1876 920 1901 omnes
952 1860 1112 1912 Imperii
1140 1862 1236 1899 fines
1264 1859 1304 1898 in
1328 1861 1388 1898 his
1418 1866 1456 1898 et
1482 1857 1566 1896 aliis

177 1916 343 1966 negotiis
392 1918 676 1963 decerneretur,
727 1916 1029 1955 constitueretur
1084 1922 1202 1964 atque
1260 1920 1564 1958 conservaretur,

177 1984 342 2020 quarum
382 1984 509 2008 rerum
545 1978 587 2008 ut
619 1978 656 2009 et
690 1970 851 2008 aliarum
884 1969 1062 2008 omnium
1098 1970 1314 2008 Caesareae
1348 1965 1566 2005 Maiestatis

177 2024 326 2062 litterae
347 2023 573 2062 indictionis
594 2023 842 2074 prolixiorem
863 2023 1011 2062 faciunt
1032 2022 1285 2061 mentionem.

232 2077 292 2129 (2)
323 2079 371 2116 In
401 2078 543 2127 quibus
568 2077 736 2116 comitiis
764 2079 876 2117 Caes.
902 2077 1101 2124 Maiestas,
1131 2077 1342 2122 Electores,
1366 2073 1567 2123 Principes

179 2140 217 2171 et
255 2132 319 2170 alii
360 2131 519 2182 Imperii
552 2132 722 2170 Ordines
767 2131 995 2181 agminatim
1035 2136 1360 2179 comparuerunt:
1411 2129 1567 2176 hocque

179 2188 293 2233 sacto,
317 2187 362 2225 C.
387 2188 443 2224 M.
466 2199 555 2224 cum
578 2184 785 2235 praedictis
809 2185 1067 2230 Electoribus,
1088 2183 1345 2233 Principibus,
1369 2180 1566 2227 Praelatis,

181 2240 416 2287 Comitibus,
457 2239 616 2289 Imperii
655 2238 872 2276 Ordinibus
906 2246 943 2276 et
975 2238 1196 2275 absentium
1238 2235 1404 2285 Legatis,
1434 2233 1568 2272 omnia

181 2302 327 2344 puncta
357 2302 394 2332 et
423 2293 606 2332 articulos
637 2294 675 2330 in
707 2292 840 2330 litteris
867 2291 1092 2330 indictionis
1123 2291 1441 2340 comprehensos,
1463 2301 1568 2338 prae—

181 2349 295 2398 cipue
316 2362 407 2387 vero
428 2347 633 2386 articulum
661 2348 710 2385 de
741 2346 934 2384 erroribus
964 2353 1001 2383 et
1029 2343 1351 2389 dissensionibus,
1375 2342 1414 2380 in
1436 2350 1568 2381 nostra

182 2411 315 2440 sancta
348 2403 424 2441 side
456 2410 493 2440 et
526 2400 748 2441 Christiana
776 2399 962 2449 religione
994 2397 1177 2437 tollendis
1212 2406 1249 2436 et
1281 2396 1567 2447 componendis

181 2455 386 2504 diligenter
425 2456 669 2493 tractandum
711 2453 892 2503 suscepit,
925 2467 969 2491 ac
1010 2452 1112 2490 iuxta
1153 2453 1309 2490 easdem
1342 2448 1566 2489 indictionis
