1715 2780
115 153 194 191 322
342 143 462 181 THE
494 141 867 188 PALATINATE‚
900 141 1019 179 AND
1051 140 1281 179 POLAND
1440 141 1515 188 659

115 255 195 287 tam
216 249 268 287 de
288 254 508 286 nostrarum
530 245 783 285 ecclesiarum
805 257 923 295 quam
946 245 996 283 de
1014 245 1191 282 Fratrum
1211 242 1517 282 Bohemicorum

106 301 235 352 ,(quos
262 301 424 352 quidam
453 314 578 340 rerum
608 300 728 351 ignari
760 301 808 336 W
810 299 993 338 aldenses
1014 298 1174 347 vocant)
1196 297 1447 336 confessione
1469 298 1519 335 de

119 358 207 416 Deo
223 363 262 394 et
283 369 391 394 sacra
411 354 567 402 Triade,
586 353 864 393 Incarnatione
879 352 966 390 Filii
982 352 1068 400 Dei,
1086 351 1364 391 iustificatione
1381 359 1419 390 et
1435 350 1519 389 aliis

118 409 310 460 primariis
339 408 534 459 capitibus
565 408 676 447 Fidei
707 407 964 454 Christianae,
989 383 1085 445 nihil
1106 419 1320 457 agnoscere
1341 406 1451 456 quod
1472 405 1520 443 sit

118 465 313 503 absonum
352 464 404 503 ab
433 464 653 502 orthodoxa
682 463 844 500 veritate
878 468 916 500 et
950 474 1048 522 puro
1077 461 1198 499 verbo
1230 460 1318 499 Dei.
1377 459 1521 510 Ibique

119 525 254 557 sancte
283 517 451 556 invicem
482 516 645 568 polliciti
676 529 822 563 sumus,
846 515 1084 554 unanimiter
1104 515 1325 554 secundum
1346 515 1519 574 regulam

119 572 228 611 verbi
259 571 346 618 Dei,
369 585 442 610 nos
471 572 703 610 defensuros
734 571 985 610 Consensum
1016 571 1123 608 hunc
1153 576 1334 608 mutuum
1365 568 1405 606 in
1431 581 1522 606 vera

119 633 158 666 et
186 639 283 677 pura
312 625 459 666 Christi
490 624 679 676 religione
711 632 848 663 contra
882 623 1293 671 PontificiOS,cont1a
1322 623 1520 668 sectarios,

119 688 255 720 contra
275 680 449 730 denique
470 692 610 718 omnes
631 680 764 718 hostes
787 677 989 728 Evangelii
1011 686 1049 716 et
1070 677 1252 716 veritatis.

174 733 334 774 Deinde
362 746 454 772 vero
484 741 677 783 quantum
707 733 757 771 ad
787 732 919 770 infelix
950 731 1046 771 illud
1077 731 1283 771 dissidium
1310 732 1359 770 de
1385 731 1524 770 Coena

121 788 286 828 Domini
314 787 464 835 attinet,
487 786 747 826 convenimus
777 786 815 824 in
838 787 1032 825 sententia
1052 786 1260 825 verborum
1284 787 1333 823 D.
1351 786 1400 823 N.
1417 786 1446 823 Ι.
1462 785 1520 831 C.‚

120 850 164 882 ut
183 843 248 882 illa
268 843 487 882 orthodoxe
507 841 706 880 intellecta
726 848 817 879 sunt
838 854 861 878 a
878 840 1059 879 Patribus
1080 853 1126 878 ac
1148 841 1338 890 imprimis
1357 840 1523 878 Irenaeo

121 896 188 948 qui
218 897 372 936 duabus
402 896 531 943 rebus,
554 895 702 934 scilicet
731 903 885 934 terrena
916 902 954 933 et
983 895 1157 940 coelesti,
1187 895 1263 932 hoc
1294 895 1522 943 mysterium

122 958 303 990 constare
338 950 456 990 dixit:
498 963 629 1000 neque
664 951 861 988 elementa
893 948 1052 999 signave
1085 950 1192 987 nuda
1226 956 1264 987 et
1297 961 1420 986 vacua
1460 948 1524 984 illa

121 1018 206 1045 esse
231 1005 452 1051 asserimus,
476 1005 546 1043 sed
567 1005 682 1042 simul
704 1017 744 1042 re
771 1003 854 1053 ipsa
881 1003 1134 1042 credentibus
1155 1002 1339 1041 exhibere
1361 1009 1399 1040 et
1419 1013 1525 1051 prae-

122 1067 223 1098 stare
253 1060 331 1098 fide
361 1060 470 1109 quod
501 1058 744 1109 significant:
776 1059 960 1108 denique,
983 1065 1025 1095 ut
1056 1056 1274 1107 expressius
1304 1055 1525 1105 clariusque

120 1115 340 1164 loquamur,
355 1113 614 1151 convenimus
627 1120 669 1150 ut
682 1112 889 1150 credamus
903 1120 941 1150 et
954 1112 1214 1150 confiteamur
1226 1110 1523 1149 substantialem

122 1167 383 1218 praesentiam
406 1166 551 1207 Christi
574 1180 652 1205 non
677 1165 884 1216 significari
906 1167 1097 1204 duntaxat
1119 1166 1187 1203 sed
1210 1178 1298 1203 vere
1320 1166 1359 1202 in
1387 1165 1526 1204 Coena

123 1235 171 1260 eo
202 1221 453 1260 vescentibus
488 1221 780 1271 repraesentari,
814 1219 994 1258 distribui
1027 1228 1065 1257 et
1099 1218 1273 1258 exhiberi
1305 1231 1448 1269 corpus
1488 1224 1526 1255 et

124 1275 355 1326 sanguinem
388 1274 552 1313 Domini
583 1274 770 1324 symbolis
800 1273 964 1313 adiectis
995 1273 1065 1323 ipsi
1098 1273 1162 1320 rei,
1197 1272 1358 1311 minime
1395 1271 1523 1319 nudis,

123 1331 342 1369 secundum
363 1337 696 1368 sacramentorum
719 1336 912 1366 naturam.
935 1357 941 1364 .
963 1358 969 1365 .
993 1357 999 1364 .

648 1499 724 1547 §a
757 1497 987 1536 FRANCE

790 1587 866 1623 XX

490 1674 608 1710 THE
647 1672 1031 1718 HUGUENOTS‚¹
1068 1674 1166 1721 1560

178 1761 222 1795 In
240 1761 397 1803 France‚
413 1760 475 1795 the
496 1759 765 1802 Netherlands,
778 1760 853 1793 and
875 1759 1065 1801 Scotland,
1081 1758 1284 1793 Calvinism
1301 1759 1410 1793 made
1422 1759 1527 1803 rapid

128 1819 309 1853 progress.
364 1808 405 1842 In
440 1808 530 1842 each
567 1806 607 1841 of
640 1807 744 1841 these
779 1806 965 1840 countries
1003 1806 1027 1840 it
1062 1807 1134 1840 had
1169 1805 1397 1841 established
1434 1805 1535 1840 itself

129 1855 252 1890 before
279 1855 342 1890 the
368 1855 482 1890 death
512 1854 552 1889 of
579 1853 722 1888 Calvin.
777 1855 818 1887 In
850 1853 908 1896 all,
937 1853 961 1888 it
990 1865 1068 1888 won
1097 1853 1143 1887 its
1170 1865 1249 1897 way
1279 1859 1356 1896 not,
1388 1864 1428 1887 as
1465 1852 1529 1887 did

130 1901 391 1937 Lutheranism
418 1901 629 1943 elsewhere,
663 1901 780 1935 under
810 1901 873 1935 the
904 1900 1109 1946 protection
1140 1901 1181 1935 of
1212 1900 1358 1945 princes
1391 1900 1455 1934 but
1493 1900 1528 1934 in

128 1949 276 1984 conflict
310 1949 397 1983 with
433 1949 647 1992 monarchy,
679 1947 828 1992 coming
859 1959 899 1982 as
935 1960 956 1982 a
984 1949 1054 1982 last
1089 1948 1374 1983 reinsorcement
1398 1954 1435 1982 to
1468 1949 1530 1982 the

127 1996 190 2031 aid
219 1997 259 2031 of
284 1997 346 2031 the
374 1996 503 2031 nobles
532 1996 567 2030 in
595 1997 656 2030 the
685 1995 847 2040 struggle
875 1995 912 2030 of
938 1995 1121 2039 decaying
1150 1994 1346 2030 feudalism
1382 1995 1529 2039 against

129 2043 414 2078 centralization.
464 2043 601 2077 Where
620 2043 683 2077 the
702 2043 864 2087 struggle
883 2042 1005 2077 ended
1025 2042 1062 2077 in
1079 2042 1209 2077 favour
1234 2042 1275 2076 of
1297 2042 1529 2083 absolufism,

132 2090 334 2126 Calvinism
363 2090 480 2125 either
509 2089 660 2124 divided
694 2090 757 2124 the
788 2090 914 2133 malm,
949 2101 990 2124 as
1026 2090 1061 2124 in
1097 2090 1159 2124 the
1194 2088 1460 2131 Netherlands‚
1489 2100 1529 2122 or

129 2139 283 2173 became
313 2150 334 2172 a
361 2137 537 2173 sectional
565 2136 689 2177 creed,
708 2148 750 2172 as
781 2137 816 2171 in
849 2138 1000 2172 Franco.
1057 2138 1126 2171 13ut
1154 2137 1330 2176 whereas,
1361 2135 1394 2169 in
1426 2136 1529 2170 these

129 2185 327 2228 countries‚
346 2185 354 2201 ⁴
369 2185 430 2220 the
448 2191 624 2229 attempts
643 2185 682 2218 of
697 2185 758 2219 the
776 2185 905 2218 nobles
920 2185 994 2218 ancl
1013 2184 1075 2218 the
1092 2189 1298 2228 protestant
1314 2182 1529 2217 tendencies

132 2232 207 2266 had
224 2232 317 2268 been
337 2231 433 2266 alike
451 2232 632 2276 defeated,
653 2232 739 2275 they
758 2232 845 2275 had,
865 2243 911 2265 on
936 2232 998 2265 the
1025 2232 1129 2265 other
1156 2230 1268 2272 hand,
1288 2231 1336 2274 by
1349 2241 1371 2264 a
1390 2229 1529 2264 similar

131 2278 255 2322 union,
274 2278 451 2314 achieved
469 2291 491 2314 a
508 2278 670 2313 decisive
689 2278 831 2323 victory
849 2278 885 2312 in
906 2278 1106 2313 Scotland³
1127 2277 1286 2321 (Ranke‚
1308 2278 1468 2321 llislory
1494 2276 1537 2321 «ff

130 2326 319 2378 England,
365 2326 384 2361 i.
423 2326 518 2370 280).
581 2326 701 2361 There
740 2325 944 2360 Calvinism
986 2325 1138 2359 became
1173 2324 1236 2358 the
1265 2323 1374 2358 creed
1403 2324 1442 2358 os
1466 2324 1528 2358 the

130 2373 260 2407 nation
279 2384 321 2407 as
338 2384 360 2407 a
377 2373 507 2408 whole

176 2436 185 2453 ¹
211 2435 283 2468 The
299 2446 393 2467 name
410 2435 476 2467 first
493 2437 655 2478 appeared
673 2436 774 2468 about
792 2435 905 2467 March
927 2434 1028 2476 1560;
1056 2436 1111 2465 but
1131 2435 1172 2465 its
1190 2434 1294 2474 origin
1314 2434 1339 2464 is
1357 2434 1530 2464 unknown

131 2479 182 2510 Ci.
202 2479 308 2518 Bainl,
335 2479 398 2510 she
416 2479 548 2521 li‘iseof
564 2480 614 2510 tlte
635 2481 754 2519 [lugu
752 2484 842 2518 mols,
862 2481 880 2509 i.
900 2487 972 2520 397
1022 2477 1208 2509 Puritain'
1227 2487 1366 2518 appears
1388 2478 1481 2517 1564
1501 2478 1531 2508 in

132 2523 166 2554 P.
186 2523 225 2553 dc
245 2523 393 2554 Ronsard
415 2524 554 2561 ,OEuw
547 2533 587 2560 cs,
607 2523 660 2553 vii.
684 2524 731 2561 26,
751 2523 801 2553 ed.
821 2523 852 2553 Ρ.
876 2522 1122 2553 ΒΙτιῃοΙιεῐηεηΧ

778 2577 954 2603 UUL’*
