1715 2780
154 113 224 148 172
459 99 579 138 THE
609 98 962 137 WEAKENING
992 96 1062 136 OF
1090 97 1209 135 THE
1491 93 1545 131 80

152 202 317 242 Etiamsi
354 202 474 242 vitam
508 209 816 249 contemnerem,
851 213 933 240 non
969 199 1084 239 video
1117 197 1213 249 quid
1247 206 1350 237 esset
1387 197 1546 249 insuper

150 257 388 297 faciendum.
444 258 507 295 Tu
539 257 578 294 in
606 255 806 294 nonnullis
835 254 1019 294 dissentis
1054 266 1076 292 a
1112 253 1295 292 Luthero.
1354 251 1548 291 Dissentit

151 319 188 351 et
210 310 555 362 Oecolampadius.
613 312 676 348 An
704 323 777 360 ego
800 317 958 360 propter
983 308 1084 346 illius
1112 306 1332 346 doctrinam
1362 305 1546 345 obiiciam

151 379 214 405 me
235 379 424 426 meosque
450 365 569 403 libros
590 364 800 415 periculis?
856 362 1003 403 Omnia
1029 360 1203 400 recusavi
1229 374 1331 411 quae
1355 359 1451 399 mihi
1470 361 1547 399 hoc

151 419 313 459 nomine
333 418 606 466 offerebantur,
622 426 663 457 ut
683 419 868 457 adversus
889 417 998 455 illum
1013 415 1236 455 scriberem.
1284 417 1321 453 A
1341 415 1544 461 Pontifice,

151 487 174 512 a
203 475 381 520 Caesare,
412 487 435 511 a
464 472 641 523 Regibus
671 480 709 511 et
739 471 999 522 Principibus,
1032 484 1056 508 a
1085 468 1322 509 doctissimis
1356 468 1473 508 etiam
1509 476 1547 507 et

150 527 358 567 carissimis
379 526 515 566 amicis
535 528 612 565 huc
638 539 842 576 provocor.
899 527 950 564 Et
965 533 1099 564 tamen
1118 531 1268 563 certum
1289 530 1347 562 est
1372 530 1440 561 aut
1466 535 1547 561 non

149 581 318 621 scribere
355 589 421 620 aut
460 581 511 619 ita
550 580 718 619 scribere
757 587 799 618 ut
837 592 926 618 mea
964 578 1122 628 scriptio
1161 591 1242 616 non
1277 578 1325 616 sit
1359 577 1547 627 placitura

152 636 410 674 Pharisaeis..
464 636 688 673 .Lutherus
709 633 860 685 scripsit
889 635 940 672 ad
970 631 1325 682 Oecolampadium
1349 630 1446 669 mihi
1466 643 1547 669 non

152 691 318 728 multum
340 703 425 728 esse
433 665 729 728 tribuendum
720 702 761 726 111
782 687 841 726 1115
862 700 963 747 quae
984 694 1074 725 sunt
1091 685 1268 736 Spiritus.
1324 684 1454 724 Velim
1471 685 1547 723 hoc

151 744 312 791 discere,
335 742 562 783 doctissime
583 745 646 780 Zxx
650 743 752 793 mgb
777 741 863 792 quis
885 741 932 780 sit
953 742 1017 780 ille
1037 740 1231 791 Spiritus?
1288 740 1392 778 Nam
1412 738 1548 778 videor

151 799 247 836 mihi
286 799 364 837 fere
403 798 536 836 omnia
574 796 758 836 docuisse
795 809 896 845 quae
929 796 1047 835 docet
1087 795 1293 841 Luffierus,
1329 792 1404 831 nisi
1438 793 1547 843 quod

152 866 232 890 non
260 859 339 891 tam
368 851 560 898 atrociter,
591 851 778 901 quodque
808 849 979 889 abstinui
1007 862 1029 888 a
1050 848 1287 899 quibusdam
1315 845 1547 898 aenigmatis

149 914 186 945 et
207 906 426 957 paradoxis.
448 937 454 944 .
483 937 489 944 .
519 936 525 943 .

239 1005 329 1047 No.
361 1006 422 1047 81.
474 1005 647 1048 Letter
677 1003 734 1045 of
758 1003 1005 1046 Erasmus
1035 1004 1088 1046 to
1120 1000 1296 1055 Henry
1326 999 1460 1052 VIII,

670 1063 700 1103 6
732 1062 870 1114 Sept.
903 1071 1024 1115 1524.

205 1153 467 1192 Invictissime
485 1155 582 1200 Rex,
601 1166 681 1191 non
698 1152 927 1203 ignorabam
944 1164 1063 1202 quam
1084 1164 1210 1190 essem
1230 1149 1387 1201 ineptus
1407 1162 1548 1189 arenae

149 1207 418 1257 gladiatoriae,
438 1220 593 1258 semper
619 1207 658 1245 in
679 1205 968 1245 amoenissimis
990 1207 1196 1244 Musarum
1218 1204 1340 1243 hortis
1361 1211 1546 1243 versatus.

149 1263 227 1301 Sed
257 1261 353 1312 quid
382 1275 463 1300 non
493 1263 660 1301 audeam
691 1268 781 1300 tuae
810 1259 1058 1299 felicissimae
1089 1258 1308 1297 Maiestatis
1337 1259 1456 1297 fretus
1483 1271 1547 1296 au-

151 1315 314 1365 spiciis?
372 1317 481 1354 13613
515 1322 573 1354 651
604 1317 699 1354 3163.
760 1314 863 1353 Exiit
902 1314 941 1352 in
980 1315 1108 1352 lucem
1147 1312 1302 1351 libellus
1335 1314 1400 1350 De
1432 1313 1548 1350 libero

151 1370 345 1416 arbitrio,
391 1371 530 1416 audax,
571 1369 666 1406 1111111
706 1370 832 1415 crede,
874 1367 1035 1415 facinus,
1077 1375 1118 1405 ut
1156 1379 1262 1405 nunc
1300 1379 1359 1405 res
1398 1366 1547 1404 habent

152 1423 397 1461 Germaniae.
476 1425 671 1473 Exspecto
711 1421 1005 1472 lapidationem,
1045 1428 1083 1460 et
1128 1420 1204 1458 iam
1251 1433 1357 1458 1111116
1396 1419 1546 1470 aliquot

151 1477 293 1515 rabiosi
327 1476 447 1515 libelli
480 1478 731 1527 provolarunt
769 1475 808 1514 in
847 1483 964 1526 capnt
995 1488 1140 1513 meum.
1199 1475 1277 1514 Sed
1311 1474 1547 1512 consolabor

152 1530 345 1581 meipsum
384 1532 564 1580 exemplo
604 1530 823 1568 Maiestatis
861 1537 962 1576 tuae,
1001 1528 1063 1567 cui
1103 1542 1183 1567 non
1222 1527 1344 1578 parcit
1382 1527 1546 1566 istorum

151 1584 384 1623 immanitas.
444 1586 658 1623 Decretum
698 1592 778 1622 erat
818 1592 855 1622 et
893 1583 1039 1633 alioqui
1079 1584 1204 1621 facere
1242 1583 1292 1621 ad
1331 1583 1439 1632 quod
1478 1595 1547 1632 per

151 1638 279 1677 literas
307 1638 480 1686 hortaris,
505 1647 543 1677 et
569 1638 745 1688 religioni
776 1637 1022 1677 Christianae
1050 1636 1243 1675 iuvandae
1264 1635 1419 1674 immori
1437 1650 1447 1684 3
1476 1636 1546 1674 sed

151 1701 281 1730 tamen
313 1692 475 1731 alacrior
508 1692 548 1731 id
578 1692 728 1739 faciam,
761 1700 1018 1742 posteaquam
1049 1699 1115 1729 tua
1145 1689 1332 1729 Maiestas
1363 1689 1543 1736 currenti,

151 1748 259 1796 quod
289 1746 409 1794 aiunt,
441 1748 566 1785 calcar
594 1747 740 1785 addere
770 1745 929 1796 dignata
958 1752 1026 1792 est,
1062 1744 1125 1783 cui
1155 1757 1292 1795 precor
1320 1743 1545 1783 felicitatem

150 1808 389 1850 perpetuam.

163 1903 253 1946 No.
288 1905 357 1946 82.
410 1904 668 1955 Erasmus,
699 1903 771 1945 De
804 1903 961 1945 libero
992 1901 1217 1953 arbitriO,
1249 1899 1389 1954 Sept.
1421 1911 1544 1955 1524.

206 1995 283 2033 Sed
305 1995 531 2032 desinamus
558 1993 777 2032 ratiocinari
799 2007 889 2032 cum
910 1994 969 2032 his
991 2006 1092 2044 quae
1111 1992 1260 2031 ratione
1280 1999 1422 2030 carent.
1483 1993 1546 2030 De

152 2047 312 2086 homine
346 2047 460 2086 nobis
495 2049 670 2086 instituta
704 2047 928 2097 disputatio,
969 2061 1087 2097 quem
1129 2049 1239 2085 Deus
1277 2045 1456 2085 condidit
1493 2046 1545 2084 ad

152 2101 361 2152 imaginem
401 2109 439 2140 et
481 2101 777 2139 similitudinem
818 2114 939 2147 suam,
982 2108 1020 2139 et
1059 2100 1169 2138 cuius
1207 2099 1328 2150 gratia
1365 2099 1545 2138 condidit

152 2155 295 2194 onmia.
355 2155 457 2195 Cum
480 2168 570 2194 vero
592 2154 794 2194 videamus
815 2156 1009 2213 quosdam
1031 2155 1137 2192 nasci
1158 2153 1387 2213 corporibus
1408 2152 1544 2191 felicis-

152 2209 277 2256 simis,
303 2209 467 2259 ingeniis
495 2208 652 2268 optimis
681 2222 726 2247 ac
753 2210 858 2246 161111
885 2209 935 2247 ad
959 2207 1138 2246 virtutem
1162 2207 1273 2254 natis,
1296 2220 1426 2245 rursus
1446 2206 1543 2246 alios

151 2263 380 2323 corporibus
411 2262 652 2310 monstrosis,
683 2262 780 2301 alios
810 2261 956 2300 morbis
986 2260 1191 2300 horrendis
1220 2238 1426 2308 ob'noxios,
1446 2261 1543 2299 alios

151 2317 291 2356 animis
319 2325 398 2355 tam
428 2316 594 2377 stupidis
623 2324 665 2354 ut
695 2315 901 2354 minimum
929 2314 1059 2354 absint
1078 2328 1101 2353 a
1122 2313 1243 2353 brutis
1262 2313 1541 2375 animantibus,

152 2373 344 2422 quosdam
376 2370 468 2422 ipsis
499 2370 615 2409 etiam
644 2369 767 2409 brutis
798 2369 999 2417 brutiores,
1031 2368 1127 2407 alios
1157 2368 1322 2429 ingeniis
1351 2375 1429 2407 tam
1457 2381 1542 2419 pro-

153 2425 282 2475 pensis
303 2426 353 2464 ad
370 2424 513 2476 flagitia
530 2432 570 2463 ut
586 2425 636 2463 ad
657 2426 754 2463 haec
771 2425 976 2463 videantur
989 2422 1024 2461 11
1042 2424 1209 2462 fatorum
1230 2422 1324 2474 rapi,
1346 2423 1540 2474 quosdam

152 2481 267 2529 plane
281 2481 486 2519 dementes
500 2492 545 2517 ac
563 2478 854 2525 daemoniacos,
873 2478 1015 2528 quibus
1031 2477 1157 2518 modis
1178 2478 1241 2516 1116
1258 2476 1540 2528 explicabimus
