1715 2780
156 143 239 180 304
595 132 654 169 IN
687 131 928 177 GENEVA,
966 141 1117 180 1541—2
1477 130 1553 177 613

157 239 341 288 impleat:
373 243 411 275 et
440 237 571 287 figuris
601 249 712 274 suam
742 236 863 274 addat
893 236 1107 274 veritatem.
1169 234 1441 283 Quamobrem
1473 247 1553 271 non

156 292 297 331 dubito
325 291 422 341 quin
449 290 563 329 sicuti
584 290 712 329 verbis
733 303 779 328 ac
807 289 926 339 signis
954 296 1129 336 testatur,
1153 288 1206 326 ita
1227 288 1344 327 etiam
1367 301 1459 326 suae
1482 301 1553 325 nos

156 346 401 385 substantiae
439 344 648 396 participes
688 344 814 391 faciat,
852 357 931 394 quo
972 345 1009 381 in
1049 356 1168 381 unam
1210 356 1301 381 cum
1341 355 1389 381 eo
1433 342 1552 381 vitam

156 401 436 440 coalescamus.

209 455 271 492 M
302 455 452 492 Verum
483 452 549 503 qui
579 454 656 491 hoc
687 452 769 490 fieri
803 459 944 502 potest,
968 465 1091 501 quum
1119 452 1158 489 in
1189 452 1302 490 coelo
1333 450 1381 489 sit
1408 450 1553 490 Christi

156 521 310 559 corpus,
334 521 406 546 nos
427 515 559 545 autem
582 506 620 544 in
644 515 744 545 terra
763 508 895 545 adhuc
916 506 1238 556 peregrinemur?

209 565 256 601 P.
290 564 384 601 Hoc
414 561 577 599 mirifica
605 574 827 610 arcanaque
857 560 1022 610 Spiritus
1052 560 1111 598 sui
1142 559 1283 598 virtute
1313 559 1454 597 efficit:
1489 560 1552 596 cui

155 616 313 656 difficile
342 629 423 655 non
453 623 511 655 est
540 615 703 663 sociare,
732 628 833 665 quae
863 616 1040 653 locorum
1069 614 1274 653 intervallo
1294 612 1441 663 alioqui
1463 621 1553 651 sunt

154 670 363 710 disiuncta.

208 726 270 763 M
304 726 408 774 Ergo
428 737 502 762 nec
523 737 664 773 corpus
686 723 725 761 in
747 736 849 774 pane
876 722 1071 761 inclusum
1103 736 1201 770 esse,
1224 735 1298 761 nec
1320 721 1552 772 sanguinem

156 779 197 817 in
217 779 338 817 calice
359 777 612 828 imaginaris?

208 835 256 872 P.
289 834 566 883 Nequaquam.
626 832 734 880 Quin
765 830 895 881 potius
927 830 979 869 ita
1008 830 1148 878 sentio,
1173 838 1214 869 ut
1242 829 1402 869 veritate
1432 829 1554 880 potia-

157 901 243 925 mur
263 886 475 938 signorum,
498 886 704 936 erigendas
735 899 820 924 esse
845 885 884 923 in
912 886 1068 923 coelum
1095 892 1259 932 mentes,
1283 884 1351 923 ubi
1373 883 1552 924 Christus

156 949 224 989 est,
244 948 283 980 et
303 942 410 979 unde
432 954 523 979 eum
545 948 818 990 exspectamus
841 939 1012 978 iudicem
1030 947 1068 978 et
1085 940 1376 989 redemptorem
1394 954 1400 977 :
1431 938 1471 976 in
1492 938 1552 977 his

156 1009 248 1034 vero
267 994 430 1034 terrenis
451 994 657 1034 elementis
678 1007 883 1044 perperam
904 1001 942 1032 et
963 995 1102 1032 frustra
1123 993 1268 1043 quaeri.

208 1051 268 1088 M
301 1051 358 1089 Ut
379 1050 418 1087 in
440 1062 636 1088 summam
658 1048 887 1098 colligamus
918 1061 1020 1097 quae
1047 1047 1201 1086 dixisti:
1232 1048 1330 1086 duas
1352 1046 1391 1084 in
1413 1046 1552 1087 Coena

155 1117 215 1142 res
245 1116 332 1142 esse
361 1103 524 1142 asseris:
557 1116 711 1153 nempe,
744 1116 886 1153 panem
922 1109 960 1140 et
994 1101 1143 1149 vinum,
1178 1115 1280 1152 quae
1315 1100 1439 1140 oculis
1474 1114 1552 1140 cer-

156 1165 314 1206 nuntur,
363 1164 620 1196 attrectantur
667 1156 862 1203 manibus,
913 1156 1181 1206 percipiuntur
1218 1163 1357 1206 gustu:
1406 1155 1552 1194 deinde

157 1211 371 1259 Christum,
395 1225 475 1261 quo
505 1211 665 1250 interius
695 1210 851 1249 animae
881 1217 1049 1257 nostrae,
1079 1218 1267 1260 tanquam
1292 1208 1451 1260 proprio
1479 1222 1552 1248 suo

154 1267 355 1313 alimento,
379 1273 602 1315 pascuntur.

208 1321 256 1358 P.
289 1322 449 1367 Verum,
473 1327 511 1358 et
541 1332 589 1358 eo
613 1319 775 1369 quidem
807 1331 944 1368 usque,
968 1325 1010 1356 ut
1040 1331 1249 1368 corporum
1281 1317 1399 1356 etiam
1430 1330 1551 1356 resur-

154 1373 275 1412 rectio
305 1373 382 1412 illic
410 1373 537 1420 nobis,
569 1372 681 1423 quasi
711 1374 804 1411 dato
834 1374 1007 1423 pignore,
1039 1373 1315 1412 confirmetur:
1360 1385 1483 1422 quum
1515 1380 1552 1410 et

156 1427 241 1478 ipsa
260 1428 362 1466 vitae
389 1428 570 1477 symbolo
591 1427 900 1466 communicent.

207 1483 269 1520 Μ
303 1480 402 1531 Quis
431 1489 563 1520 autem
593 1489 722 1520 rectus
758 1481 828 1519 erit
858 1480 974 1520 huius
1004 1480 1246 1520 Sacramenti
1275 1494 1321 1519 ac
1354 1479 1550 1531 legitimus

155 1538 279 1575 usus?

208 1592 257 1629 P.
288 1590 459 1638 Qualem
504 1591 648 1629 Paulus
689 1589 726 1640 (1
771 1589 862 1630 Cor.
902 1588 949 1627 xi.
995 1589 1061 1640 28)
1101 1589 1264 1628 definit:
1315 1590 1371 1628 Ut
1410 1587 1550 1638 probet

155 1645 328 1694 seipsum
350 1645 482 1692 homo,
506 1644 734 1694 priusquam
756 1657 803 1682 eo
830 1644 1005 1682 accedat.

208 1699 270 1736 M
303 1697 506 1747 Quidnam
528 1697 568 1736 in
588 1699 661 1736 hac
682 1697 915 1747 probatione
937 1697 1136 1746 inquiret?

209 1754 256 1790 P.
288 1753 397 1790 Num
418 1765 553 1790 verum
576 1751 623 1790 sit
644 1751 791 1791 Christi
812 1752 1047 1789 membrum.

207 1807 270 1844 M.
303 1805 459 1854 Quibus
479 1807 530 1844 ad
551 1805 634 1844 eius
656 1805 707 1843 rei
730 1805 910 1843 notitiam
931 1804 1171 1855 argumentis
1193 1805 1424 1855 perveniet?

208 1861 256 1898 [2.
288 1860 327 1898 Si
362 1872 451 1898 vera
483 1859 531 1898 sit
565 1859 810 1909 poenitentia
843 1860 1000 1909 fideque
1028 1859 1251 1909 praeditus:
1287 1859 1317 1897 si
1350 1858 1549 1909 proximos

155 1913 308 1952 sincero
328 1926 462 1952 amore
484 1921 743 1964 prosequatur
763 1929 767 1951 :
799 1913 828 1951 si
859 1914 1035 1952 animum
1064 1914 1114 1952 ab
1136 1913 1245 1952 omni
1267 1913 1361 1952 odio
1383 1915 1550 1952 malevo-

154 1967 354 2017 lentiaque
376 1981 516 2017 purum
539 1968 692 2006 habeat.

208 2023 268 2060 M.
303 2023 409 2060 Num
441 2023 654 2072 perfectam
685 2021 723 2060 in
755 2021 917 2060 homine
947 2030 1029 2061 tum
1061 2023 1180 2062 fidem
1209 2030 1293 2061 tum
1319 2021 1548 2061 charitatem

155 2075 303 2126 exigis?

209 2131 255 2168 P.
288 2131 511 2179 Utramque
532 2142 626 2168 sane
648 2129 837 2180 integram
863 2137 902 2168 et
931 2130 981 2169 ab
1010 2130 1119 2169 omni
1146 2131 1237 2169 fuco
1266 2143 1431 2168 vacuam
1462 2142 1549 2168 esse

157 2183 354 2222 convenit.
413 2185 560 2222 Verum
610 2184 748 2222 frustra
796 2184 970 2234 exigatur
1017 2192 1096 2223 tam
1145 2185 1326 2223 absoluta
1375 2183 1548 2221 numeris

154 2237 340 2276 omnibus
379 2239 578 2287 perfectio,
614 2237 654 2275 in
692 2251 771 2287 qua
810 2238 905 2276 nihil
944 2238 1198 2286 desideretur,
1240 2239 1402 2287 quando
1441 2245 1548 2276 tanta

155 2304 358 2340 nunquam
381 2291 420 2329 in
441 2291 602 2330 homine
623 2291 786 2330 inveniri
807 2291 960 2341 poterit.

208 2346 268 2383 M
301 2346 394 2383 Non
415 2358 507 2395 ergo
527 2345 577 2384 ab
598 2358 759 2385 accessu
786 2359 858 2384 nos
886 2354 990 2384 arcet
1023 2345 1279 2395 imperfectio,
1311 2358 1389 2395 qua
1416 2346 1547 2384 adhuc

154 2399 388 2437 laboramus.

207 2454 255 2492 P.
287 2453 394 2501 Quin
423 2454 563 2502 potius,
587 2454 617 2491 si
648 2454 808 2503 perfecti
839 2466 1026 2500 essemus,
1050 2454 1201 2491 nullum
1231 2454 1400 2504 amplius
1431 2468 1545 2492 usum

155 2505 255 2544 inter
275 2519 347 2545 nos
369 2508 531 2545 haberet
553 2508 691 2546 Coena
711 2524 716 2546 :
748 2521 849 2557 quae
879 2507 1147 2546 sublevandae
1169 2515 1324 2546 nostrae
1346 2508 1546 2547 imbecilli

153 2559 222 2598 tati
242 2560 528 2599 adminiculum
550 2573 635 2599 esse
656 2561 776 2600 debet
796 2574 842 2600 ac
864 2561 1171 2611 imperfectionis
1200 2562 1433 2601 subsidium.
