1715 2780
127 98 185 146 69
305 97 425 136 THE
458 95 688 136 MISSION
720 96 791 135 OF
822 92 1170 140 CAMPEGGIO,
1208 102 1362 141 1523-4
1458 100 1524 137 137

129 210 387 254 receptorum,
436 201 589 252 absque
641 201 811 238 tumultu
864 206 902 238 et
957 199 1146 237 scandalo
1198 196 1444 247 praedicetur
1493 202 1529 232 et

129 259 327 297 doceatur.

183 310 423 352 Gravamina
452 309 625 360 denique
656 307 838 347 Nationis
869 307 1129 347 Germanicae
1160 320 1228 357 per
1259 304 1462 354 Principes
1492 310 1529 341 et

130 369 262 405 Status
311 366 529 404 saeculares
568 371 705 402 contra
753 363 897 402 Sedem
938 361 1211 411 Apostolicam
1252 359 1291 398 in
1331 364 1530 397 conventu

130 419 308 471 proximo
340 418 540 470 Imperiali
570 420 633 457 hic
663 418 872 464 celebrato,
895 416 1072 455 similiter
1096 424 1133 454 et
1154 413 1379 465 gravamina
1400 425 1531 451 saecu-

130 475 269 513 larium
291 482 428 513 contra
458 471 745 512 ecclesiasticos
775 471 990 521 designata,
1023 468 1254 509 consiliariis
1285 475 1323 507 et
1354 466 1531 518 personis

130 543 198 580 per
229 528 429 578 Principes
461 529 673 573 Electores‚
697 533 783 572 etc„
807 525 870 572 ita,
895 533 937 563 ut
967 526 1190 575 praefertur,
1212 522 1451 573 deputandis
1481 521 1531 559 ad

130 582 436 622 examinandum
459 589 496 620 et
517 582 823 620 consultandum
841 579 1036 618 committi
1053 579 1201 618 debent
1223 586 1327 616 ntea
1348 576 1531 614 studeant

130 637 239 676 omni
264 636 471 675 sedulitate
489 666 497 674 .
516 666 523 674 .
544 666 551 673 .
572 637 788 686 ponderare
808 666 814 674 .
833 664 840 672 .
859 665 865 672 .
886 648 966 684 quo
994 642 1111 684 pacto
1137 634 1187 671 ad
1210 630 1432 670 tolerabiles
1454 629 1534 667 vias

131 691 275 731 deduci
297 692 450 741 possint
471 690 509 728 in
532 691 711 740 proximo
732 690 935 728 communi
957 696 1156 727 conventu
1180 685 1390 736 Imperiali.
1415 714 1421 722 .
1448 715 1454 722 .
1479 713 1485 720 .

161 773 253 817 No.
287 783 360 828 70.
422 772 532 815 The
563 773 975 816 Remonstranee
1006 771 1108 813 and
1140 770 1227 813 the
1259 767 1424 821 Reply
1456 766 1511 808 of

657 829 1011 884 Campeggio.1

187 900 246 953 (1)
276 901 485 952 Responsio
518 901 568 938 R.
600 901 656 939 D.
691 901 811 940 Card.
848 899 1047 950 Campegic'
1087 898 1228 948 Legati
1253 898 1308 935 ad
1337 898 1534 935 Recessum

138 957 369 996 Conventus.

191 1018 240 1048 10.
275 1011 379 1049 Illud
418 1009 509 1049 dico
540 1010 693 1060 placere
724 1010 832 1059 quod
862 1009 912 1047 de
942 1007 1193 1047 revocatione
1224 1003 1399 1044 mandati
1430 1006 1536 1043 Wor-

134 1063 334 1103 matiensis
364 1063 512 1111 dicunt,
536 1071 654 1114 atque
684 1063 723 1101 in
754 1064 830 1102 hoc
855 1076 922 1102 eos
952 1062 1122 1100 maxime
1152 1063 1286 1099 hortor
1316 1067 1358 1098 ut
1388 1073 1428 1098 re
1452 1058 1537 1109 ipsa

133 1118 304 1158 efficiant
334 1119 443 1169 quod
475 1117 720 1169 praedictum
756 1117 987 1156 mandatum
1023 1115 1277 1155 effectualiter
1315 1112 1538 1152 executioni

135 1173 344 1212 mandetur
365 1180 402 1212 et
423 1172 663 1212 observetur.

193 1236 244 1266 20.
277 1226 579 1267 Consideranda
612 1239 698 1265 esse
730 1226 848 1265 verba
882 1225 947 1264 illa
981 1224 1020 1263 in
1055 1225 1251 1275 praefatae
1287 1221 1537 1262 resolutionis

134 1281 232 1321 serie
252 1281 405 1333 scripta,
433 1284 492 1320 ‘et
518 1295 569 1319 ne
596 1281 747 1320 bonurn
777 1294 868 1319 cum
891 1281 995 1318 malo
1017 1280 1292 1330 supprimatur,
1316 1285 1354 1316 et
1375 1276 1536 1316 tandem

133 1335 320 1376 resolutio
342 1335 421 1375 fieri
452 1349 521 1375 seu
550 1334 792 1375 adamussim
824 1333 1037 1373 examinari
1066 1332 1190 1384 possit
1220 1345 1339 1383 quam
1367 1330 1470 1369 viam
1498 1330 1537 1368 in

136 1392 210 1429 hac
230 1404 270 1430 re
290 1389 458 1441 quisque
479 1390 624 1429 debeat
643 1389 829 1440 amplecti
843 1390 931 1428 etc.’
991 1390 1050 1426 Ex
1066 1387 1211 1438 quibus
1228 1399 1367 1426 sensus
1383 1385 1538 1425 videtur

135 1446 319 1484 resultare
347 1458 428 1483 non
450 1443 691 1484 conveniens
713 1444 877 1482 statibus
899 1444 934 1482 S.
956 1444 1004 1481 R.
1024 1444 1067 1490 I„
1092 1455 1214 1492 quum
1242 1441 1409 1479 innuant
1430 1440 1539 1490 quod

137 1499 236 1538 inter
267 1512 326 1538 res
359 1499 521 1538 istorum
555 1498 842 1537 haereticorum
877 1497 955 1536 sint
988 1497 1119 1547 aliqua
1154 1497 1261 1535 bona
1294 1508 1406 1545 quae,
1444 1495 1539 1532 dato

136 1555 245 1603 quod
266 1561 408 1601 essent,
430 1567 520 1592 cum
542 1567 697 1592 veneno
718 1552 814 1591 illita
834 1551 910 1590 sint
937 1560 975 1590 et
1003 1551 1099 1589 nihil
1121 1551 1294 1589 habeant
1315 1548 1389 1587 nisi
1411 1547 1540 1587 morti-

137 1609 273 1656 ferum,
288 1607 428 1646 merito
448 1607 592 1645 nullius
614 1607 763 1646 debent
783 1620 868 1645 esse
890 1604 1228 1652 considerationis,
1245 1617 1368 1654 quum
1386 1602 1478 1641 satis
1492 1601 1540 1640 sit

137 1676 183 1700 ex
203 1661 488 1713 probatissimis
509 1661 737 1700 auctoribus
757 1663 873 1711 longe
896 1660 1057 1699 meliora
1077 1658 1243 1697 haurire.
1303 1660 1388 1696 Nec
1411 1656 1540 1694 minus

138 1715 301 1756 innuere
321 1716 504 1755 videntur
525 1715 631 1755 dicta
657 1716 776 1754 verba
799 1715 971 1765 aliquam
995 1727 1079 1753 esse
1099 1714 1206 1764 apud
1228 1726 1273 1751 ea
1298 1713 1540 1762 proferentes

138 1770 381 1810 dubietatem
403 1770 441 1808 in
464 1770 509 1809 iis
526 1783 628 1821 quae
644 1769 737 1809 fidei
754 1776 855 1815 sunt,
875 1770 984 1819 quod
1005 1776 1137 1806 tamen
1154 1781 1176 1806 a
1190 1766 1350 1805 veritate
1372 1764 1540 1804 maxime

138 1824 310 1863 alienum
332 1832 400 1864 est.
459 1826 613 1875 Neque,
637 1824 710 1862 nisi
741 1825 843 1862 ullus
873 1830 1001 1874 potest
1031 1830 1098 1860 aut
1129 1822 1249 1861 debet
1280 1834 1364 1859 esse
1389 1819 1541 1858 dubita-

140 1878 237 1917 tioni
266 1880 375 1918 locus
405 1878 443 1916 in
474 1878 519 1917 iis
550 1892 651 1928 quae
681 1878 732 1917 ab
763 1877 970 1916 universali
1001 1875 1167 1916 ecclesia
1194 1876 1328 1915 decisa
1348 1882 1450 1922 sunt,
1474 1887 1542 1924 per

139 1933 355 1972 haereticos
372 1934 632 1980 deducuntur,
653 1932 768 1971 etiam
783 1932 878 1970 alias
893 1946 961 1982 per
976 1931 1143 1970 concilia
1161 1928 1393 1968 universalia
1409 1927 1541 1966 habita

141 1987 180 2025 in
203 1987 414 2026 Germania
435 1987 568 2026 decisa
590 1995 681 2025 sunt
701 1995 739 2025 et
760 1986 1033 2025 determinata.

195 2050 249 2091 30.
279 2043 425 2091 Quoad
442 2041 660 2080 universale
687 2041 899 2079 concilium
920 2040 1087 2079 liberum
1108 2053 1130 2078 a
1151 2041 1188 2077 S.
1217 2041 1265 2077 D.
1292 2040 1344 2076 N.
1369 2036 1543 2075 indicen-

141 2097 237 2134 dum
252 2103 290 2135 et
301 2097 635 2146 congregandum,
651 2097 760 2146 quod
774 2104 811 2133 et
825 2097 918 2134 alias
934 2126 940 2133 .
959 2125 967 2133 .
984 2123 992 2132 .
1006 2093 1204 2145 respondi,
1221 2106 1328 2131 nunc
1349 2091 1467 2130 etiam
1490 2104 1543 2128 re-

143 2151 332 2199 spondeo,
344 2158 382 2189 et
395 2150 486 2189 dico
495 2149 591 2189 illud
606 2163 687 2189 non
695 2149 817 2189 videri
830 2156 1170 2200 praesentaneum,
1182 2155 1223 2186 ut
1238 2160 1297 2186 res
1306 2146 1538 2196 expostulat,

143 2204 371 2253 remedium,
395 2204 487 2254 quia
507 2218 580 2243 nec
601 2211 763 2254 repente
784 2217 857 2243 nec
880 2203 986 2242 brevi
1003 2211 1181 2253 tempore
1202 2201 1288 2251 cogi
1306 2207 1445 2251 potest.
1504 2198 1541 2236 Si

143 2265 276 2297 tamen
305 2260 341 2297 S.
365 2260 416 2298 R.
439 2260 469 2297 I.
506 2258 683 2307 statibus,
717 2272 788 2309 pro
821 2259 945 2296 salute
979 2265 1017 2296 et
1052 2256 1332 2306 tranquillitate
1363 2252 1542 2293 omnium

143 2312 269 2350 visum
289 2312 403 2351 fuerit
424 2312 476 2351 ita
491 2312 686 2363 expedire,
705 2312 851 2362 recipio
869 2326 932 2351 me
952 2313 1058 2362 apud
1075 2313 1114 2351 S.
1132 2313 1180 2349 D.
1199 2312 1249 2349 N.
1264 2309 1304 2348 id
1319 2316 1543 2348 curaturum

144 2365 403 2416 existimoque
432 2369 632 2405 S¹¹1.suam
664 2367 764 2405 intra
793 2366 988 2417 legitimos
1019 2365 1221 2413 terminos,
1242 2376 1364 2414 quum
1394 2363 1443 2400 de
1470 2361 1544 2398 hac

144 2432 184 2458 re
204 2433 295 2459 cum
324 2422 516 2461 Caesarea
543 2421 754 2460 Maiestate
774 2421 1016 2470 caeterisque
1038 2419 1214 2470 Regibus·
1238 2416 1485 2465 Principibus
1507 2422 1545 2452 et

147 2474 306 2524 Populis
337 2475 569 2515 Christianis
595 2475 824 2523 tractaverit,
854 2483 974 2526 atque
1001 2476 1051 2514 de
1079 2476 1178 2520 loco,
1210 2480 1398 2521 ternpore,
1423 2469 1544 2508 modo

466 2550 473 2568 ¹
499 2551 551 2582 Cf.
568 2551 762 2591 Creighton,
782 2551 873 2581 Hist.
894 2552 1031 2591 Rzsacj‘,
1051 2550 1090 2579 vi.
1112 2550 1181 2589 284.
