<?xml version="1.0" encoding="UTF-8"?>
<!DOCTYPE html PUBLIC "-//W3C//DTD XHTML 1.0 Transitional//EN"
    "http://www.w3.org/TR/xhtml1/DTD/xhtml1-transitional.dtd">
<html xmlns="http://www.w3.org/1999/xhtml" xml:lang="en" lang="en">
 <head>
  <title>
</title>
<meta http-equiv="Content-Type" content="text/html;charset=utf-8" />
  <meta name='ocr-system' content='tesseract 3.04.00' />
  <meta name='ocr-capabilities' content='ocr_page ocr_carea ocr_par ocr_line ocrx_word'/>
</head>
<body>
  <div class='ocr_page' id='page_1' title='image "./docreform00kidd_0450.png"; bbox 0 0 1715 2780; ppageno 0'>
   <div class='ocr_carea' id='block_1_1' title="bbox 174 74 1566 134">
    <p class='ocr_par' dir='ltr' id='par_1_1' title="bbox 174 74 1566 134">
     <span class='ocr_line' id='line_1_1' title="bbox 174 74 1566 134; baseline -0.005 -8"><span class='ocrx_word' id='word_1_1' title='bbox 174 100 249 134; x_wconf 88' lang='lat'>422</span> <span class='ocrx_word' id='word_1_2' title='bbox 336 88 456 127; x_wconf 86' lang='lat' dir='ltr'>THE</span> <span class='ocrx_word' id='word_1_3' title='bbox 487 86 904 128; x_wconf 86' lang='lat' dir='ltr'><strong>DISPUTATIONS</strong></span> <span class='ocrx_word' id='word_1_4' title='bbox 934 85 1008 123; x_wconf 86' lang='lat' dir='ltr'>AT</span> <span class='ocrx_word' id='word_1_5' title='bbox 1037 74 1271 129; x_wconf 77' lang='lat' dir='ltr'>ZURICH,</span> <span class='ocrx_word' id='word_1_6' title='bbox 1306 93 1404 133; x_wconf 85' lang='lat'>1523</span> <span class='ocrx_word' id='word_1_7' title='bbox 1489 81 1566 129; x_wconf 89' lang='lat'>189</span> 
     </span>
    </p>
   </div>
   <div class='ocr_carea' id='block_1_2' title="bbox 174 185 1569 565">
    <p class='ocr_par' dir='ltr' id='par_1_2' title="bbox 174 185 1569 565">
     <span class='ocr_line' id='line_1_2' title="bbox 174 185 1567 244; baseline -0.004 -15"><span class='ocrx_word' id='word_1_8' title='bbox 174 191 195 229; x_wconf 94' lang='lat' dir='ltr'>i.</span> <span class='ocrx_word' id='word_1_9' title='bbox 224 194 326 244; x_wconf 89' lang='lat'>150),</span> <span class='ocrx_word' id='word_1_10' title='bbox 362 193 532 240; x_wconf 79' lang='lat' dir='ltr'>Celibacy</span> <span class='ocrx_word' id='word_1_11' title='bbox 561 190 608 239; x_wconf 88' lang='lat' dir='ltr'>of</span> <span class='ocrx_word' id='word_1_12' title='bbox 629 191 766 239; x_wconf 77' lang='lat' dir='ltr'>Clergy</span> <span class='ocrx_word' id='word_1_13' title='bbox 795 189 859 238; x_wconf 74' lang='lat' dir='ltr'>(ih.</span> <span class='ocrx_word' id='word_1_14' title='bbox 896 188 996 239; x_wconf 86' lang='lat'>156),</span> <span class='ocrx_word' id='word_1_15' title='bbox 1026 189 1108 226; x_wconf 82' lang='lat' dir='ltr'>and</span> <span class='ocrx_word' id='word_1_16' title='bbox 1135 187 1194 226; x_wconf 72' lang='lat' dir='ltr'>the</span> <span class='ocrx_word' id='word_1_17' title='bbox 1225 187 1420 236; x_wconf 54' lang='lat' dir='ltr'>authori&amp;</span> <span class='ocrx_word' id='word_1_18' title='bbox 1442 185 1488 235; x_wconf 82' lang='lat' dir='ltr'>of</span> <span class='ocrx_word' id='word_1_19' title='bbox 1507 186 1567 224; x_wconf 75' lang='lat' dir='ltr'>tlze</span> 
     </span>
     <span class='ocr_line' id='line_1_3' title="bbox 179 239 1567 297; baseline -0.006 -12"><span class='ocrx_word' id='word_1_20' title='bbox 179 246 333 285; x_wconf 71' lang='lat' dir='ltr'>Clzurclz</span> <span class='ocrx_word' id='word_1_21' title='bbox 352 245 416 297; x_wconf 72' lang='lat' dir='ltr'>(ib.</span> <span class='ocrx_word' id='word_1_22' title='bbox 444 243 568 297; x_wconf 87' lang='lat'><strong>162).]</strong></span> <span class='ocrx_word' id='word_1_23' title='bbox 600 246 705 283; x_wconf 86' lang='lat' dir='ltr'>Turn</span> <span class='ocrx_word' id='word_1_24' title='bbox 726 257 818 282; x_wconf 88' lang='lat' dir='ltr'>vero</span> <span class='ocrx_word' id='word_1_25' title='bbox 840 244 992 283; x_wconf 88' lang='lat' dir='ltr'>Consul</span> <span class='ocrx_word' id='word_1_26' title='bbox 1020 254 1159 281; x_wconf 87' lang='lat' dir='ltr'>omnes</span> <span class='ocrx_word' id='word_1_27' title='bbox 1187 240 1254 291; x_wconf 88' lang='lat' dir='ltr'>qui</span> <span class='ocrx_word' id='word_1_28' title='bbox 1274 254 1355 279; x_wconf 91' lang='lat' dir='ltr'>non</span> <span class='ocrx_word' id='word_1_29' title='bbox 1375 239 1567 280; x_wconf 82' lang='lat' dir='ltr'>Senatorii</span> 
     </span>
     <span class='ocr_line' id='line_1_4' title="bbox 175 295 1568 347; baseline -0.005 -8"><span class='ocrx_word' id='word_1_30' title='bbox 175 300 323 339; x_wconf 90' lang='lat' dir='ltr'>ordinis</span> <span class='ocrx_word' id='word_1_31' title='bbox 355 307 497 347; x_wconf 85' lang='lat' dir='ltr'>essent,</span> <span class='ocrx_word' id='word_1_32' title='bbox 524 300 689 338; x_wconf 89' lang='lat' dir='ltr'>domum</span> <span class='ocrx_word' id='word_1_33' title='bbox 719 298 827 336; x_wconf 91' lang='lat' dir='ltr'>abire</span> <span class='ocrx_word' id='word_1_34' title='bbox 856 297 977 344; x_wconf 89' lang='lat' dir='ltr'>iussit,</span> <span class='ocrx_word' id='word_1_35' title='bbox 1009 303 1048 335; x_wconf 93' lang='lat' dir='ltr'>et</span> <span class='ocrx_word' id='word_1_36' title='bbox 1079 295 1473 335; x_wconf 87' lang='lat' dir='ltr'>Senatusconsultum</span> <span class='ocrx_word' id='word_1_37' title='bbox 1507 307 1568 333; x_wconf 83' lang='lat' dir='ltr'>ex-</span> 
     </span>
     <span class='ocr_line' id='line_1_5' title="bbox 175 350 1569 404; baseline -0.004 -11"><span class='ocrx_word' id='word_1_38' title='bbox 175 362 362 404; x_wconf 86' lang='lat' dir='ltr'>spectare.</span> <span class='ocrx_word' id='word_1_39' title='bbox 418 356 504 393; x_wconf 91' lang='lat' dir='ltr'>Iam</span> <span class='ocrx_word' id='word_1_40' title='bbox 526 353 631 392; x_wconf 90' lang='lat' dir='ltr'>enim</span> <span class='ocrx_word' id='word_1_41' title='bbox 653 353 836 391; x_wconf 89' lang='lat' dir='ltr'>meridies</span> <span class='ocrx_word' id='word_1_42' title='bbox 858 350 1212 402; x_wconf 84' lang='lat' dir='ltr'>appropinquabat.</span> <span class='ocrx_word' id='word_1_43' title='bbox 1267 350 1456 388; x_wconf 84' lang='lat' dir='ltr'><strong>Senatum</strong></span> <span class='ocrx_word' id='word_1_44' title='bbox 1476 361 1569 387; x_wconf 87' lang='lat' dir='ltr'>vero</span> 
     </span>
     <span class='ocr_line' id='line_1_6' title="bbox 175 402 1568 456; baseline -0.005 -9"><span class='ocrx_word' id='word_1_45' title='bbox 175 416 302 447; x_wconf 90' lang='lat' dir='ltr'>totum</span> <span class='ocrx_word' id='word_1_46' title='bbox 335 421 493 447; x_wconf 86' lang='lat' dir='ltr'>manere</span> <span class='ocrx_word' id='word_1_47' title='bbox 523 408 657 454; x_wconf 89' lang='lat' dir='ltr'>voluit,</span> <span class='ocrx_word' id='word_1_48' title='bbox 693 407 804 456; x_wconf 88' lang='lat' dir='ltr'>plura</span> <span class='ocrx_word' id='word_1_49' title='bbox 833 419 924 444; x_wconf 91' lang='lat' dir='ltr'>cum</span> <span class='ocrx_word' id='word_1_50' title='bbox 953 406 1014 444; x_wconf 90' lang='lat' dir='ltr'>his</span> <span class='ocrx_word' id='word_1_51' title='bbox 1043 405 1304 443; x_wconf 91' lang='lat' dir='ltr'>consulturus.</span> <span class='ocrx_word' id='word_1_52' title='bbox 1364 402 1447 443; x_wconf 92' lang='lat' dir='ltr'>Ubi</span> <span class='ocrx_word' id='word_1_53' title='bbox 1476 415 1568 441; x_wconf 91' lang='lat' dir='ltr'>vero</span> 
     </span>
     <span class='ocr_line' id='line_1_7' title="bbox 175 457 1568 512; baseline -0.006 -10"><span class='ocrx_word' id='word_1_54' title='bbox 175 476 362 512; x_wconf 88' lang='lat' dir='ltr'>pransum</span> <span class='ocrx_word' id='word_1_55' title='bbox 395 470 508 510; x_wconf 88' lang='lat' dir='ltr'>esset,</span> <span class='ocrx_word' id='word_1_56' title='bbox 546 461 586 499; x_wconf 88' lang='lat' dir='ltr'>in</span> <span class='ocrx_word' id='word_1_57' title='bbox 619 460 779 500; x_wconf 88' lang='lat' dir='ltr'>Curiam</span> <span class='ocrx_word' id='word_1_58' title='bbox 811 461 946 499; x_wconf 89' lang='lat' dir='ltr'>denuo</span> <span class='ocrx_word' id='word_1_59' title='bbox 977 457 1184 498; x_wconf 90' lang='lat' dir='ltr'>convocati</span> <span class='ocrx_word' id='word_1_60' title='bbox 1219 465 1311 496; x_wconf 89' lang='lat' dir='ltr'>sunt</span> <span class='ocrx_word' id='word_1_61' title='bbox 1341 470 1491 504; x_wconf 89' lang='lat' dir='ltr'>omnes,</span> <span class='ocrx_word' id='word_1_62' title='bbox 1526 463 1568 494; x_wconf 90' lang='lat' dir='ltr'>ut</span> 
     </span>
     <span class='ocr_line' id='line_1_8' title="bbox 175 513 1350 565; baseline -0.005 -9"><span class='ocrx_word' id='word_1_63' title='bbox 175 518 582 563; x_wconf 86' lang='lat' dir='ltr'>Senatusconsultum,</span> <span class='ocrx_word' id='word_1_64' title='bbox 605 516 713 565; x_wconf 87' lang='lat' dir='ltr'>quod</span> <span class='ocrx_word' id='word_1_65' title='bbox 735 515 882 553; x_wconf 89' lang='lat' dir='ltr'>interea</span> <span class='ocrx_word' id='word_1_66' title='bbox 901 515 1024 552; x_wconf 89' lang='lat' dir='ltr'>latum</span> <span class='ocrx_word' id='word_1_67' title='bbox 1046 521 1137 561; x_wconf 91' lang='lat' dir='ltr'>erat,</span> <span class='ocrx_word' id='word_1_68' title='bbox 1159 513 1350 551; x_wconf 82' lang='lat' dir='ltr'>audirent.</span> 
     </span>
    </p>
   </div>
   <div class='ocr_carea' id='block_1_3' title="bbox 195 640 1550 700">
    <p class='ocr_par' dir='ltr' id='par_1_3' title="bbox 195 640 1550 700">
     <span class='ocr_line' id='line_1_9' title="bbox 195 640 1550 700; baseline -0.006 -10"><span class='ocrx_word' id='word_1_69' title='bbox 195 647 283 690; x_wconf 89' lang='lat' dir='ltr'>No.</span> <span class='ocrx_word' id='word_1_70' title='bbox 306 658 407 700; x_wconf 87' lang='lat'><strong>190.</strong></span> <span class='ocrx_word' id='word_1_71' title='bbox 449 645 556 689; x_wconf 91' lang='lat' dir='ltr'>The</span> <span class='ocrx_word' id='word_1_72' title='bbox 575 645 764 689; x_wconf 89' lang='lat' dir='ltr'>Decree</span> <span class='ocrx_word' id='word_1_73' title='bbox 786 642 843 687; x_wconf 88' lang='lat' dir='ltr'>of</span> <span class='ocrx_word' id='word_1_74' title='bbox 856 642 943 687; x_wconf 90' lang='lat' dir='ltr'>the</span> <span class='ocrx_word' id='word_1_75' title='bbox 966 641 1186 694; x_wconf 90' lang='lat' dir='ltr'>Couneil,</span> <span class='ocrx_word' id='word_1_76' title='bbox 1209 652 1269 694; x_wconf 89' lang='lat'>29</span> <span class='ocrx_word' id='word_1_77' title='bbox 1292 640 1405 694; x_wconf 85' lang='lat' dir='ltr'>Jan.</span> <span class='ocrx_word' id='word_1_78' title='bbox 1429 650 1550 694; x_wconf 86' lang='lat'><strong>1523.</strong></span> 
     </span>
    </p>
   </div>
   <div class='ocr_carea' id='block_1_4' title="bbox 178 730 1570 999">
    <p class='ocr_par' dir='ltr' id='par_1_4' title="bbox 178 730 1570 999">
     <span class='ocr_line' id='line_1_10' title="bbox 232 730 1570 787; baseline -0.006 -9"><span class='ocrx_word' id='word_1_79' title='bbox 232 740 484 779; x_wconf 79' lang='lat' dir='ltr'>Convenistis</span> <span class='ocrx_word' id='word_1_80' title='bbox 519 739 597 775; x_wconf 86' lang='lat' dir='ltr'>buc</span> <span class='ocrx_word' id='word_1_81' title='bbox 628 735 807 787; x_wconf 85' lang='lat' dir='ltr'>Tigurini</span> <span class='ocrx_word' id='word_1_82' title='bbox 838 737 1004 774; x_wconf 86' lang='lat' dir='ltr'>Senatus</span> <span class='ocrx_word' id='word_1_83' title='bbox 1037 733 1268 772; x_wconf 89' lang='lat' dir='ltr'>auctoritate</span> <span class='ocrx_word' id='word_1_84' title='bbox 1306 741 1344 772; x_wconf 89' lang='lat' dir='ltr'>et</span> <span class='ocrx_word' id='word_1_85' title='bbox 1374 730 1570 771; x_wconf 87' lang='lat' dir='ltr'>mandatis</span> 
     </span>
     <span class='ocr_line' id='line_1_11' title="bbox 178 787 1570 843; baseline -0.006 -11"><span class='ocrx_word' id='word_1_86' title='bbox 178 794 341 832; x_wconf 74' lang='lat' dir='ltr'>evocati.</span> <span class='ocrx_word' id='word_1_87' title='bbox 400 791 600 843; x_wconf 78' lang='lat' dir='ltr'>Quoniam</span> <span class='ocrx_word' id='word_1_88' title='bbox 623 804 714 830; x_wconf 82' lang='lat' dir='ltr'>vero</span> <span class='ocrx_word' id='word_1_89' title='bbox 734 803 841 828; x_wconf 90' lang='lat' dir='ltr'>anno</span> <span class='ocrx_word' id='word_1_90' title='bbox 861 788 1006 828; x_wconf 82' lang='lat' dir='ltr'>abhinc</span> <span class='ocrx_word' id='word_1_91' title='bbox 1027 789 1147 827; x_wconf 90' lang='lat' dir='ltr'>ferme</span> <span class='ocrx_word' id='word_1_92' title='bbox 1167 789 1301 837; x_wconf 88' lang='lat' dir='ltr'>elapso</span> <span class='ocrx_word' id='word_1_93' title='bbox 1323 788 1370 825; x_wconf 90' lang='lat' dir='ltr'>R.</span> <span class='ocrx_word' id='word_1_94' title='bbox 1396 789 1444 825; x_wconf 90' lang='lat' dir='ltr'>D.</span> <span class='ocrx_word' id='word_1_95' title='bbox 1468 787 1570 826; x_wconf 92' lang='lat' dir='ltr'>Con-</span> 
     </span>
     <span class='ocr_line' id='line_1_12' title="bbox 178 840 1569 897; baseline -0.006 -10"><span class='ocrx_word' id='word_1_96' title='bbox 178 847 402 886; x_wconf 80' lang='lat' dir='ltr'>stantiensis</span> <span class='ocrx_word' id='word_1_97' title='bbox 432 845 608 897; x_wconf 84' lang='lat' dir='ltr'>episcopi</span> <span class='ocrx_word' id='word_1_98' title='bbox 644 844 779 895; x_wconf 85' lang='lat' dir='ltr'>Legati</span> <span class='ocrx_word' id='word_1_99' title='bbox 818 857 951 882; x_wconf 89' lang='lat' dir='ltr'>coram</span> <span class='ocrx_word' id='word_1_100' title='bbox 981 841 1194 892; x_wconf 89' lang='lat' dir='ltr'>Tigurinae</span> <span class='ocrx_word' id='word_1_101' title='bbox 1225 840 1391 879; x_wconf 87' lang='lat' dir='ltr'>civitatis</span> <span class='ocrx_word' id='word_1_102' title='bbox 1422 841 1569 879; x_wconf 79' lang='lat' dir='ltr'>Senatu</span> 
     </span>
     <span class='ocr_line' id='line_1_13' title="bbox 178 895 1568 952; baseline -0.006 -11"><span class='ocrx_word' id='word_1_103' title='bbox 178 908 494 952; x_wconf 88' lang='lat' dir='ltr'>comparuerunt,</span> <span class='ocrx_word' id='word_1_104' title='bbox 517 913 607 939; x_wconf 89' lang='lat' dir='ltr'>cum</span> <span class='ocrx_word' id='word_1_105' title='bbox 629 899 773 949; x_wconf 82' lang='lat' dir='ltr'>quibus</span> <span class='ocrx_word' id='word_1_106' title='bbox 803 897 856 936; x_wconf 92' lang='lat' dir='ltr'>ita</span> <span class='ocrx_word' id='word_1_107' title='bbox 885 910 944 936; x_wconf 90' lang='lat' dir='ltr'>res</span> <span class='ocrx_word' id='word_1_108' title='bbox 975 896 1151 935; x_wconf 90' lang='lat' dir='ltr'>instituta</span> <span class='ocrx_word' id='word_1_109' title='bbox 1177 903 1261 934; x_wconf 91' lang='lat' dir='ltr'>tum</span> <span class='ocrx_word' id='word_1_110' title='bbox 1282 901 1363 934; x_wconf 90' lang='lat' dir='ltr'>erat</span> <span class='ocrx_word' id='word_1_111' title='bbox 1383 902 1425 933; x_wconf 91' lang='lat' dir='ltr'>ut</span> <span class='ocrx_word' id='word_1_112' title='bbox 1446 896 1496 933; x_wconf 88' lang='lat' dir='ltr'>R.</span> <span class='ocrx_word' id='word_1_113' title='bbox 1519 895 1568 932; x_wconf 93' lang='lat' dir='ltr'>D.</span> 
     </span>
     <span class='ocr_line' id='line_1_14' title="bbox 179 949 1570 999; baseline -0.006 -4"><span class='ocrx_word' id='word_1_114' title='bbox 179 955 495 996; x_wconf 86' lang='lat' dir='ltr'>Constantiensis</span> <span class='ocrx_word' id='word_1_115' title='bbox 525 955 603 992; x_wconf 89' lang='lat' dir='ltr'>huc</span> <span class='ocrx_word' id='word_1_116' title='bbox 633 953 889 999; x_wconf 85' lang='lat' dir='ltr'>incumberet,</span> <span class='ocrx_word' id='word_1_117' title='bbox 922 959 964 989; x_wconf 88' lang='lat' dir='ltr'>ut</span> <span class='ocrx_word' id='word_1_118' title='bbox 993 963 1132 990; x_wconf 88' lang='lat' dir='ltr'>omnes</span> <span class='ocrx_word' id='word_1_119' title='bbox 1161 949 1353 989; x_wconf 89' lang='lat' dir='ltr'>dioecesis</span> <span class='ocrx_word' id='word_1_120' title='bbox 1380 961 1474 987; x_wconf 90' lang='lat' dir='ltr'>suae</span> <span class='ocrx_word' id='word_1_121' title='bbox 1508 961 1570 998; x_wconf 90' lang='lat' dir='ltr'>pa-</span> 
     </span>
    </p>
   </div>
   <div class='ocr_carea' id='block_1_5' title="bbox 179 1002 1584 1053">
    <p class='ocr_par' dir='ltr' id='par_1_5' title="bbox 179 1002 1584 1053">
     <span class='ocr_line' id='line_1_15' title="bbox 179 1002 1584 1053; baseline -0.006 -4"><span class='ocrx_word' id='word_1_122' title='bbox 179 1018 302 1049; x_wconf 85' lang='lat' dir='ltr'>stores</span> <span class='ocrx_word' id='word_1_123' title='bbox 324 1018 362 1049; x_wconf 90' lang='lat' dir='ltr'>et</span> <span class='ocrx_word' id='word_1_124' title='bbox 383 1010 633 1048; x_wconf 76' lang='lat' dir='ltr'>ecclesiastae</span> <span class='ocrx_word' id='word_1_125' title='bbox 654 1007 694 1045; x_wconf 92' lang='lat' dir='ltr'>in</span> <span class='ocrx_word' id='word_1_126' title='bbox 715 1020 837 1045; x_wconf 90' lang='lat' dir='ltr'>unum</span> <span class='ocrx_word' id='word_1_127' title='bbox 855 1005 1008 1044; x_wconf 88' lang='lat' dir='ltr'>collecti</span> <span class='ocrx_word' id='word_1_128' title='bbox 1030 1003 1175 1043; x_wconf 88' lang='lat' dir='ltr'>mutuis</span> <span class='ocrx_word' id='word_1_129' title='bbox 1191 1002 1363 1043; x_wconf 90' lang='lat' dir='ltr'>consiliis</span> <span class='ocrx_word' id='word_1_130' title='bbox 1385 1010 1422 1041; x_wconf 92' lang='lat' dir='ltr'>et</span> <span class='ocrx_word' id='word_1_131' title='bbox 1443 1003 1584 1053; x_wconf 54' lang='lat' dir='ltr'>operis,</span> 
     </span>
    </p>
   </div>
   <div class='ocr_carea' id='block_1_6' title="bbox 179 1055 1581 2513">
    <p class='ocr_par' dir='ltr' id='par_1_6' title="bbox 179 1055 1577 1813">
     <span class='ocr_line' id='line_1_16' title="bbox 179 1055 1570 1109; baseline -0.006 -7"><span class='ocrx_word' id='word_1_132' title='bbox 179 1064 219 1102; x_wconf 88' lang='lat' dir='ltr'>in</span> <span class='ocrx_word' id='word_1_133' title='bbox 249 1066 325 1103; x_wconf 87' lang='lat' dir='ltr'>hoc</span> <span class='ocrx_word' id='word_1_134' title='bbox 355 1064 588 1109; x_wconf 81' lang='lat' dir='ltr'>laborarent,</span> <span class='ocrx_word' id='word_1_135' title='bbox 621 1070 662 1100; x_wconf 90' lang='lat' dir='ltr'>ut</span> <span class='ocrx_word' id='word_1_136' title='bbox 692 1060 869 1100; x_wconf 87' lang='lat' dir='ltr'>unanimi</span> <span class='ocrx_word' id='word_1_137' title='bbox 903 1072 1098 1098; x_wconf 89' lang='lat' dir='ltr'>consensu</span> <span class='ocrx_word' id='word_1_138' title='bbox 1129 1057 1223 1097; x_wconf 89' lang='lat' dir='ltr'>certi</span> <span class='ocrx_word' id='word_1_139' title='bbox 1252 1056 1402 1107; x_wconf 88' lang='lat' dir='ltr'>aliquid</span> <span class='ocrx_word' id='word_1_140' title='bbox 1431 1057 1482 1095; x_wconf 91' lang='lat' dir='ltr'>de</span> <span class='ocrx_word' id='word_1_141' title='bbox 1510 1055 1570 1094; x_wconf 89' lang='lat' dir='ltr'>his</span> 
     </span>
     <span class='ocr_line' id='line_1_17' title="bbox 181 1112 1571 1164; baseline -0.006 -7"><span class='ocrx_word' id='word_1_142' title='bbox 181 1120 273 1157; x_wconf 85' lang='lat' dir='ltr'>fidei</span> <span class='ocrx_word' id='word_1_143' title='bbox 295 1117 568 1157; x_wconf 83' lang='lat' dir='ltr'>controversiis</span> <span class='ocrx_word' id='word_1_144' title='bbox 591 1123 834 1162; x_wconf 82' lang='lat' dir='ltr'>statueretur,</span> <span class='ocrx_word' id='word_1_145' title='bbox 857 1115 966 1164; x_wconf 84' lang='lat' dir='ltr'>quod</span> <span class='ocrx_word' id='word_1_146' title='bbox 988 1125 1126 1152; x_wconf 90' lang='lat' dir='ltr'>omnes</span> <span class='ocrx_word' id='word_1_147' title='bbox 1147 1119 1232 1151; x_wconf 90' lang='lat' dir='ltr'>tuto</span> <span class='ocrx_word' id='word_1_148' title='bbox 1253 1112 1363 1162; x_wconf 86' lang='lat' dir='ltr'>sequi</span> <span class='ocrx_word' id='word_1_149' title='bbox 1385 1117 1571 1161; x_wconf 84' lang='lat' dir='ltr'>possent:</span> 
     </span>
     <span class='ocr_line' id='line_1_18' title="bbox 180 1163 1572 1223; baseline -0.006 -12"><span class='ocrx_word' id='word_1_150' title='bbox 180 1186 304 1223; x_wconf 81' lang='lat' dir='ltr'>quum</span> <span class='ocrx_word' id='word_1_151' title='bbox 334 1179 466 1211; x_wconf 84' lang='lat' dir='ltr'>autern</span> <span class='ocrx_word' id='word_1_152' title='bbox 497 1171 644 1210; x_wconf 89' lang='lat' dir='ltr'>interea</span> <span class='ocrx_word' id='word_1_153' title='bbox 674 1183 742 1220; x_wconf 92' lang='lat' dir='ltr'>per</span> <span class='ocrx_word' id='word_1_154' title='bbox 770 1167 1115 1208; x_wconf 88' lang='lat' dir='ltr'>Constantiensern</span> <span class='ocrx_word' id='word_1_155' title='bbox 1148 1167 1392 1216; x_wconf 81' lang='lat' dir='ltr'>episcopum,</span> <span class='ocrx_word' id='word_1_156' title='bbox 1420 1163 1572 1215; x_wconf 88' lang='lat' dir='ltr'>magnis</span> 
     </span>
     <span class='ocr_line' id='line_1_19' title="bbox 180 1218 1573 1271; baseline -0.006 -6"><span class='ocrx_word' id='word_1_157' title='bbox 180 1228 343 1265; x_wconf 84' lang='lat' dir='ltr'>fortasse</span> <span class='ocrx_word' id='word_1_158' title='bbox 370 1227 420 1265; x_wconf 90' lang='lat' dir='ltr'>de</span> <span class='ocrx_word' id='word_1_159' title='bbox 447 1225 574 1265; x_wconf 86' lang='lat' dir='ltr'>causis</span> <span class='ocrx_word' id='word_1_160' title='bbox 602 1232 639 1263; x_wconf 91' lang='lat' dir='ltr'>et</span> <span class='ocrx_word' id='word_1_161' title='bbox 668 1223 811 1271; x_wconf 88' lang='lat' dir='ltr'>arduis,</span> <span class='ocrx_word' id='word_1_162' title='bbox 835 1223 932 1260; x_wconf 81' lang='lat' dir='ltr'>nihil</span> <span class='ocrx_word' id='word_1_163' title='bbox 959 1221 1123 1260; x_wconf 88' lang='lat' dir='ltr'>omnino</span> <span class='ocrx_word' id='word_1_164' title='bbox 1147 1227 1386 1259; x_wconf 88' lang='lat' dir='ltr'>transactum</span> <span class='ocrx_word' id='word_1_165' title='bbox 1414 1218 1486 1258; x_wconf 89' lang='lat' dir='ltr'>sit:</span> <span class='ocrx_word' id='word_1_166' title='bbox 1515 1218 1573 1256; x_wconf 92' lang='lat' dir='ltr'>in-</span> 
     </span>
     <span class='ocr_line' id='line_1_20' title="bbox 181 1272 1574 1324; baseline -0.007 -5"><span class='ocrx_word' id='word_1_167' title='bbox 181 1280 293 1319; x_wconf 87' lang='lat' dir='ltr'>terim</span> <span class='ocrx_word' id='word_1_168' title='bbox 314 1288 448 1319; x_wconf 82' lang='lat' dir='ltr'>tamen</span> <span class='ocrx_word' id='word_1_169' title='bbox 477 1279 765 1318; x_wconf 88' lang='lat' dir='ltr'>controversiae</span> <span class='ocrx_word' id='word_1_170' title='bbox 786 1277 901 1315; x_wconf 88' lang='lat' dir='ltr'>huius</span> <span class='ocrx_word' id='word_1_171' title='bbox 925 1275 970 1314; x_wconf 90' lang='lat' dir='ltr'>lis</span> <span class='ocrx_word' id='word_1_172' title='bbox 998 1283 1036 1314; x_wconf 87' lang='lat' dir='ltr'>et</span> <span class='ocrx_word' id='word_1_173' title='bbox 1060 1273 1264 1314; x_wconf 90' lang='lat' dir='ltr'>contentio</span> <span class='ocrx_word' id='word_1_174' title='bbox 1290 1272 1412 1324; x_wconf 89' lang='lat' dir='ltr'>magis</span> <span class='ocrx_word' id='word_1_175' title='bbox 1437 1272 1574 1323; x_wconf 86' lang='lat' dir='ltr'>magis-</span> 
     </span>
     <span class='ocr_line' id='line_1_21' title="bbox 181 1327 1574 1385; baseline -0.006 -12"><span class='ocrx_word' id='word_1_176' title='bbox 181 1348 258 1385; x_wconf 85' lang='lat' dir='ltr'>que</span> <span class='ocrx_word' id='word_1_177' title='bbox 273 1334 436 1384; x_wconf 86' lang='lat' dir='ltr'>gliscere</span> <span class='ocrx_word' id='word_1_178' title='bbox 456 1341 493 1372; x_wconf 92' lang='lat' dir='ltr'>et</span> <span class='ocrx_word' id='word_1_179' title='bbox 514 1332 645 1383; x_wconf 84' lang='lat' dir='ltr'>augeri</span> <span class='ocrx_word' id='word_1_180' title='bbox 665 1331 825 1382; x_wconf 86' lang='lat' dir='ltr'>incipiat</span> <span class='ocrx_word' id='word_1_181' title='bbox 843 1346 849 1369; x_wconf 92' lang='lat'>:</span> <span class='ocrx_word' id='word_1_182' title='bbox 878 1329 1090 1380; x_wconf 87' lang='lat' dir='ltr'>Tigurinae</span> <span class='ocrx_word' id='word_1_183' title='bbox 1111 1327 1276 1367; x_wconf 89' lang='lat' dir='ltr'>civitatis</span> <span class='ocrx_word' id='word_1_184' title='bbox 1298 1329 1389 1367; x_wconf 86' lang='lat' dir='ltr'>Cos.</span> <span class='ocrx_word' id='word_1_185' title='bbox 1407 1328 1574 1366; x_wconf 89' lang='lat' dir='ltr'>Senatus</span> 
     </span>
     <span class='ocr_line' id='line_1_22' title="bbox 182 1380 1574 1438; baseline -0.006 -11"><span class='ocrx_word' id='word_1_186' title='bbox 182 1396 367 1438; x_wconf 87' lang='lat' dir='ltr'>totusque</span> <span class='ocrx_word' id='word_1_187' title='bbox 398 1389 574 1437; x_wconf 89' lang='lat' dir='ltr'>Populus</span> <span class='ocrx_word' id='word_1_188' title='bbox 603 1399 684 1424; x_wconf 90' lang='lat' dir='ltr'>non</span> <span class='ocrx_word' id='word_1_189' title='bbox 712 1386 795 1424; x_wconf 86' lang='lat' dir='ltr'>sine</span> <span class='ocrx_word' id='word_1_190' title='bbox 822 1384 944 1423; x_wconf 82' lang='lat' dir='ltr'>divini</span> <span class='ocrx_word' id='word_1_191' title='bbox 974 1383 1146 1422; x_wconf 87' lang='lat' dir='ltr'>nominis</span> <span class='ocrx_word' id='word_1_192' title='bbox 1172 1381 1359 1432; x_wconf 89' lang='lat' dir='ltr'>auspicio,</span> <span class='ocrx_word' id='word_1_193' title='bbox 1391 1380 1574 1431; x_wconf 89' lang='lat' dir='ltr'>publicae</span> 
     </span>
     <span class='ocr_line' id='line_1_23' title="bbox 182 1438 1573 1493; baseline -0.006 -12"><span class='ocrx_word' id='word_1_194' title='bbox 182 1444 288 1493; x_wconf 88' lang='lat' dir='ltr'>pacis</span> <span class='ocrx_word' id='word_1_195' title='bbox 306 1450 344 1481; x_wconf 91' lang='lat' dir='ltr'>et</span> <span class='ocrx_word' id='word_1_196' title='bbox 360 1441 606 1481; x_wconf 85' lang='lat' dir='ltr'>Christianae</span> <span class='ocrx_word' id='word_1_197' title='bbox 623 1438 860 1478; x_wconf 88' lang='lat' dir='ltr'>concordiae</span> <span class='ocrx_word' id='word_1_198' title='bbox 875 1439 1005 1488; x_wconf 86' lang='lat' dir='ltr'>gratia,</span> <span class='ocrx_word' id='word_1_199' title='bbox 1025 1439 1131 1475; x_wconf 90' lang='lat' dir='ltr'>hunc</span> <span class='ocrx_word' id='word_1_200' title='bbox 1145 1443 1387 1475; x_wconf 85' lang='lat' dir='ltr'>conventum</span> <span class='ocrx_word' id='word_1_201' title='bbox 1402 1441 1573 1473; x_wconf 89' lang='lat' dir='ltr'>vestrum</span> 
     </span>
     <span class='ocr_line' id='line_1_24' title="bbox 183 1489 1573 1542; baseline -0.006 -7"><span class='ocrx_word' id='word_1_202' title='bbox 183 1496 446 1542; x_wconf 88' lang='lat' dir='ltr'>instituerunt,</span> <span class='ocrx_word' id='word_1_203' title='bbox 468 1503 506 1534; x_wconf 93' lang='lat' dir='ltr'>et</span> <span class='ocrx_word' id='word_1_204' title='bbox 532 1508 555 1533; x_wconf 90' lang='lat' dir='ltr'>a</span> <span class='ocrx_word' id='word_1_205' title='bbox 580 1496 627 1532; x_wconf 90' lang='lat' dir='ltr'>R.</span> <span class='ocrx_word' id='word_1_206' title='bbox 654 1496 701 1532; x_wconf 89' lang='lat' dir='ltr'>D.</span> <span class='ocrx_word' id='word_1_207' title='bbox 726 1491 1035 1539; x_wconf 87' lang='lat' dir='ltr'>Constantiensi,</span> <span class='ocrx_word' id='word_1_208' title='bbox 1056 1499 1098 1529; x_wconf 90' lang='lat' dir='ltr'>ut</span> <span class='ocrx_word' id='word_1_209' title='bbox 1121 1490 1185 1528; x_wconf 89' lang='lat' dir='ltr'>hic</span> <span class='ocrx_word' id='word_1_210' title='bbox 1210 1491 1378 1540; x_wconf 88' lang='lat' dir='ltr'>Legatos</span> <span class='ocrx_word' id='word_1_211' title='bbox 1405 1501 1496 1527; x_wconf 88' lang='lat' dir='ltr'>suos</span> <span class='ocrx_word' id='word_1_212' title='bbox 1522 1489 1573 1527; x_wconf 90' lang='lat' dir='ltr'>ad</span> 
     </span>
     <span class='ocr_line' id='line_1_25' title="bbox 183 1542 1574 1599; baseline -0.006 -10"><span class='ocrx_word' id='word_1_213' title='bbox 183 1564 256 1589; x_wconf 90' lang='lat' dir='ltr'>nos</span> <span class='ocrx_word' id='word_1_214' title='bbox 294 1551 447 1588; x_wconf 88' lang='lat' dir='ltr'>mittere</span> <span class='ocrx_word' id='word_1_215' title='bbox 481 1549 716 1599; x_wconf 86' lang='lat' dir='ltr'>dignaretur,</span> <span class='ocrx_word' id='word_1_216' title='bbox 752 1546 1008 1597; x_wconf 90' lang='lat' dir='ltr'>impetrarunt</span> <span class='ocrx_word' id='word_1_217' title='bbox 1026 1560 1036 1593; x_wconf 80' lang='lat'>3</span> <span class='ocrx_word' id='word_1_218' title='bbox 1078 1558 1148 1595; x_wconf 91' lang='lat' dir='ltr'>pro</span> <span class='ocrx_word' id='word_1_219' title='bbox 1182 1557 1262 1594; x_wconf 91' lang='lat' dir='ltr'>quo</span> <span class='ocrx_word' id='word_1_220' title='bbox 1295 1542 1425 1582; x_wconf 86' lang='lat' dir='ltr'>officio</span> <span class='ocrx_word' id='word_1_221' title='bbox 1459 1542 1574 1581; x_wconf 90' lang='lat' dir='ltr'>nobis</span> 
     </span>
     <span class='ocr_line' id='line_1_26' title="bbox 185 1598 1576 1655; baseline -0.006 -12"><span class='ocrx_word' id='word_1_222' title='bbox 185 1604 370 1655; x_wconf 85' lang='lat' dir='ltr'>praestito</span> <span class='ocrx_word' id='word_1_223' title='bbox 399 1616 558 1653; x_wconf 85' lang='lat' dir='ltr'>magnas</span> <span class='ocrx_word' id='word_1_224' title='bbox 587 1616 658 1640; x_wconf 89' lang='lat' dir='ltr'>nos</span> <span class='ocrx_word' id='word_1_225' title='bbox 686 1601 740 1639; x_wconf 92' lang='lat' dir='ltr'>illi</span> <span class='ocrx_word' id='word_1_226' title='bbox 767 1600 906 1650; x_wconf 80' lang='lat' dir='ltr'>gratias</span> <span class='ocrx_word' id='word_1_227' title='bbox 934 1600 1078 1638; x_wconf 86' lang='lat' dir='ltr'>debere</span> <span class='ocrx_word' id='word_1_228' title='bbox 1104 1600 1282 1637; x_wconf 89' lang='lat' dir='ltr'>fatemur.</span> <span class='ocrx_word' id='word_1_229' title='bbox 1340 1598 1465 1636; x_wconf 87' lang='lat' dir='ltr'>Simul</span> <span class='ocrx_word' id='word_1_230' title='bbox 1483 1609 1576 1635; x_wconf 91' lang='lat' dir='ltr'>vero</span> 
     </span>
     <span class='ocr_line' id='line_1_27' title="bbox 185 1651 1577 1708; baseline -0.006 -11"><span class='ocrx_word' id='word_1_231' title='bbox 185 1672 324 1697; x_wconf 85' lang='lat' dir='ltr'>omnes</span> <span class='ocrx_word' id='word_1_232' title='bbox 345 1672 390 1697; x_wconf 79' lang='lat' dir='ltr'>ex</span> <span class='ocrx_word' id='word_1_233' title='bbox 410 1670 502 1708; x_wconf 89' lang='lat' dir='ltr'>agro</span> <span class='ocrx_word' id='word_1_234' title='bbox 523 1671 594 1695; x_wconf 85' lang='lat' dir='ltr'>suo</span> <span class='ocrx_word' id='word_1_235' title='bbox 611 1656 717 1695; x_wconf 87' lang='lat' dir='ltr'>verbi</span> <span class='ocrx_word' id='word_1_236' title='bbox 737 1654 934 1693; x_wconf 89' lang='lat' dir='ltr'>ministros</span> <span class='ocrx_word' id='word_1_237' title='bbox 954 1662 992 1692; x_wconf 87' lang='lat' dir='ltr'>et</span> <span class='ocrx_word' id='word_1_238' title='bbox 1009 1654 1262 1692; x_wconf 87' lang='lat' dir='ltr'>ecclesiarum</span> <span class='ocrx_word' id='word_1_239' title='bbox 1277 1651 1470 1690; x_wconf 88' lang='lat' dir='ltr'>antistites</span> <span class='ocrx_word' id='word_1_240' title='bbox 1486 1663 1577 1689; x_wconf 89' lang='lat' dir='ltr'>con-</span> 
     </span>
     <span class='ocr_line' id='line_1_28' title="bbox 186 1704 1576 1759; baseline -0.006 -9"><span class='ocrx_word' id='word_1_241' title='bbox 186 1713 386 1751; x_wconf 76' lang='lat' dir='ltr'>vocandos</span> <span class='ocrx_word' id='word_1_242' title='bbox 414 1725 499 1750; x_wconf 83' lang='lat' dir='ltr'>esse</span> <span class='ocrx_word' id='word_1_243' title='bbox 527 1712 732 1756; x_wconf 79' lang='lat' dir='ltr'>duxerunt,</span> <span class='ocrx_word' id='word_1_244' title='bbox 755 1717 797 1747; x_wconf 88' lang='lat' dir='ltr'>ut</span> <span class='ocrx_word' id='word_1_245' title='bbox 822 1708 889 1759; x_wconf 87' lang='lat' dir='ltr'>qui</span> <span class='ocrx_word' id='word_1_246' title='bbox 914 1709 1121 1746; x_wconf 88' lang='lat' dir='ltr'>haereseos</span> <span class='ocrx_word' id='word_1_247' title='bbox 1148 1705 1310 1745; x_wconf 88' lang='lat' dir='ltr'>crimina</span> <span class='ocrx_word' id='word_1_248' title='bbox 1336 1704 1411 1744; x_wconf 92' lang='lat' dir='ltr'>sibi</span> <span class='ocrx_word' id='word_1_249' title='bbox 1438 1712 1576 1743; x_wconf 88' lang='lat' dir='ltr'>mutuo</span> 
     </span>
     <span class='ocr_line' id='line_1_29' title="bbox 186 1763 1054 1813; baseline -0.007 -8"><span class='ocrx_word' id='word_1_250' title='bbox 186 1768 439 1812; x_wconf 87' lang='lat' dir='ltr'>intentarunt,</span> <span class='ocrx_word' id='word_1_251' title='bbox 462 1764 713 1804; x_wconf 85' lang='lat' dir='ltr'>commodius</span> <span class='ocrx_word' id='word_1_252' title='bbox 734 1763 863 1802; x_wconf 86' lang='lat' dir='ltr'>dirimi</span> <span class='ocrx_word' id='word_1_253' title='bbox 884 1769 1054 1813; x_wconf 89' lang='lat' dir='ltr'>possent.</span> 
     </span>
    </p>

    <p class='ocr_par' dir='ltr' id='par_1_7' title="bbox 187 1812 1581 2513">
     <span class='ocr_line' id='line_1_30' title="bbox 241 1812 1578 1869; baseline -0.007 -10"><span class='ocrx_word' id='word_1_254' title='bbox 241 1822 440 1869; x_wconf 84' lang='lat' dir='ltr'>Quoniam</span> <span class='ocrx_word' id='word_1_255' title='bbox 462 1833 554 1858; x_wconf 84' lang='lat' dir='ltr'>vero</span> <span class='ocrx_word' id='word_1_256' title='bbox 575 1827 711 1857; x_wconf 89' lang='lat' dir='ltr'>contra</span> <span class='ocrx_word' id='word_1_257' title='bbox 733 1818 971 1856; x_wconf 88' lang='lat' dir='ltr'>Huldricum</span> <span class='ocrx_word' id='word_1_258' title='bbox 993 1814 1226 1866; x_wconf 85' lang='lat' dir='ltr'>Zuinglium‚</span> <span class='ocrx_word' id='word_1_259' title='bbox 1246 1812 1401 1852; x_wconf 87' lang='lat' dir='ltr'>maioris</span> <span class='ocrx_word' id='word_1_260' title='bbox 1423 1819 1578 1851; x_wconf 89' lang='lat' dir='ltr'>nostrae</span> 
     </span>
     <span class='ocr_line' id='line_1_31' title="bbox 187 1865 1578 1921; baseline -0.007 -8"><span class='ocrx_word' id='word_1_261' title='bbox 187 1874 376 1913; x_wconf 84' lang='lat' dir='ltr'>ecclesiae</span> <span class='ocrx_word' id='word_1_262' title='bbox 396 1873 611 1912; x_wconf 83' lang='lat' dir='ltr'>antistitem</span> <span class='ocrx_word' id='word_1_263' title='bbox 642 1880 680 1911; x_wconf 91' lang='lat' dir='ltr'>et</span> <span class='ocrx_word' id='word_1_264' title='bbox 707 1870 958 1910; x_wconf 84' lang='lat' dir='ltr'>ecclesiasten</span> <span class='ocrx_word' id='word_1_265' title='bbox 989 1870 1122 1921; x_wconf 81' lang='lat' dir='ltr'>(quem</span> <span class='ocrx_word' id='word_1_266' title='bbox 1150 1869 1262 1906; x_wconf 89' lang='lat' dir='ltr'>multi</span> <span class='ocrx_word' id='word_1_267' title='bbox 1289 1869 1389 1906; x_wconf 89' lang='lat' dir='ltr'>clam</span> <span class='ocrx_word' id='word_1_268' title='bbox 1416 1865 1578 1905; x_wconf 91' lang='lat' dir='ltr'>haereti-</span> 
     </span>
     <span class='ocr_line' id='line_1_32' title="bbox 187 1920 1576 1975; baseline -0.006 -9"><span class='ocrx_word' id='word_1_269' title='bbox 187 1941 278 1966; x_wconf 90' lang='lat' dir='ltr'>cum</span> <span class='ocrx_word' id='word_1_270' title='bbox 306 1941 390 1966; x_wconf 83' lang='lat' dir='ltr'>esse</span> <span class='ocrx_word' id='word_1_271' title='bbox 416 1927 616 1965; x_wconf 76' lang='lat' dir='ltr'>convitiati</span> <span class='ocrx_word' id='word_1_272' title='bbox 645 1926 753 1975; x_wconf 88' lang='lat' dir='ltr'>sunt)</span> <span class='ocrx_word' id='word_1_273' title='bbox 781 1933 868 1975; x_wconf 87' lang='lat' dir='ltr'>post</span> <span class='ocrx_word' id='word_1_274' title='bbox 895 1924 1146 1962; x_wconf 87' lang='lat' dir='ltr'>articulorum</span> <span class='ocrx_word' id='word_1_275' title='bbox 1173 1930 1239 1960; x_wconf 94' lang='lat' dir='ltr'>aut</span> <span class='ocrx_word' id='word_1_276' title='bbox 1263 1920 1576 1972; x_wconf 89' lang='lat' dir='ltr'>propositionum</span> 
     </span>
     <span class='ocr_line' id='line_1_33' title="bbox 187 1975 1579 2031; baseline -0.006 -12"><span class='ocrx_word' id='word_1_277' title='bbox 187 1981 308 2031; x_wconf 84' lang='lat' dir='ltr'>ipsius</span> <span class='ocrx_word' id='word_1_278' title='bbox 329 1981 682 2031; x_wconf 81' lang='lat' dir='ltr'>promulgationem</span> <span class='ocrx_word' id='word_1_279' title='bbox 706 1992 824 2017; x_wconf 91' lang='lat' dir='ltr'>nemo</span> <span class='ocrx_word' id='word_1_280' title='bbox 845 1978 1000 2028; x_wconf 90' lang='lat' dir='ltr'>prodire</span> <span class='ocrx_word' id='word_1_281' title='bbox 1018 1979 1122 2015; x_wconf 88' lang='lat' dir='ltr'>visus</span> <span class='ocrx_word' id='word_1_282' title='bbox 1143 1984 1211 2023; x_wconf 89' lang='lat' dir='ltr'>est,</span> <span class='ocrx_word' id='word_1_283' title='bbox 1229 1975 1296 2026; x_wconf 89' lang='lat' dir='ltr'>qui</span> <span class='ocrx_word' id='word_1_284' title='bbox 1317 1975 1424 2013; x_wconf 88' lang='lat' dir='ltr'>illum</span> <span class='ocrx_word' id='word_1_285' title='bbox 1447 1986 1579 2012; x_wconf 85' lang='lat' dir='ltr'>sacrae</span> 
     </span>
     <span class='ocr_line' id='line_1_34' title="bbox 189 2029 1578 2085; baseline -0.006 -12"><span class='ocrx_word' id='word_1_286' title='bbox 189 2036 410 2085; x_wconf 86' lang='lat' dir='ltr'>Scripturae</span> <span class='ocrx_word' id='word_1_287' title='bbox 437 2036 603 2072; x_wconf 86' lang='lat' dir='ltr'>oraculis</span> <span class='ocrx_word' id='word_1_288' title='bbox 630 2033 864 2072; x_wconf 82' lang='lat' dir='ltr'>convincere</span> <span class='ocrx_word' id='word_1_289' title='bbox 891 2038 1107 2077; x_wconf 84' lang='lat' dir='ltr'>conaretur,</span> <span class='ocrx_word' id='word_1_290' title='bbox 1135 2030 1225 2068; x_wconf 91' lang='lat' dir='ltr'>licet</span> <span class='ocrx_word' id='word_1_291' title='bbox 1251 2042 1332 2067; x_wconf 88' lang='lat' dir='ltr'>non</span> <span class='ocrx_word' id='word_1_292' title='bbox 1360 2029 1481 2067; x_wconf 91' lang='lat' dir='ltr'>semel</span> <span class='ocrx_word' id='word_1_293' title='bbox 1511 2040 1578 2066; x_wconf 90' lang='lat' dir='ltr'>eos</span> 
     </span>
     <span class='ocr_line' id='line_1_35' title="bbox 189 2081 1578 2139; baseline -0.006 -11"><span class='ocrx_word' id='word_1_294' title='bbox 189 2088 420 2139; x_wconf 89' lang='lat' dir='ltr'>provocarit,</span> <span class='ocrx_word' id='word_1_295' title='bbox 445 2088 511 2138; x_wconf 85' lang='lat' dir='ltr'>qui</span> <span class='ocrx_word' id='word_1_296' title='bbox 535 2089 643 2125; x_wconf 88' lang='lat' dir='ltr'>illum</span> <span class='ocrx_word' id='word_1_297' title='bbox 665 2095 756 2125; x_wconf 82' lang='lat' dir='ltr'>ante</span> <span class='ocrx_word' id='word_1_298' title='bbox 783 2085 1024 2124; x_wconf 88' lang='lat' dir='ltr'>haereticum</span> <span class='ocrx_word' id='word_1_299' title='bbox 1054 2083 1255 2123; x_wconf 78' lang='lat' dir='ltr'>dixerant:</span> <span class='ocrx_word' id='word_1_300' title='bbox 1284 2081 1578 2132; x_wconf 84' lang='lat' dir='ltr'>prudentissimi</span> 
     </span>
     <span class='ocr_line' id='line_1_36' title="bbox 189 2136 1580 2191; baseline -0.006 -9"><span class='ocrx_word' id='word_1_301' title='bbox 189 2143 258 2182; x_wconf 90' lang='lat' dir='ltr'>viri</span> <span class='ocrx_word' id='word_1_302' title='bbox 275 2144 366 2183; x_wconf 85' lang='lat' dir='ltr'>Cos.</span> <span class='ocrx_word' id='word_1_303' title='bbox 383 2144 419 2181; x_wconf 89' lang='lat' dir='ltr'>S.</span> <span class='ocrx_word' id='word_1_304' title='bbox 437 2144 477 2180; x_wconf 93' lang='lat' dir='ltr'>P.</span> <span class='ocrx_word' id='word_1_305' title='bbox 495 2143 543 2190; x_wconf 83' lang='lat' dir='ltr'>Q.</span> <span class='ocrx_word' id='word_1_306' title='bbox 559 2141 769 2191; x_wconf 88' lang='lat' dir='ltr'>Tigurinus</span> <span class='ocrx_word' id='word_1_307' title='bbox 791 2141 1047 2178; x_wconf 86' lang='lat' dir='ltr'>decreverunt</span> <span class='ocrx_word' id='word_1_308' title='bbox 1067 2145 1105 2176; x_wconf 92' lang='lat' dir='ltr'>et</span> <span class='ocrx_word' id='word_1_309' title='bbox 1125 2136 1289 2176; x_wconf 89' lang='lat' dir='ltr'>omnino</span> <span class='ocrx_word' id='word_1_310' title='bbox 1304 2144 1429 2175; x_wconf 90' lang='lat' dir='ltr'>ratum</span> <span class='ocrx_word' id='word_1_311' title='bbox 1443 2137 1580 2174; x_wconf 91' lang='lat' dir='ltr'>volunt</span> 
     </span>
     <span class='ocr_line' id='line_1_37' title="bbox 190 2189 1579 2245; baseline -0.006 -9"><span class='ocrx_word' id='word_1_312' title='bbox 190 2205 232 2236; x_wconf 88' lang='lat' dir='ltr'>ut</span> <span class='ocrx_word' id='word_1_313' title='bbox 265 2198 482 2236; x_wconf 89' lang='lat' dir='ltr'>Huldricus</span> <span class='ocrx_word' id='word_1_314' title='bbox 517 2194 717 2245; x_wconf 87' lang='lat' dir='ltr'>Zuinglius</span> <span class='ocrx_word' id='word_1_315' title='bbox 747 2200 1036 2232; x_wconf 85' lang='lat' dir='ltr'>sacrosanctam</span> <span class='ocrx_word' id='word_1_316' title='bbox 1065 2190 1267 2242; x_wconf 89' lang='lat' dir='ltr'>Evangelii</span> <span class='ocrx_word' id='word_1_317' title='bbox 1293 2189 1514 2230; x_wconf 89' lang='lat' dir='ltr'>doctrinam</span> <span class='ocrx_word' id='word_1_318' title='bbox 1541 2196 1579 2227; x_wconf 90' lang='lat' dir='ltr'>et</span> 
     </span>
     <span class='ocr_line' id='line_1_38' title="bbox 191 2244 1580 2297; baseline -0.006 -7"><span class='ocrx_word' id='word_1_319' title='bbox 191 2251 314 2290; x_wconf 81' lang='lat' dir='ltr'>divini</span> <span class='ocrx_word' id='word_1_320' title='bbox 334 2250 442 2289; x_wconf 83' lang='lat' dir='ltr'>verbi</span> <span class='ocrx_word' id='word_1_321' title='bbox 472 2250 629 2288; x_wconf 88' lang='lat' dir='ltr'>oracula</span> <span class='ocrx_word' id='word_1_322' title='bbox 656 2247 714 2297; x_wconf 85' lang='lat' dir='ltr'>(ut</span> <span class='ocrx_word' id='word_1_323' title='bbox 741 2249 818 2285; x_wconf 85' lang='lat' dir='ltr'>huc</span> <span class='ocrx_word' id='word_1_324' title='bbox 845 2260 969 2296; x_wconf 85' lang='lat' dir='ltr'>usque</span> <span class='ocrx_word' id='word_1_325' title='bbox 1000 2246 1051 2284; x_wconf 89' lang='lat' dir='ltr'>ab</span> <span class='ocrx_word' id='word_1_326' title='bbox 1080 2245 1147 2283; x_wconf 91' lang='lat' dir='ltr'>illo</span> <span class='ocrx_word' id='word_1_327' title='bbox 1171 2244 1388 2283; x_wconf 89' lang='lat' dir='ltr'>factitatum</span> <span class='ocrx_word' id='word_1_328' title='bbox 1413 2245 1488 2294; x_wconf 89' lang='lat' dir='ltr'>est)</span> <span class='ocrx_word' id='word_1_329' title='bbox 1515 2256 1580 2280; x_wconf 90' lang='lat' dir='ltr'>an-</span> 
     </span>
     <span class='ocr_line' id='line_1_39' title="bbox 191 2301 1580 2354; baseline -0.006 -11"><span class='ocrx_word' id='word_1_330' title='bbox 191 2305 370 2343; x_wconf 87' lang='lat' dir='ltr'>nuntiare</span> <span class='ocrx_word' id='word_1_331' title='bbox 392 2312 429 2343; x_wconf 91' lang='lat' dir='ltr'>et</span> <span class='ocrx_word' id='word_1_332' title='bbox 450 2303 673 2354; x_wconf 86' lang='lat' dir='ltr'>praedicare</span> <span class='ocrx_word' id='word_1_333' title='bbox 689 2309 831 2352; x_wconf 83' lang='lat' dir='ltr'>pergat.</span> <span class='ocrx_word' id='word_1_334' title='bbox 882 2303 1085 2339; x_wconf 82' lang='lat' dir='ltr'>Praeterea</span> <span class='ocrx_word' id='word_1_335' title='bbox 1101 2301 1265 2338; x_wconf 86' lang='lat' dir='ltr'>aliorum</span> <span class='ocrx_word' id='word_1_336' title='bbox 1282 2310 1452 2348; x_wconf 86' lang='lat' dir='ltr'>quoque,</span> <span class='ocrx_word' id='word_1_337' title='bbox 1470 2304 1580 2347; x_wconf 90' lang='lat' dir='ltr'>quot-</span> 
     </span>
     <span class='ocr_line' id='line_1_40' title="bbox 193 2349 1580 2408; baseline -0.005 -13"><span class='ocrx_word' id='word_1_338' title='bbox 193 2367 289 2408; x_wconf 79' lang='lat' dir='ltr'>quot</span> <span class='ocrx_word' id='word_1_339' title='bbox 319 2360 379 2397; x_wconf 81' lang='lat' dir='ltr'>vel</span> <span class='ocrx_word' id='word_1_340' title='bbox 409 2358 448 2396; x_wconf 86' lang='lat' dir='ltr'>in</span> <span class='ocrx_word' id='word_1_341' title='bbox 474 2359 569 2396; x_wconf 90' lang='lat' dir='ltr'>urbe</span> <span class='ocrx_word' id='word_1_342' title='bbox 595 2358 653 2395; x_wconf 84' lang='lat' dir='ltr'>vel</span> <span class='ocrx_word' id='word_1_343' title='bbox 680 2369 772 2406; x_wconf 86' lang='lat' dir='ltr'>agro</span> <span class='ocrx_word' id='word_1_344' title='bbox 799 2354 906 2393; x_wconf 78' lang='lat' dir='ltr'>verbi</span> <span class='ocrx_word' id='word_1_345' title='bbox 934 2353 1148 2392; x_wconf 86' lang='lat' dir='ltr'>ministerio</span> <span class='ocrx_word' id='word_1_346' title='bbox 1175 2360 1370 2403; x_wconf 87' lang='lat' dir='ltr'>praesunt,</span> <span class='ocrx_word' id='word_1_347' title='bbox 1397 2358 1455 2390; x_wconf 87' lang='lat' dir='ltr'>est</span> <span class='ocrx_word' id='word_1_348' title='bbox 1484 2349 1580 2389; x_wconf 88' lang='lat' dir='ltr'>nihil</span> 
     </span>
     <span class='ocr_line' id='line_1_41' title="bbox 193 2404 1581 2458; baseline -0.006 -8"><span class='ocrx_word' id='word_1_349' title='bbox 193 2413 299 2452; x_wconf 77' lang='lat' dir='ltr'>aliud</span> <span class='ocrx_word' id='word_1_350' title='bbox 331 2412 531 2451; x_wconf 73' lang='lat' dir='ltr'>instituere</span> <span class='ocrx_word' id='word_1_351' title='bbox 563 2419 628 2450; x_wconf 89' lang='lat' dir='ltr'>aut</span> <span class='ocrx_word' id='word_1_352' title='bbox 663 2411 804 2449; x_wconf 74' lang='lat' dir='ltr'>docere</span> <span class='ocrx_word' id='word_1_353' title='bbox 839 2408 911 2447; x_wconf 85' lang='lat' dir='ltr'>nisi</span> <span class='ocrx_word' id='word_1_354' title='bbox 946 2409 1054 2458; x_wconf 77' lang='lat' dir='ltr'>quod</span> <span class='ocrx_word' id='word_1_355' title='bbox 1088 2408 1346 2457; x_wconf 76' lang='lat' dir='ltr'>Evangelicae</span> <span class='ocrx_word' id='word_1_356' title='bbox 1380 2404 1581 2444; x_wconf 81' lang='lat' dir='ltr'>doctrinae</span> 
     </span>
     <span class='ocr_line' id='line_1_42' title="bbox 194 2457 1580 2513; baseline -0.009 -7"><span class='ocrx_word' id='word_1_357' title='bbox 194 2466 421 2506; x_wconf 72' lang='lat' dir='ltr'>testimonio</span> <span class='ocrx_word' id='word_1_358' title='bbox 452 2474 487 2505; x_wconf 73' lang='lat' dir='ltr'>ct</span> <span class='ocrx_word' id='word_1_359' title='bbox 518 2467 656 2504; x_wconf 80' lang='lat' dir='ltr'>Sacrae</span> <span class='ocrx_word' id='word_1_360' title='bbox 687 2463 906 2513; x_wconf 79' lang='lat' dir='ltr'>Scripturac</span> <span class='ocrx_word' id='word_1_361' title='bbox 937 2463 1166 2501; x_wconf 83' lang='lat' dir='ltr'>auctoritate</span> <span class='ocrx_word' id='word_1_362' title='bbox 1196 2475 1262 2511; x_wconf 80' lang='lat' dir='ltr'>per</span> <span class='ocrx_word' id='word_1_363' title='bbox 1292 2460 1396 2509; x_wconf 85' lang='lat' dir='ltr'>ipsos</span> <span class='ocrx_word' id='word_1_364' title='bbox 1426 2457 1580 2509; x_wconf 88' lang='lat' dir='ltr'>probari</span> 
     </span>
    </p>
   </div>
   <div class='ocr_carea' id='block_1_7' title="bbox 1684 1486 1703 1558">
    <p class='ocr_par' dir='ltr' id='par_1_8' title="bbox 1684 1486 1703 1558">
     <span class='ocr_line' id='line_1_43' title="bbox 1684 1486 1703 1558; textangle 90"><span class='ocrx_word' id='word_1_365' title='bbox 1684 1486 1703 1558; x_wconf 65' lang='lat'>-’·,⁴</span> 
     </span>
    </p>
   </div>
  </div>
 </body>
</html>
