1715 2780
1 23 11 53 ἰ

94 67 182 105 206
527 63 587 101 IN
618 51 1042 108 ZURICH,1524-5
1413 67 1489 105 447

88 177 239 220 panem,
264 167 328 206 hic
356 165 500 216 accipit
530 166 667 203 Pastor
697 176 841 214 panem
870 175 1050 212 azymum
1081 161 1121 199 in
1155 174 1307 207 manus,
1339 173 1492 209 cumque

91 223 246 273 gratias
273 222 358 272 egit,
377 220 504 271 fregit
529 232 573 257 ac
599 219 709 265 dixit,
742 217 915 267 Accipite,
940 217 1136 254 comedi:te
1166 217 1253 253 Hoc
1279 220 1335 252 est
1360 221 1492 264 corpus

95 290 216 315 meum
253 276 356 326 quod
382 281 459 325 pro
496 274 598 313 vobis
636 273 817 310 traditur.
875 273 962 310 Hoc
985 270 1107 319 facite
1144 263 1199 307 ad
1232 282 1492 307 commemora-

94 332 231 370 tionem
253 343 385 368 meam.
446 327 526 367 Hic
548 326 664 366 simul
677 326 855 386 praebet
875 327 1013 364 Pastor
1042 337 1187 374 panem
1215 323 1401 362 ministris
1423 322 1491 373 qui

94 385 242 424 circum
272 396 451 423 mensam
481 389 595 429 stant,
618 380 685 431 qui
710 380 888 431 protinus
912 393 1002 418 cum
1025 377 1242 418 reverentia
1262 377 1372 416 illum
1393 376 1492 415 acci-

93 439 207 491 piunt
227 446 266 478 et
286 438 386 477 inter
406 451 448 476 se
468 436 650 476 dividunt
677 448 722 474 ac
743 436 970 474 comedunt.
1029 435 1137 472 Dum
1167 432 1323 471 interim
1354 434 1492 470 Pastor

94 493 244 545 pergit:
275 493 474 539 Similzffter
495 496 702 541 postquam
718 489 831 538 facta
846 489 936 548 ficit
956 501 1076 536 coena,
1099 488 1237 538 accepit
1253 492 1290 524 et
1299 487 1491 537 poculum

96 547 178 586 Hic
207 547 324 586 simul
352 545 495 596 accipit
525 546 663 583 Pastor
692 545 880 594 poculum
910 542 950 581 in
981 555 1132 590 manus,
1162 542 1316 591 gratias
1343 542 1419 591 egit
1451 554 1495 578 ac

94 603 208 648 dixit,
239 601 370 640 Bibite
402 613 449 638 ex
478 600 550 638 isto
580 611 713 645 omnes,
745 599 806 636 luc
833 598 936 636 calix
967 610 1105 635 novum
1140 598 1422 635 Testamentum
1451 596 1493 632 in

96 669 174 695 meo
192 656 377 706 sanguine
413 659 476 692 est.
538 653 835 702 Quotiescunque
866 653 972 690 istud
989 651 1147 699 facturi
1175 652 1271 697 estis,
1293 650 1414 699 facite
1442 651 1498 687 ad

97 724 218 749 meam
264 708 659 748 commemorationem.
722 707 1020 756 Quotiescunque
1066 706 1165 744 enim
1202 712 1346 756 panem
1394 704 1497 741 lium

95 765 296 811 comedetis,
319 769 356 801 et
371 764 414 800 de
424 764 560 812 poculo
580 762 652 800 isto
674 761 812 808 bibetis
837 766 991 798 mortem
1022 760 1192 798 Domini
1207 759 1491 809 praedicabitis,

97 819 314 865 laudabitis,
337 823 375 855 et
385 817 539 867 gratias
558 816 685 865 agetis,
709 791 915 875 usquedum
936 815 1076 854 veniat.

152 875 248 911 Post
276 873 374 910 haec
385 847 683 909 <bcircumferunt
713 868 879 907 ministri
907 882 1087 919 azymum
1112 881 1255 919 panem
1286 874 1324 906 et
1353 865 1495 917 accipit

98 926 266 977 quisque
304 939 375 965 sua
412 938 532 963 manu
571 923 803 974 particulam
841 924 891 962 de
930 923 1105 962 exhibito
1140 936 1252 982 pane
1281 929 1319 960 et
1357 929 1495 972 postea

97 980 288 1032 reliquam
318 987 469 1031 partem
502 979 665 1029 praebet
696 977 874 1038 proximo
906 991 989 1016 suo.
1050 979 1101 1016 Et
1133 976 1165 1015 si
1188 976 1275 1036 quis
1305 990 1386 1014 non
1414 977 1496 1014 vult

97 1049 242 1095 panem
271 1048 342 1073 sua
371 1047 491 1072 manu
519 1039 772 1079 contrectare,
796 1031 873 1070 iam
904 1031 1181 1070 circumferens
1212 1030 1388 1069 minister
1412 1044 1497 1080 por—

97 1089 184 1140 rigit
204 1089 250 1128 ei.
311 1088 470 1127 Deinde
498 1094 716 1137 sequuntur
742 1085 908 1124 ministri
931 1099 1022 1125 cum
1044 1085 1257 1124 crateribus
1276 1092 1314 1123 et
1335 1085 1498 1134 praebet

97 1143 196 1182 alius
225 1142 291 1181 alii
320 1143 509 1193 poculum
541 1140 810 1180 Dominicum.
871 1142 933 1179 Ne
962 1140 1170 1179 abhorreat
1208 1146 1275 1177 tua
1305 1138 1496 1177 Maiestas

98 1198 149 1236 ab
179 1197 254 1236 isto
282 1195 505 1247 accipiendi
534 1194 829 1246 praebendique
860 1208 980 1242 more,
1003 1208 1095 1233 nam
1119 1194 1410 1244 deprehensum
1438 1199 1496 1231 est

99 1264 385 1302 saepenumero
406 1251 514 1301 quod
535 1249 696 1309 quidam
719 1262 787 1299 qm
813 1256 961 1288 temere
986 1249 1259 1295 consederant,
1276 1260 1342 1297 qul
1363 1254 1496 1285 tamen

100 1305 320 1344 simultates
348 1318 394 1344 ac
424 1303 516 1364 odia
544 1303 650 1354 prius
681 1302 782 1342 inter
802 1316 843 1341 se
873 1302 1148 1350 exercuissent,
1171 1315 1218 1341 ex
1242 1303 1316 1339 hac
1346 1300 1496 1352 partici—

100 1359 261 1411 patione
281 1359 362 1398 sive
382 1357 494 1409 panis
515 1359 596 1397 sive
617 1364 733 1408 potus
753 1356 875 1396 animi
895 1356 1170 1417 impotentiam
1191 1357 1472 1407 deposuerunt.

156 1415 305 1453 Iterum
325 1412 418 1462 legit
438 1414 488 1452 de
509 1419 692 1463 suggesto
711 1411 810 1450 alius
832 1411 1008 1450 minister
1028 1425 1074 1450 ex
1096 1410 1313 1461 Evangelio
1335 1409 1497 1448 Ioannis

100 1469 373 1519 aliquousque‚
395 1468 493 1506 dum
522 1468 650 1506 editur
685 1480 730 1504 ac
764 1465 912 1505 bibitur
939 1473 1229 1504 sacramentum
1256 1463 1430 1514 corporis
1460 1471 1499 1502 et

101 1523 301 1573 sanguinis
324 1520 500 1569 Domini,
522 1520 659 1571 incipit
680 1527 813 1559 autem
833 1533 855 1558 a
877 1519 1094 1559 tredecimo
1114 1519 1254 1570 capite.
1313 1520 1499 1568 Cumque

101 1584 268 1615 crateres
289 1589 428 1616 omnes
450 1582 541 1614 sunt
556 1574 755 1625 reportati,
772 1582 866 1612 tunc
887 1573 942 1612 sic
963 1573 1049 1612 infit
1071 1575 1229 1612 Pastor:
1260 1573 1499 1611 Procumbite

102 1632 292 1680 ingenua.
351 1631 456 1669 Nam
477 1630 660 1668 sedentes
682 1636 719 1667 et
744 1628 861 1667 tacite
890 1629 1157 1667 auscultantes
1180 1628 1302 1666 verbo
1333 1625 1498 1664 Domini

101 1684 256 1724 edimus
294 1691 333 1723 ct
369 1683 543 1722 bibimus
582 1684 743 1723 Coenae
782 1690 1082 1721 sacramentum.
1142 1683 1326 1731 Cumque
1360 1693 1499 1719 omnes

102 1738 370 1790 procumbunt
391 1737 486 1784 infit,
509 1737 683 1787 inquam,
704 1737 840 1775 Pastor
860 1753 866 1775 ;

157 1793 335 1831 Laudate
363 1792 483 1842 pueri
516 1792 745 1838 Dominum,
780 1792 957 1829 Laudate
1001 1804 1132 1829 nomen
1171 1790 1349 1828 Domini.
1409 1789 1499 1827 Dia-

104 1860 255 1886 conus:
287 1847 351 1885 Sit
377 1859 509 1884 nomen
529 1847 699 1884 Domini
722 1846 950 1883 benedictum
976 1858 1027 1883 ex
1048 1845 1115 1883 lioc
1133 1858 1234 1882 nunc
1256 1849 1292 1881 et
1316 1856 1429 1893 usque
1456 1844 1496 1881 in

103 1903 305 1940 saeculum.
363 1899 704 1951 Hypodiaconus:
736 1901 774 1938 A
795 1900 884 1938 solis
903 1905 990 1937 ortu
1012 1912 1126 1948 usque
1145 1900 1198 1936 ad
1222 1911 1400 1945 occasum,
1424 1905 1498 1936 etc.

105 1956 157 1994 Et
188 1954 243 1994 516
269 1954 409 1994 iterum
435 1953 594 1993 alternis
623 1953 774 1992 vicibus
799 1953 941 1992 finiunt
975 1952 1140 1992 ministri
1167 1954 1273 1991 hunc
1303 1953 1498 2002 psalmum

106 2007 248 2062 [cxiii]‚
267 2022 386 2059 quern
412 2008 589 2047 Hebraei
616 2007 825 2058 perhibent
850 2021 873 2047 a
900 2007 1114 2047 maioribus
1142 2007 1221 2047 suis
1241 2006 1320 2046 dici
1341 2007 1499 2045 solitum

103 2078 127 2102 a
148 2076 296 2102 mensa.

160 2120 255 2156 Post
274 2117 348 2156 ista
361 2117 591 2156 adhortatur
612 2118 748 2155 Pastor
769 2115 975 2155 ecclesiam
995 2115 1055 2154 his
1076 2116 1204 2155 verbis
1223 2131 1228 2153 :

160 2173 350 2210 Mentores
394 2172 488 2218 sitis,
517 2172 670 2220 fratres
715 2172 914 2217 carissimi,
962 2171 1147 2220 quidnam
1190 2171 1303 2207 iuxta
1356 2171 1389 2208 C
1389 2170 1501 2206 liristi

108 2226 252 2264 iussum
290 2227 369 2264 iam
402 2226 523 2264 simul
551 2226 784 2274 gesserimus.
849 2227 889 2263 T
883 2225 995 2263 estati
1024 2237 1154 2262 sumus
1187 2226 1286 2261 euim
1318 2225 1392 2261 ista
1411 2237 1500 2272 gra-

108 2280 251 2317 tiarum
277 2281 418 2318 actione
437 2293 553 2329 quam
578 2293 629 2317 ex
636 2280 720 2328 fide
742 2280 970 2330 peregimus,
995 2292 1060 2316 nos
1080 2279 1233 2316 miseros
1251 2278 1400 2327 quz'dem
1429 2290 1502 2314 esse

98 2339 308 2383 peccatores
335 2335 401 2372 sed
436 2334 638 2372 mmzdatos
665 2340 816 2383 corpore
843 2339 879 2371 et
905 2334 1090 2383 sanguine
1124 2332 1275 2370 Cliristi
1308 2344 1404 2380 quae
1424 2338 1501 2380 pro

111 2388 215 2425 nobis
244 2389 409 2425 tradidit
434 2393 470 2425 et
493 2388 635 2436 ffedit,
665 2389 731 2425 sed
755 2393 792 2425 et
818 2389 1022 2437 redemptos
1051 2401 1074 2423 a
1110 2391 1225 2423 morte
1261 2386 1500 2435 sempiterna.

115 2442 263 2479 Testati
295 2454 424 2480 sumus
463 2454 528 2479 nos
553 2442 707 2489 fratres
744 2455 843 2480 esse:
884 2443 927 2479 id
962 2454 1046 2489 ergo
1065 2446 1302 2489 praestemus
1329 2440 1497 2486 caritate,
