1715 2780
174 101 249 140 280
441 100 560 136 THE
592 98 729 136 DIET
758 97 831 136 OF
858 97 1178 144 AUGSBURG,
1213 108 1313 146 1530
1502 98 1564 135 116

172 216 253 242 non
287 209 442 241 tantum
474 201 661 240 iustitiam
683 200 822 240 mereri
853 214 986 240 coram
1012 201 1213 261 Deossed
1238 201 1406 251 amplius
1433 202 1566 250 etiam,

172 256 264 307 quia
284 262 453 295 servaret
472 269 554 294 non
574 256 697 295 modo
707 261 922 306 praecepta,
945 256 1016 294 sed
1036 254 1153 293 etiarn
1167 255 1322 294 conszlia
1342 256 1565 305 evangelica.

229 322 261 359 7.
295 312 357 349 Ita
376 310 667 360 persuadebant
688 309 948 348 monasticam
981 307 1268 359 professionem
1293 309 1411 369 longe
1431 309 1565 348 melio-

171 378 253 403 rem
298 377 384 404 esse
427 363 636 414 baptismo,
677 363 798 402 vitam
842 362 1101 401 monasticam
1140 363 1227 412 plus
1267 362 1407 402 mereri
1444 376 1563 413 quam

173 419 292 456 vitam
314 419 622 468 magistratuum,
645 417 765 455 vitam
786 424 987 466 pastorum
1008 424 1046 455 et
1073 416 1272 464 similium,
1293 416 1361 466 qui
1389 415 1430 454 in
1459 430 1565 455 man-

172 471 273 511 datis
307 449 402 510 Deio
419 471 503 510 sine
535 448 690 509 factitiis
724 470 978 521 religionibus
1010 484 1104 509 suae
1142 469 1340 509 vocationi
1378 470 1561 509 serviunt.

172 525 283 565 Nihil
303 526 443 564 horum
464 524 597 575 negari
617 532 746 574 potest
762 539 771 572 ;
801 532 954 563 exstant
974 524 1080 563 enirn
1100 524 1140 562 in
1161 523 1269 562 libris
1289 537 1437 563 eorum.

227 582 261 617 8.
295 580 404 628 Quid
427 578 546 617 fiebat
573 587 709 629 postea
736 580 775 616 in
800 578 1079 618 monasteriis?
1135 577 1242 618 Olim
1272 586 1381 617 erant
1405 578 1564 616 scholae

172 647 366 672 sacrarum
394 633 590 672 literarum
615 640 653 671 et
682 632 844 671 aliarum
869 632 1176 682 disciplinarum,
1199 645 1300 681 quae
1329 639 1420 671 sunt
1449 631 1563 670 utiles

173 687 372 733 ecclesiae,
395 694 434 725 et
454 686 710 726 sumebantur
734 686 827 725 inde
847 694 1023 736 pastores
1044 693 1082 725 et
1102 685 1290 736 episcopi.
1350 687 1388 724 N
1391 699 1469 724 une
1487 685 1564 724 alia

171 755 229 781 res
250 749 307 780 est
322 756 332 789 3
360 740 457 778 nihil
485 753 584 791 opus
614 748 672 779 est
702 740 863 779 recitare
887 748 994 780 nota.
1053 754 1086 789 9.
1119 739 1225 779 Olim
1253 740 1304 778 ad
1328 740 1562 778 discendum

171 795 483 834 conveniebant:
524 808 629 833 nunc
663 796 816 844 fingunt
847 794 1069 832 institutum
1104 807 1190 832 esse
1223 793 1325 832 vitae
1355 806 1479 844 genus
1512 794 1563 832 ad

170 850 473 899 promerendam
493 848 656 898 gratiam
678 856 715 887 et
732 847 919 886 iustitiam
935 863 944 896 3
973 848 1054 886 imo
1067 848 1296 898 praedicant
1312 861 1397 886 esse
1418 854 1563 886 statum

172 902 433 953 perfectionis,
456 910 493 941 et
517 904 633 953 longe
660 903 882 953 praeferunt
906 902 1092 941 omnibus
1118 901 1203 940 aliis
1232 903 1334 941 vitae
1353 901 1563 952 generibus

170 971 192 996 a
214 960 303 996 Deo
324 956 522 996 ordinatis.

230 1025 288 1049 10.
320 1013 436 1049 Haec
473 1010 565 1049 ideo
602 1011 850 1049 recitavimus
889 1009 985 1048 nihil
1019 1009 1157 1049 odiose
1195 1016 1481 1060 exaggerantes,
1521 1016 1564 1047 ut

172 1065 310 1103 melius
330 1064 493 1114 intelligi
513 1072 646 1124 posset
667 1066 717 1103 de
737 1066 811 1102 hac
831 1077 871 1102 re
892 1063 1072 1102 doctrina
1091 1070 1326 1102 nostrorum.
1384 1064 1564 1102 Primum

171 1120 221 1157 de
242 1118 302 1156 his
323 1120 390 1168 qui
414 1118 664 1156 matrimonia
688 1119 937 1164 contrahunt,
959 1118 1015 1156 sic
1039 1119 1184 1156 docent
1212 1118 1318 1168 apud
1346 1130 1431 1164 nos,
1454 1117 1563 1167 quod

170 1172 285 1211 liceat
306 1172 504 1219 omnibus,
522 1172 589 1231 qui
609 1186 691 1211 non
712 1179 802 1210 sunt
822 1171 956 1210 idonei
984 1173 1036 1210 ad
1062 1171 1310 1218 caelibatum,
1333 1172 1564 1209 contrahere

172 1226 476 1273 matrimonium,
499 1225 592 1275 quia
611 1234 702 1264 vota
721 1239 803 1263 non
823 1233 989 1275 possunt
1016 1225 1305 1264 ordinationem
1331 1238 1378 1263 ac
1404 1226 1564 1263 manda-

171 1288 253 1318 tum
277 1280 353 1318 Dei
373 1281 522 1318 tollere.
584 1294 641 1318 11.
674 1281 745 1318 Est
765 1287 897 1318 autem
918 1281 995 1318 hoc
1015 1280 1247 1318 mandatum
1269 1278 1371 1317 Dei:
1399 1280 1567 1329 Propter

158 1334 456 1381 fornicationem
482 1334 622 1371 habeat
645 1334 901 1382 unusqm'sque
927 1347 1082 1370 uxorem
1108 1346 1229 1371 suam.
1289 1333 1431 1382 Neque
1457 1345 1564 1370 man-

171 1388 307 1426 datum
329 1389 467 1434 solum,
495 1388 565 1425 sed
590 1386 706 1425 etiam
734 1387 880 1425 creatio
901 1394 939 1425 et
965 1386 1160 1425 ordinatio
1190 1387 1265 1425 Dei
1293 1388 1397 1436 cogit
1420 1387 1492 1424 hos
1511 1386 1562 1424 ad

170 1440 396 1490 coniugium
418 1442 484 1490 qui
506 1442 589 1479 sine
610 1440 791 1490 singulari
814 1440 889 1478 Dei
911 1453 1028 1490 opere
1053 1453 1135 1478 non
1158 1448 1249 1479 sunt
1273 1438 1436 1489 excepti,
1457 1439 1563 1478 iuxta

171 1496 290 1533 illud:
337 1496 430 1533 Non
469 1500 523 1532 est
556 1496 693 1531 bonum
731 1495 880 1532 homini
913 1507 986 1532 esse
1023 1495 1156 1532 solum.
1229 1507 1286 1532 12.
1320 1493 1444 1543 Igitur
1480 1506 1563 1531 non

170 1555 335 1598 peccant
356 1548 418 1586 isti
440 1550 505 1598 qui
527 1548 803 1597 obtemperant
824 1547 915 1586 huic
937 1548 1124 1586 mandato
1145 1555 1183 1586 et
1207 1546 1445 1586 ordinationi
1472 1546 1562 1585 Dei.

171 1602 280 1651 Quid
310 1609 440 1652 potest
470 1609 607 1640 contra
636 1603 733 1640 haec
761 1601 942 1651 opponi?
999 1603 1215 1652 Exaggeret
1248 1600 1388 1651 aliquis
1419 1600 1563 1650 obliga-

169 1658 319 1694 tionem
358 1655 438 1694 voti
473 1663 664 1705 quantum
704 1657 818 1703 volet,
860 1663 992 1693 tamen
1031 1669 1110 1694 non
1151 1656 1293 1705 poterit
1333 1655 1485 1693 efficere
1519 1663 1561 1693 ut

169 1717 303 1748 votum
325 1711 434 1748 tollat
454 1710 685 1748 mandatum
709 1709 794 1747 Dei.

228 1777 286 1813 13.
330 1763 516 1803 Canones
555 1765 701 1802 docent
730 1764 770 1800 in
809 1762 918 1801 omni
956 1770 1049 1801 voto
1087 1763 1147 1800 ius
1186 1761 1394 1812 superioris
1425 1760 1562 1811 excipi.

172 1818 303 1865 Quare
324 1818 449 1855 multo
470 1816 600 1855 minus
621 1818 718 1855 haec
739 1824 828 1854 vota
849 1824 986 1854 contra
1006 1817 1194 1855 mandata
1215 1817 1291 1854 Dei
1312 1817 1453 1854 valent.

226 1884 285 1917 14.
326 1870 481 1919 Quodsi
515 1870 703 1920 obligatio
742 1879 922 1909 votorum
962 1872 1087 1908 nullas
1126 1870 1288 1908 haberet
1326 1882 1464 1907 causas
1493 1881 1562 1906 cur

170 1923 310 1962 mutari
336 1923 480 1973 possit:
512 1937 585 1961 nec
612 1925 783 1961 Romani
815 1923 1026 1962 Pontifices
1057 1923 1359 1973 dispensassent.
1419 1924 1560 1972 Neque

169 1977 274 2016 enim
295 1977 385 2015 licet
402 1978 553 2014 homini
574 1977 854 2026 obligationem
877 1990 978 2026 quae
999 1976 1225 2026 simpliciter
1245 1984 1303 2014 est
1323 1975 1417 2014 iuris
1437 1975 1559 2014 divini

168 2032 398 2069 rescindere.
459 2031 536 2068 Sed
575 2032 787 2080 prudenter
825 2030 1095 2068 iudicaverunt
1135 2029 1307 2067 Romani
1346 2029 1559 2068 Pontifices

168 2085 406 2134 aequitatem
446 2083 484 2121 in
525 2085 597 2121 hac
632 2084 872 2133 obligatione
909 2083 1178 2122 adhibendam
1209 2095 1305 2122 esse.
1369 2095 1427 2133 15.
1460 2084 1559 2121 Ideo

169 2151 285 2188 saepe
306 2139 356 2176 de
376 2136 476 2175 votis
497 2137 745 2186 dispensasse
766 2138 956 2187 leguntur.
1016 2139 1122 2175 Nota
1142 2144 1200 2175 est
1220 2136 1381 2175 historia
1401 2137 1450 2175 de
1471 2149 1559 2186 rege

169 2194 427 2241 Arragonum,
450 2199 632 2229 revocato
649 2204 693 2227 ex
715 2191 952 2228 monasterio
973 2205 979 2226 :
1010 2198 1047 2228 et
1068 2197 1220 2228 exstant
1241 2191 1419 2240 exempla
1436 2189 1558 2228 nostri

168 2245 368 2295 temporis.

228 2302 284 2337 16.
316 2300 480 2346 Deinde,
526 2311 592 2336 cur
634 2296 914 2346 obligationem
959 2305 1189 2347 exaggerant
1233 2297 1441 2336 adversarii
1489 2309 1557 2335 seu

169 2354 351 2392 effectum
373 2352 465 2399 voti,
489 2364 610 2402 quum
633 2350 787 2389 interim
812 2352 862 2389 de
886 2351 968 2400 ipsa
998 2352 1077 2389 voti
1104 2360 1242 2389 natura
1269 2351 1419 2398 sileant,
1449 2351 1558 2400 quod

169 2407 288 2445 debet
327 2419 412 2444 esse
451 2406 490 2443 in
533 2419 572 2444 re
617 2404 803 2454 possibili,
846 2406 954 2454 quod
993 2405 1112 2443 debet
1157 2417 1242 2443 esse
1281 2403 1555 2451 voluntarium,

169 2468 309 2509 sponte
331 2467 367 2498 et
395 2461 576 2497 consulto
601 2461 870 2507 conceptum?
913 2460 964 2496 At
989 2459 1193 2507 quomodo
1221 2458 1267 2496 sit
1297 2457 1336 2495 in
1364 2463 1557 2507 potestate

169 2513 338 2552 hominis
360 2522 546 2563 perpetua
567 2514 722 2550 castitas
744 2525 824 2550 non
846 2519 902 2550 est
927 2512 1115 2560 ignotum.
1176 2513 1226 2550 Et
1243 2510 1555 2561 quotusquisque
