1715 2780
106 52 162 90 26
270 51 392 89 THE
431 48 821 88 DrsPUTATION
861 48 934 84 AT
976 44 1210 90 LEIPZIG,
1248 56 1347 93 1519
1460 55 1509 90 49

109 168 228 195 causa
261 161 320 194 est
353 154 463 205 quod
497 153 593 192 dum
628 152 803 201 disputat
837 156 896 189 tot
928 156 1170 200 argumenta,
1202 154 1260 186 tot
1291 146 1514 196 Scripturae

109 209 345 256 testimonia,
377 216 435 247 tot
463 214 669 246 auctorum
695 205 811 252 dicta,
843 204 940 243 citra
967 204 1091 241 ullum
1122 201 1287 241 omnino
1314 202 1513 239 delectum

110 263 297 314 congerit,
332 262 489 302 interim
527 274 607 299 non
641 261 850 298 advertens
881 271 1001 309 quam
1035 258 1223 308 pleraque
1254 255 1331 294 sint
1364 253 1515 304 frigida,

111 332 231 369 quarn
248 317 327 357 suis
347 318 443 355 locis
464 323 568 355 recte
589 315 799 361 intellecta,
821 314 872 352 ad
892 325 1077 363 praesens
1098 310 1195 349 nihil
1216 309 1371 356 faciant,
1395 321 1515 358 quam

111 374 286 423 denique
316 371 393 411 sint
421 372 483 410 vel
512 371 711 420 ἀπόκρυφα
730 369 791 407 vel
820 366 1046 418 sophistica.
1106 367 1199 403 Hoc
1229 363 1336 403 enim
1363 369 1517 401 tantum

111 434 220 466 curat
258 433 301 464 ut
339 426 543 476 copiosam
582 422 814 474 farraginem
853 434 1051 472 spargens,
1090 418 1337 458 auditoribus
1377 429 1520 467 magna

113 495 160 520 ex
189 487 298 531 parte
327 479 494 530 stupidis
524 479 659 517 fucum
690 478 816 523 faciat,
849 484 887 515 et
916 474 1101 514 victoriae
1131 472 1361 524 opinionem
1397 472 1447 510 de
1478 482 1520 508 se

113 535 309 587 praebeat.
367 535 486 572 Adde
513 532 572 571 his
599 531 873 571 incredibilem
899 531 1119 577 audaciam,
1146 541 1265 578 quam
1296 524 1519 565 admirabili

113 589 209 640 tegit
224 587 391 627 vafricie.
430 586 601 634 Etenim,
620 586 652 625 si
672 586 835 637 quando
856 597 923 635 per
943 585 1046 622 hanc
1066 584 1106 621 in
1126 580 1337 621 adversarii
1356 582 1520 630 laqueos

115 643 302 682 incidisse
323 656 365 681 se
385 641 514 689 sentit,
537 640 847 691 disputationem
868 638 1057 689 paulatim
1078 637 1157 676 alio
1176 635 1362 675 deflectit.
1414 636 1522 672 Non-

116 711 321 748 nunquam
342 710 434 735 vero
455 703 493 735 et
518 694 727 734 adversarii
755 693 992 732 sententiam
1022 691 1107 730 aliis
1136 690 1263 729 verbis
1284 696 1520 739 conceptam

116 766 187 803 pro
200 765 270 791 sua
282 753 537 801 amplectens,
556 750 768 788 absurdam
782 761 894 786 suam
908 747 948 785 in
960 745 1225 785 adversarium
1241 742 1408 782 mirabili
1423 741 1526 781 calli-

117 806 240 846 ditate
256 807 477 856 detorquet,
499 812 542 843 ut
563 804 742 854 quemvis
763 804 966 842 Socratem
987 801 1143 839 vincere
1163 798 1285 838 videri
1306 804 1439 849 posset
1461 827 1467 835 .
1489 826 1496 835 .
1515 826 1522 834 .

149 938 240 982 No.
273 947 340 992 27.
402 939 557 981 From
587 936 673 980 the
705 935 926 979 Minutes
959 933 1017 977 of
1037 934 1125 977 the
1156 930 1493 986 Disputation.

541 1012 666 1057 [Hora
693 1021 714 1046 2
741 1010 802 1046 die
830 1018 846 1055 5
875 1009 972 1055 Julii,
1002 1008 1106 1055 1519]

723 1070 930 1108 Lutherus.

179 1136 338 1177 Obiecit
373 1135 548 1187 egregius
586 1137 634 1173 D.
675 1137 826 1174 Doctor
860 1134 900 1172 in
936 1135 1025 1180 fine,
1056 1132 1242 1170 articulos
1274 1130 1460 1168 Wickleff
1490 1136 1528 1167 et

127 1192 318 1231 Iohannis
334 1192 444 1229 Huss
458 1192 679 1237 damnatos,
689 1197 727 1228 et
742 1188 993 1228 Bonifacium
1007 1188 1281 1226 damnatorem
1296 1184 1527 1223 eorundem.

128 1246 383 1296 Respondeo,
397 1244 498 1283 sicut
513 1245 634 1294 prius,
648 1257 710 1282 me
727 1257 808 1281 non
825 1244 924 1281 velle
944 1255 1018 1280 nec
1040 1254 1155 1292 posse
1171 1240 1387 1279 defendere
1404 1239 1531 1276 Bohe-

128 1313 283 1339 morum
310 1298 492 1346 schisma,
517 1300 587 1337 sed
608 1299 802 1337 Graecam
825 1296 1047 1335 Ecclesiam
1070 1295 1175 1333 mille
1201 1302 1238 1333 et
1265 1292 1529 1343 quadringen-

127 1363 257 1394 torum
287 1367 494 1400 annorum,
521 1352 602 1392 sive
629 1366 720 1391 cum
748 1365 795 1391 ea
822 1350 1015 1390 senserint
1041 1348 1224 1397 Bohemi,
1248 1347 1347 1386 nihil
1374 1348 1426 1385 ad
1452 1359 1528 1393 me,

128 1416 279 1448 certum
309 1408 439 1447 habeo
466 1408 575 1458 quod
605 1420 679 1446 nec
706 1409 822 1445 Rom.
840 1404 1022 1444 Pontifex
1042 1417 1116 1443 nec
1137 1416 1276 1442 omnes
1297 1401 1381 1440 eius
1401 1401 1533 1440 adula-

133 1470 237 1503 tores
257 1461 409 1513 possint
430 1469 584 1500 tantum
610 1474 820 1500 numerum
849 1467 1074 1499 sanctorum
1101 1458 1174 1497 sub
1196 1463 1391 1508 potestate
1414 1457 1532 1493 Rom.

133 1516 335 1557 Pontificis
356 1529 562 1566 nunquam
583 1515 784 1566 agentium
805 1516 856 1554 de
872 1515 986 1553 coelo
1006 1513 1228 1552 deturbare.

187 1571 385 1618 Secundo,
408 1578 446 1609 et
473 1571 549 1609 hoc
576 1577 726 1609 certum
757 1577 830 1617 est,
858 1570 959 1607 inter
987 1567 1171 1607 articulos
1203 1565 1395 1605 Iohannis
1424 1564 1534 1602 Huss

135 1627 196 1665 vel
226 1626 497 1664 Bohemorum
528 1625 674 1663 multos
704 1637 790 1663 esse
819 1625 937 1674 plane
964 1620 1322 1662 Christianissimos
1353 1626 1391 1657 et
1422 1631 1535 1656 evan-

134 1679 292 1731 gelicos,
325 1691 425 1729 quos
455 1691 536 1717 non
571 1678 694 1729 possit
729 1677 957 1716 universalis
988 1675 1167 1715 Ecclesia
1197 1676 1399 1720 damnare,
1431 1673 1537 1710 velut

136 1741 194 1773 est
218 1733 283 1772 ille
303 1740 341 1772 et
362 1733 509 1780 similis,
535 1733 680 1782 ‘Quod
707 1739 861 1770 tantum
889 1738 947 1770 est
977 1744 1056 1769 una
1078 1728 1257 1768 Ecclesia
1283 1725 1537 1766 universalis.'

138 1789 253 1827 Haec
291 1787 398 1826 enirn
435 1786 644 1837 agentibus
692 1785 933 1836 impiissimis
977 1783 1248 1824 adulatoribus
1296 1781 1431 1831 inique
1480 1787 1539 1818 est

138 1843 336 1889 damnata,
359 1855 450 1880 cum
478 1848 561 1880 oret
583 1840 814 1879 universitas
840 1838 1043 1878 Ecclesiae
1063 1854 1068 1876 :
1102 1841 1110 1857 ‘
1125 1838 1257 1878 Credo
1284 1835 1324 1874 in
1349 1834 1538 1885 Spiritum

139 1904 331 1942 sanctum,
368 1903 544 1934 sanctam
576 1894 795 1934 Ecclesiam
827 1893 1075 1940 catholicam,
1107 1899 1334 1930 sanctorum
1364 1901 1541 1928 commu-

140 1950 327 1989 nionem.'
385 1951 508 1988 Hunc
541 1948 833 1988 nobilissimum
864 1948 1072 1987 articulum
1104 1947 1196 1985 fidei
1228 1945 1329 1983 inter
1356 1943 1541 1982 articulos

142 2003 333 2043 Iohannis
355 2005 466 2042 Huss
486 2012 707 2042 numerant.

197 2058 356 2097 Deinde
376 2057 440 2096 ille
459 2059 569 2096 ‘Non
585 2065 643 2096 est
663 2059 712 2096 de
734 2056 967 2096 necessitate
988 2055 1122 2095 salutis
1142 2055 1302 2094 credere
1318 2054 1542 2091 Romanam

145 2112 366 2151 Ecclesiam
393 2125 479 2151 esse
505 2111 589 2150 aliis
619 2111 861 2162 superiorem
878 2113 896 2158 ',
921 2111 1001 2149 sive
1022 2110 1070 2149 sit
1091 2109 1283 2154 Wickleff,
1315 2107 1395 2145 sive
1419 2107 1541 2150 Huss,

145 2180 228 2205 non
265 2179 371 2205 curo.
430 2165 521 2205 Scio
561 2167 670 2216 quod
710 2165 845 2204 salvati
884 2172 975 2203 sunt
1014 2163 1227 2214 Gregorius
1258 2160 1542 2203 Nazianzenus,

149 2219 315 2259 Basilius
346 2221 530 2271 Magnus,
562 2219 820 2270 Epiphanius,
845 2219 1065 2269 Cyprianus
1085 2226 1123 2256 et
1148 2214 1455 2256 innumerabiles
1482 2211 1545 2250 alii

147 2275 337 2313 Graeciae
371 2273 557 2324 episcopi,
592 2281 630 2313 et
661 2282 795 2312 tamen
829 2275 935 2311 hunc
968 2273 1175 2311 articulum
1206 2284 1287 2309 non
1322 2274 1544 2308 tenuerunt.

150 2329 236 2367 Nec
265 2336 323 2367 est
351 2328 392 2366 in
423 2335 616 2379 potestate
647 2330 764 2366 Rom.
798 2327 1012 2373 Pontificis,
1045 2334 1112 2365 aut
1143 2324 1428 2375 Inquisitorum
1460 2322 1548 2358 hae-

151 2381 293 2421 reticae
319 2382 529 2432 pravitatis,
555 2395 680 2420 novos
707 2383 879 2421 condere
899 2381 1083 2420 articulos
1105 2379 1209 2426 fidei,
1236 2379 1306 2416 sed
1326 2375 1546 2415 secundum

152 2435 334 2474 conditos
368 2436 552 2475 iudicare.
612 2438 697 2475 Nec
728 2444 857 2486 potest
887 2435 1013 2474 fidelis
1046 2433 1292 2474 Christianus
1328 2429 1414 2478 cogi
1450 2429 1549 2465 ultra

207 2516 273 2548 944
838 2513 860 2538 E
