1715 2780
126 122 195 162 174
373 112 795 152 REFORMATION
828 112 889 150 IN
921 104 1153 159 ZURICH‚
1192 124 1288 162 1522
1456 125 1531 162 393

125 216 258 267 aliqua
290 215 454 255 scientia
491 214 655 266 praediti
699 214 802 263 estis,
840 221 881 253 ut
923 214 1048 253 sicubi
1086 228 1147 253 me
1181 215 1287 253 illam
1323 216 1532 255 violentius

126 271 285 309 torsisse
306 278 344 309 et
358 284 486 309 avero
500 269 753 320 genuinoque
774 269 875 308 illius
897 282 1014 308 sensu
1039 269 1246 308 recessisse
1266 269 1449 318 videritis,
1469 284 1533 309 me

125 325 265 364 erroris
295 324 373 364 mei
401 338 533 364 coram
560 325 622 363 vel
650 324 803 374 scriptis
835 337 996 374 arguere
1027 337 1108 362 non
1137 323 1419 373 dedignemini,
1447 332 1485 363 et
1510 339 1533 363 a

126 378 381 418 calumniosis
415 378 489 417 illis
527 377 715 417 conviciis
749 377 893 428 quibus
932 379 1178 428 ignorantem
1213 379 1326 416 multi
1360 378 1532 428 proscin-

127 435 220 472 dere
240 435 380 481 solent,
402 446 559 484 prorsus
582 432 836 481 abstineatis,
865 446 988 483 quum
1013 433 1111 471 haec
1131 431 1213 471 viro
1239 432 1359 480 bono,
1382 434 1531 472 nedum

126 500 216 526 vere
233 487 458 527 Christiano
478 495 516 526 et
536 487 655 535 fideli,
672 487 832 537 indigna
847 487 935 526 sint.
978 488 1253 537 Quaecunque
1269 486 1374 525 enim
1391 487 1532 526 veteris

126 541 299 592 novique
336 541 583 581 Testamenti
620 541 851 580 auctoritate
891 540 1141 591 comprobari
1180 548 1357 591 possunt,
1390 542 1531 580 lubens

125 597 343 646 volensque
381 595 579 646 recipiam.
650 597 869 646 Sequentes
902 609 993 634 vero
1025 595 1300 634 conclusiones
1344 608 1424 634 non
1460 610 1530 646 pro

126 652 293 700 receptis
326 651 517 688 affirmare
552 651 621 688 sed
652 650 803 700 aliquot
846 650 1131 700 Scripturarum
1167 649 1403 688 testimoniis
1446 663 1531 700 pro-

126 704 236 743 batas
271 705 326 743 sic
363 717 584 755 proponere
613 704 737 751 libuit,
769 711 811 743 ut
845 704 971 755 quivis
1004 703 1179 743 fidelium
1214 703 1335 743 libere
1364 705 1415 743 de
1448 704 1530 743 istis

126 758 299 798 iudicare
328 766 367 798 et
396 758 650 809 pronuntiare
679 760 813 809 possit.

180 811 425 866 [Sequuntur
438 814 716 863 proposztiones
734 814 812 860 xvi,
835 814 970 862 qmlms
998 813 1223 862 disputatur
1248 826 1299 850 cm
1329 826 1530 862 qumquam

124 868 321 906 hommum
350 868 516 906 ethorum
544 869 786 917 quorundam
816 881 918 905 esum
948 868 1167 906 zbzterdicem
1179 866 1342 926 possm]

182 920 360 972 Diligens
385 935 476 972 ergo
501 923 680 960 omnium
710 922 850 960 horum
882 921 1147 960 consideratio
1177 935 1217 958 m
1244 934 1330 960 eam
1359 934 1422 960 me
1447 934 1530 961 sen-

125 975 287 1014 tentiam
312 976 486 1024 abduxit,
515 982 558 1014 ut
587 983 694 1014 certo
719 977 920 1015 crederem
949 975 1168 1026 spirituales
1190 975 1288 1023 illos,
1311 983 1353 1014 ut
1374 983 1529 1023 vocant,

125 1031 314 1069 ecclesiae
334 1043 515 1080 proceres
536 1044 617 1068 non
645 1031 766 1069 modo
794 1029 903 1068 omni
930 1038 1125 1080 potestate
1148 1037 1186 1068 et
1213 1030 1307 1078 iure,
1330 1043 1410 1080 quo
1431 1032 1529 1068 haec

125 1085 186 1123 vel
207 1084 280 1122 alia
296 1084 411 1123 huius
426 1085 580 1135 generis
605 1083 858 1134 praecipiant,
877 1084 1037 1123 destitui
1057 1099 1065 1131 3
1095 1097 1229 1122 verum
1251 1085 1369 1123 etiam
1390 1084 1530 1134 gravis-

125 1139 223 1177 sime
243 1152 407 1189 peccare
437 1138 467 1177 si
488 1140 650 1189 quando
682 1138 773 1177 talia
802 1138 1026 1188 praecipere
1050 1138 1090 1175 in
1117 1138 1295 1176 animum
1326 1138 1529 1177 inducant.

205 1223 212 1231 .
246 1194 425 1232 Christus
455 1206 547 1232 vero
581 1193 767 1231 dominus
799 1192 953 1231 disertis
983 1192 1111 1231 verbis
1146 1205 1197 1231 ne
1228 1192 1404 1243 episcopi
1439 1206 1528 1231 con-

124 1259 255 1286 servos
286 1261 378 1285 suos
412 1248 643 1297 percutiant,
675 1247 886 1297 prohibuit.
960 1248 1050 1296 Qua
1084 1246 1234 1285 ratione
1264 1254 1396 1285 autem
1433 1260 1473 1285 se
1507 1260 1529 1285 a

122 1300 286 1340 crimine
303 1302 369 1340 illo
389 1303 601 1348 exsolvent,
618 1301 685 1351 qui
700 1301 955 1340 commissum
976 1301 1051 1340 sibi
1072 1302 1263 1351 populum
1279 1300 1392 1339 novis
1413 1301 1530 1339 tradi-

123 1354 309 1403 tionibus,
339 1355 379 1394 in
413 1369 510 1406 quas
541 1357 735 1394 catholica
769 1356 945 1394 fidelium
990 1356 1155 1394 ecclesia
1194 1368 1398 1405 nunquam
1438 1368 1528 1394 con-

123 1409 257 1457 sensit,
292 1409 550 1460 deprimunt?
619 1411 870 1460 Quapropter
898 1410 1065 1449 liberum
1093 1411 1143 1449 de
1177 1409 1237 1448 his
1267 1423 1369 1460 quae
1404 1411 1525 1448 modo

123 1464 411 1514 proposuimus,
444 1463 659 1515 unicuique
688 1471 774 1504 esto
804 1463 1007 1503 iudicium.
1040 1495 1047 1503 .
1082 1494 1089 1503 .
1123 1495 1129 1503 .

152 1550 241 1594 No.
273 1562 362 1606 175.
419 1552 528 1596 The
560 1552 907 1597 Commission
941 1552 997 1595 of
1024 1552 1189 1606 Hugo,
1221 1551 1414 1606 Bishop
1447 1553 1505 1595 of

673 1611 974 1654 constance.

142 1693 259 1729 From
289 1691 356 1730 the
384 1692 516 1729 Letter
540 1691 588 1740 (gf
606 1692 778 1740 sz'ngli
801 1697 837 1728 lo
865 1692 1062 1729 Erasmus
1090 1691 1302 1737 Fabricius,
1332 1692 1383 1729 de
1411 1691 1507 1729 actis

186 1744 392 1795 legationis
411 1747 462 1784 ad
476 1745 686 1795 Tigurinos
709 1746 849 1783 missae
871 1745 1012 1784 diebus
1037 1757 1068 1793 7,
1089 1747 1122 1791 8,
1143 1760 1164 1795 9
1183 1746 1326 1794 Aprilis
1347 1757 1459 1795 1522.

177 1811 277 1848 Acta
296 1810 432 1860 Tiguri
456 1822 488 1858 7,
513 1813 546 1857 8,
571 1824 593 1859 9
614 1810 756 1848 diebus
775 1810 905 1859 aprilis
934 1823 1001 1860 per
1024 1812 1069 1848 R.
1094 1812 1141 1847 l).
1165 1810 1526 1858 Constantiensem,

123 1864 258 1913 legatis
287 1865 506 1903 Melchiore
523 1865 533 1885 ¹
561 1865 817 1914 suffraganeo,
841 1865 992 1902 Ioanne
1010 1864 1168 1903 Vannio
1184 1864 1197 1883 ²
1224 1863 1361 1915 (quem
1392 1871 1525 1903 tamen

122 1917 286 1956 invitum
331 1919 476 1957 scimus
518 1918 676 1969 negotio
720 1918 957 1969 interfuisse)
1000 1926 1037 1957 et
1082 1920 1130 1957 N.
1174 1918 1363 1957 Brendlin
1379 1920 1391 1938 ²
1433 1932 1522 1957 cum

123 1972 372 2011 Huldericho
411 1972 592 2023 Zuinglio
634 1972 913 2022 Tigurinorum
956 1973 1194 2023 evangelista
1232 1986 1363 2011 coram
1404 1987 1525 2012 sacer-

121 2026 260 2064 dotum
290 2034 596 2077 senatorumque
624 2027 775 2066 ordine.

175 2080 279 2120 Cum
307 2081 474 2132 septima
500 2082 564 2121 die
587 2081 717 2131 aprilis·
744 2082 794 2120 ad
819 2081 956 2120 urbem
983 2089 1155 2119 nostram
1177 2082 1363 2132 praedicti
1396 2089 1524 2132 patres

123 2134 309 2174 maturius
347 2137 557 2183 venissent,
594 2149 667 2174 nec
702 2149 774 2185 ego
810 2135 1027 2185 ignorarem
1072 2144 1269 2198 venturos,
1314 2136 1521 2195 captabam

122 2187 217 2237 quid
244 2188 296 2227 illi
324 2190 476 2228 consilii
503 2197 688 2240 caperent
718 2191 858 2228 rescire
888 2198 1021 2228 tamen
1049 2189 1208 2240 nequivi
1237 2203 1362 2240 usque
1394 2191 1444 2227 ad
1471 2204 1523 2227 m-

121 2249 352 2292 tempestam
378 2246 456 2283 fere
483 2252 653 2292 noctem,
677 2258 754 2294 qua
781 2244 979 2283 Henricus
1008 2246 1145 2294 Luty⁴,
1169 2245 1361 2282 diaconus
1392 2251 1524 2282 noster

121 2296 353 2344 carissimus,
390 2298 550 2337 veniens
591 2275 822 2337 adinoneiet
864 2298 1060 2337 notarium
1101 2297 1238 2349 (quem
1281 2298 1443 2349 imant)
1484 2298 1521 2335 in

164 2372 171 2388 ¹
198 2373 358 2404 Melchior
375 2374 512 2412 Fatum,
530 2385 555 2405 c.
579 2383 680 2415 1490—
685 2375 804 2415 †154S,
825 2375 850 2405 B
854 2386 884 2416 p.
901 2373 1073 2415 Sufsragan
1091 2374 1337 2409 osConstance‚
1360 2375 1451 2413 1518.

166 2415 177 2434 ²
200 2417 287 2456 John
305 2417 636 2456 Wanner,Preache1
652 2418 683 2449 in
701 2418 756 2450 the
772 2418 949 2449 Cathedral
968 2418 1330 2457 osConstance,1521.

164 2457 176 2475 ³
200 2460 271 2491 The
287 2460 484 2492 Chaucellor
502 2463 537 2492 of
552 2462 606 2493 the
624 2462 648 2492 P
653 2462 748 2503 ishop
766 2462 803 2493 of
816 2462 1011 2492 Constance.

165 2502 175 2518 ⁴
199 2503 348 2545 Zwingli'
349 2515 364 2536 s
380 2505 529 2537 assistant
546 2506 645 2548 priest
663 2510 693 2536 at
712 2508 766 2537 the
784 2506 885 2537 G1eat
904 2506 1051 2543 Minster‚
1069 2504 1155 2535 since
1178 2513 1231 2545 15-
1226 2514 1267 2535 0.
