1715 2780
96 119 170 157 319
325 111 443 148 THE
478 111 850 156 ΡΑΙΛΤΙΝΑΤΕ,
884 110 1002 147 AND
1036 111 1263 149 Pomm)
1418 116 1492 162 653

95 226 164 252 sua
195 212 334 251 virtute
362 226 407 252 ac
435 220 574 261 tuetur,
598 213 664 264 qui
690 226 762 252 nos
788 212 1053 262 spiritualibus
1078 215 1194 252 armis
1222 215 1397 263 instituit,
1427 217 1492 266 qui

96 279 168 306 nos
188 256 238 306 ab
259 267 369 306 omni
396 280 498 306 noxa
522 267 672 314 liberat,
695 267 762 317 qui
789 267 866 305 oris
897 268 955 305 sui
984 275 1139 318 sceptro
1167 281 1240 307 nos
1269 271 1495 309 moderatur

94 334 140 360 ac
161 321 267 370 regit.
327 322 461 372 Atque
488 321 541 360 ita
568 321 892 368 considerandus,
916 329 957 360 ut
983 323 1034 360 ad
1062 335 1103 360 se
1127 323 1257 361 Deum
1289 337 1424 362 verum
1455 333 1492 363 et

94 376 145 415 ad
178 376 334 414 Patrem
367 389 439 414 nos
474 377 625 423 evehat,
655 377 784 414 donec
816 375 1024 426 impleatur
1058 376 1154 415 illud
1189 379 1297 427 quod
1330 379 1491 417 tandem

95 431 268 468 futurum
290 438 358 476 est,
383 443 527 480 nempe
548 438 590 468 ut
612 430 659 468 sit
680 432 786 468 Deus
808 430 940 468 onmia
962 430 1002 468 in
1023 431 1222 470 omnibus.

147 485 196 522 V.
237 485 369 531 Porro,
392 491 435 522 ut
461 497 503 523 se
525 483 639 522 nobis
664 485 781 522 talem
803 483 984 522 exhibeat
1011 485 1199 533 Christus,
1223 499 1268 523 ac
1296 486 1491 526 eiusmodi

94 538 256 577 effectus
287 537 327 576 in
359 538 475 576 nobis
510 539 689 588 proferat,
730 551 854 576 unum
887 551 976 576 cum
1014 539 1098 589 ipso
1134 553 1206 578 nos
1245 540 1345 578 effici
1381 548 1419 579 et
1453 542 1491 580 in

93 591 177 630 eius
206 604 348 642 corpus
377 593 598 631 coalescere
628 605 700 630 nos
731 599 896 642 oportet.
956 593 1035 641 Qui
1066 606 1146 631 non
1176 593 1287 632 aliter
1304 594 1422 634 vitam
1453 595 1492 633 in

93 658 166 684 nos
187 658 298 684 suam
315 645 511 693 diffundit,
530 646 604 684 nisi
625 647 720 685 dum
742 653 860 696 caput
882 654 1058 685 nostrum
1080 655 1138 686 est
1159 662 1166 692 ;
1196 661 1242 686 ex
1263 661 1343 699 quo
1365 656 1491 688 totum

94 712 234 750 corpus
263 707 517 750 compactum
547 707 585 739 et
612 713 850 746 connexum,
872 713 941 750 per
968 713 1128 739 omnem
1158 701 1378 741 iuncturam
1404 704 1492 742 sub-

94 752 400 801 ministrationis,
436 755 655 793 secundum
689 754 971 804 Operationem,
1009 754 1047 792 in
1083 769 1266 794 mensura
1300 756 1492 808 cuiusque

94 807 259 846 membri
281 816 538 858 augmentum
560 807 733 858 corporis
755 807 880 846 faciat.

146 862 218 900 VI.
252 862 366 900 Haec
387 861 596 912 spiritualis
617 869 676 900 est
700 862 1024 909 communicatio,
1044 876 1163 913 quam
1187 864 1378 903 habemus
1399 878 1490 903 curn

94 914 194 953 Filio
220 915 308 963 Dei,
337 916 433 955 dum
464 916 608 966 Spiritu
639 929 710 954 suo
740 916 780 954 in
811 916 924 954 nobis
956 917 1138 955 habitans
1165 918 1256 956 facit
1284 919 1491 958 credentes

93 981 243 1016 omnes,
259 969 438 1008 omnium
459 983 561 1020 quae
583 970 622 1008 in
644 983 685 1009 se
707 970 880 1009 resident
897 971 1092 1009 bonorum
1107 980 1324 1022 compotes.
1367 973 1490 1012 Cuius

92 1023 363 1063 testificandae
394 1037 513 1063 causa
544 1032 623 1063 tam
656 1024 857 1075 Evangelii
894 1025 1134 1074 praedicatio
1163 1026 1340 1065 instituta
1371 1040 1489 1078 quam

92 1078 434 1117 Sacramentorum
452 1091 543 1117 usus
561 1078 675 1117 nobis
693 1079 1007 1125 commendatus,
1026 1093 1170 1129 nempe
1187 1081 1284 1118 sacri
1300 1081 1491 1131 Baptismi

91 1138 130 1169 et
150 1144 283 1170 sacrae
303 1131 476 1172 Coenae.

146 1186 240 1224 VII.
274 1187 373 1225 Sunt
394 1186 555 1236 quidem
578 1195 615 1224 et
643 1187 681 1224 hi
707 1188 1048 1225 Sacramentorum
1079 1188 1187 1234 fines,
1213 1197 1253 1226 ut
1277 1197 1393 1228 notae
1415 1189 1491 1227 sint

91 1252 137 1278 ac
151 1247 320 1279 tesserae
334 1240 581 1280 Christianae
595 1240 848 1290 professionis
863 1249 900 1278 et
917 1241 1114 1279 societatis
1131 1242 1211 1280 sive
1229 1243 1489 1291 fraternitatis,

91 1300 134 1332 ut
154 1293 230 1332 sint
250 1295 301 1333 ad
321 1294 529 1344 gratiarum
551 1295 748 1333 actionem
778 1294 1029 1333 incitamenta
1055 1303 1092 1334 et
1121 1297 1302 1335 exercitia
1325 1298 1416 1335 fidei
1445 1311 1491 1336 ac

91 1347 178 1397 piae
199 1347 312 1396 vitae,
331 1348 504 1398 denique
526 1349 769 1399 syngraphae
790 1350 841 1387 ad
863 1349 901 1387 id
923 1349 1155 1399 obligantes.
1206 1352 1284 1390 Sed
1305 1351 1368 1389 hic
1390 1365 1489 1389 unus

92 1401 192 1440 inter
218 1402 315 1441 alios
346 1402 590 1452 praecipuus,
620 1410 662 1441 ut
689 1416 757 1453 per
784 1416 829 1441 ea
857 1403 971 1441 nobis
998 1404 1160 1453 gratiam
1189 1418 1299 1442 suani
1328 1413 1491 1444 testetur

94 1457 214 1504 Deus,
235 1464 502 1506 repraesentet
521 1464 639 1507 atque
660 1457 851 1507 obsignet.
914 1458 1017 1495 Nam
1039 1458 1110 1496 etsi
1132 1458 1229 1496 nihil
1250 1459 1357 1497 aliud
1379 1459 1492 1510 signi—

91 1510 210 1548 ficant
230 1523 349 1560 quam
371 1512 480 1561 quod
497 1512 631 1549 Verbo
652 1511 737 1561 ipso
757 1511 1028 1559 annunciatur,
1052 1513 1128 1550 hoc
1149 1520 1282 1551 tamen
1304 1526 1490 1564 magnum

92 1571 161 1610 est,
198 1563 338 1602 subiici
369 1565 493 1603 oculis
526 1565 667 1603 nostris
701 1565 812 1615 quasi
847 1565 952 1604 vivas
984 1565 1185 1616 imagines,
1219 1580 1320 1617 quae
1353 1581 1490 1606 sensus

93 1624 248 1656 nostros
284 1618 423 1656 melius
453 1619 636 1665 afficiant,
670 1619 780 1669 quasi
813 1621 850 1656 in
886 1632 967 1657 rem
998 1621 1210 1667 ducendo;
1248 1622 1343 1659 dum
1376 1621 1490 1660 nobis

93 1671 239 1711 Christi
260 1680 427 1710 mortem
448 1673 661 1722 omniaque
678 1672 760 1711 eius
776 1672 972 1711 beneficia
989 1673 1025 1711 in
1045 1674 1274 1712 memoriam
1293 1683 1489 1721 revocant,

94 1732 135 1764 ut
156 1726 255 1765 fides
278 1726 400 1776 magis
422 1734 648 1765 exerceatur
667 1742 673 1764 :
705 1726 850 1765 deinde
872 1728 980 1776 quod
1003 1740 1068 1765 ore
1092 1728 1166 1765 Dei
1186 1729 1489 1778 pronunciatum

93 1787 184 1825 erat,
210 1779 322 1830 quasi
342 1779 475 1829 sigillis
496 1780 719 1818 confirmari
740 1789 777 1818 et
798 1780 949 1819 sanciri.

146 1834 266 1872 VIII.
299 1835 435 1883 Quum
462 1841 595 1872 autem
628 1847 717 1872 vera
749 1834 837 1881 sint,
871 1847 972 1884 quae
1005 1834 1119 1873 nobis
1153 1835 1349 1875 Dominus
1380 1837 1489 1875 dedit

91 1886 237 1937 gratiae
269 1900 362 1926 suae
395 1887 621 1926 testimonia
655 1895 693 1926 et
726 1888 861 1938 sigilla,
894 1901 983 1926 vere
1019 1889 1282 1938 proculdubio
1321 1898 1490 1940 praestat

93 1940 177 1991 ipse
208 1941 312 1980 intus
343 1954 415 1980 suo
447 1941 603 1992 Spiritu,
637 1943 745 1992 quod
777 1942 900 1980 oculis
932 1950 969 1980 et
998 1942 1082 1980 aliis
1112 1943 1293 1982 sensibus
1325 1945 1490 1994 figurant

93 1995 370 2034 Sacramenta:
401 1996 477 2034 hoc
499 2004 568 2044 est,
592 2004 633 2034 ut
661 1996 857 2046 potiamur
884 1996 1052 2044 Christo,
1076 2005 1265 2047 tanquam
1294 1998 1488 2037 bonorum

93 2048 272 2087 omnium
303 2050 437 2088 fonte:
477 2057 560 2088 tum
592 2057 632 2088 ut
667 2050 864 2089 beneficio
900 2050 1035 2089 mortis
1069 2051 1152 2089 eius
1191 2052 1490 2091 reconciliemur

95 2103 196 2150 Deo,
219 2102 363 2153 Spiritu
385 2116 618 2142 renovemur
639 2103 678 2142 in
699 2103 800 2142 vitae
821 2104 1081 2152 sanctitatem,
1106 2105 1290 2144 iustitiam
1316 2106 1489 2156 denique

94 2169 142 2195 ac
169 2157 334 2196 salutem
361 2169 661 2208 consequamur,
689 2157 885 2209 simulque
915 2171 986 2209 pro
1012 2158 1072 2197 his
1097 2159 1301 2197 beneficiis
1328 2159 1421 2197 olim
1451 2159 1489 2197 in

96 2222 212 2248 cruce
233 2210 428 2259 exhibitis,
447 2212 525 2250 fide
541 2225 633 2250 vero
648 2212 842 2263 perceptis
862 2225 884 2250 a
906 2212 1020 2251 nobis
1042 2220 1080 2251 et
1101 2226 1202 2262 quae
1217 2212 1395 2262 quotidie
1412 2214 1490 2252 fide

95 2263 331 2313 percipimus
352 2264 429 2303 iarn
450 2278 612 2315 agamus
632 2266 783 2316 gratias.
1314 2313 1317 2317 Ι

150 2317 219 2356 ΙΧ.
255 2318 399 2367 Quare,
428 2319 500 2358 etsi
532 2319 821 2370 distinguimus,
847 2328 888 2358 ut
915 2333 983 2370 par
1010 2326 1079 2366 est,
1103 2319 1201 2358 inter
1228 2320 1337 2370 signa
1361 2329 1400 2359 et
1430 2334 1489 2359 res

94 2370 289 2421 signatas:
331 2379 464 2410 tamen
497 2386 579 2411 non
613 2373 874 2424 disiungimus
912 2386 934 2412 a
973 2373 1092 2423 signis
1124 2373 1352 2412 veritatem:
1393 2375 1488 2424 quin

93 2437 232 2463 omnes
247 2425 313 2474 qui
328 2426 406 2464 fide
421 2427 713 2476 amplectuntur
725 2427 802 2466 illic
815 2428 967 2466 oblatas
982 2427 1271 2477 promissiones,
1287 2427 1487 2467 Christum

94 2477 342 2527 spiritualiter
358 2492 448 2517 cum
465 2479 729 2529 spiritualibus
746 2480 828 2518 eius
843 2482 958 2519 donis
975 2480 1158 2530 recipere,
1173 2481 1353 2531 adeoque
1371 2489 1408 2520 et
1421 2482 1488 2531 qui
