1715 2780
164 102 213 146 84
254 100 373 137 THE
396 100 533 138 DIET
555 100 625 138 OF
646 100 862 147 wonms,
889 112 933 149 27
958 102 1179 151 JAN.—25
1206 103 1338 149 MAv,
1365 114 1459 153 1521
1502 113 1555 152 42

219 204 321 242 Sunt
350 202 456 241 enim
481 202 601 253 aliqui
632 203 670 241 in
699 203 842 253 quibus
871 203 1057 253 pietatem
1089 204 1181 243 fidei
1210 211 1248 243 et
1272 217 1425 244 morum
1453 207 1555 245 adeo

172 256 398 307 simpliciter
449 264 485 295 et
544 257 767 307 evangelice
823 258 983 296 tractavi
1038 265 1079 296 ut
1130 257 1286 308 ipsimet
1345 259 1554 298 adversarii

171 318 360 361 cogantur
381 323 449 349 eos
469 312 647 349 confiteri
669 311 794 359 utiles,
818 311 997 349 innoxios
1023 318 1060 350 et
1088 312 1203 362 plane
1223 311 1364 362 dignos
1385 313 1555 352 lectione

169 364 403 405 Christiana.
462 366 541 404 Sed
562 373 599 403 et
622 366 745 412 Bulla,
761 377 988 415 quanquam
1010 378 1125 404 saeva
1145 373 1183 405 et
1203 366 1382 414 crudelis,
1404 369 1554 418 aliquot

170 431 279 457 meos
300 418 421 457 libros
441 418 620 457 innoxios
641 419 744 466 facit,
766 419 857 458 licet
878 427 916 457 et
942 420 1015 458 hos
1036 421 1210 467 damnet,
1231 419 1378 460 iudicio
1398 434 1554 472 prorsus

169 472 424 511 monstrifico.
485 472 524 511 Si
551 472 682 522 itaque
707 474 779 511 hos
809 486 991 512 revocare
1018 473 1243 523 inciperem,
1265 474 1431 514 obsecro
1458 475 1554 525 quid

164 527 332 565 facerem
354 525 427 564 nisi
448 527 556 576 quod
583 540 684 564 unus
709 540 756 565 ex
778 527 964 565 omnibus
988 527 1218 566 mortalibus
1245 541 1332 567 eam
1351 529 1552 568 veritatem

163 581 392 619 damnarem
425 593 544 630 quam
578 580 694 618 amici
727 588 765 618 et
799 580 947 618 inimici
986 581 1127 631 pariter
1164 583 1412 629 confitentur,
1448 584 1553 622 solus

164 633 342 672 omniurn
363 633 601 672 confessioni
623 634 810 673 concordi
831 635 1070 673 reluctatus?

218 689 397 725 Alterum
417 700 539 737 genus
561 695 619 726 est
635 687 768 738 quod
759 701 799 726 m
814 690 1005 748 Papatum
1023 696 1060 727 et
1073 689 1293 728 doctrinam
1307 689 1552 740 Papistarum

165 740 371 788 invehitur,
404 748 593 790 tanquam
628 741 668 779 in
699 755 767 780 eos
802 742 869 792 qui
900 742 978 780 suis
1009 750 1048 781 et
1079 742 1266 782 doctrinis
1297 751 1335 783 et
1366 744 1554 805 exemplis

165 794 346 854 pessimis
385 794 522 834 orbem
565 795 832 835 Christianum
876 804 1042 846 utroque
1084 798 1190 836 malo
1236 804 1275 836 et
1320 796 1477 848 spiritus
1515 807 1553 837 et

165 848 337 898 corporis
358 850 605 887 vastaverint
664 851 767 888 Nam
789 862 917 899 neque
938 863 1079 900 negare
1098 850 1139 889 id
1159 864 1289 901 neque
1309 851 1553 891 dissimulare

167 902 387 963 quisquam
407 910 547 952 potest,
583 916 673 941 cum
714 903 951 953 experientia
989 904 1167 942 omnium
1207 912 1244 943 et
1283 904 1552 945 universorum

168 957 414 1016 querimonia
442 963 560 994 testes
585 956 672 1004 sint,
691 970 759 1016 per
779 958 882 1006 leges
900 959 1029 1007 Papae
1056 965 1093 996 et
1114 958 1312 997 doctrinas
1333 960 1551 1007 hominum,

167 1009 427 1048 conscientias
454 1011 630 1048 fidelium
657 1010 871 1049 miserrime
892 1024 976 1049 esse
997 1012 1235 1061 illaqueatas,
1258 1018 1415 1051 vexatas
1436 1021 1474 1051 et
1494 1026 1554 1052 ex-

167 1063 422 1111 carnificatas,
445 1071 528 1101 tum
558 1077 618 1102 res
649 1071 686 1102 et
715 1064 963 1111 substantias,
986 1064 1212 1114 praesertim
1238 1066 1278 1103 in
1307 1067 1382 1104 hae
1411 1065 1555 1117 inclyta

170 1116 404 1156 Germaniae
426 1117 585 1155 natione
606 1117 825 1156 incredibili
847 1117 1051 1167 tyrannide
1064 1119 1279 1166 devoratas,
1297 1119 1554 1171 devorarique

167 1172 298 1210 adhuc
320 1170 403 1209 sine
425 1172 502 1209 fine
523 1170 773 1232 indignisque
790 1171 941 1210 modis:
972 1185 1062 1210 cum
1077 1180 1208 1211 tamen
1222 1172 1384 1212 suismet
1403 1175 1554 1224 legibus

166 1225 238 1275 ipsi
269 1232 432 1263 caveant
463 1224 522 1275 (ut
544 1224 644 1263 Dist
667 1227 703 1262 ix
733 1233 771 1264 et
794 1239 866 1263 xxv
890 1239 926 1275 q.
953 1240 967 1263 1
996 1234 1033 1265 et
1063 1227 1127 1277 2)¹
1153 1234 1195 1265 ut
1226 1229 1356 1277 Papae
1383 1229 1488 1278 leges
1518 1235 1555 1267 et

169 1278 371 1317 doctrinae
415 1278 630 1328 Evangelio
675 1287 741 1317 aut
785 1281 943 1318 Patrum
988 1280 1191 1319 sententiis
1230 1280 1445 1320 contrariae
1483 1294 1554 1332 pro

169 1333 339 1370 erroneis
369 1340 407 1370 et
436 1332 612 1382 reprobis
642 1333 870 1371 habeantur.
930 1333 969 1372 Si
1000 1333 1113 1384 igitur
1143 1341 1180 1372 et
1210 1335 1282 1373 hos
1299 1347 1553 1384 -revocavero,

168 1385 265 1423 nihil
296 1385 402 1424 aliud
434 1386 662 1436 praestitero
692 1400 810 1436 quam
841 1394 883 1425 ut
915 1387 1108 1437 tyrannidi
1146 1388 1265 1426 robur
1301 1388 1484 1427 adiecero
1517 1397 1555 1428 et

169 1447 302 1478 tantae
322 1439 511 1489 impietati
532 1453 613 1478 non
634 1441 820 1479 fenestras
847 1441 916 1479 sed
942 1442 1070 1479 valvas
1097 1454 1286 1491 aperuero
1314 1450 1554 1492 grassaturae

168 1494 282 1531 latius
310 1500 348 1532 et
371 1493 530 1532 liberius
557 1507 675 1553 quam
705 1495 895 1533 hactenus
925 1507 1098 1555 unquam
1127 1508 1223 1533 ausa
1250 1495 1392 1544 fuerit3
1424 1503 1462 1535 et
1488 1497 1555 1535 fiet

169 1546 284 1585 huius
314 1559 424 1585 meae
454 1547 713 1586 revocationis
743 1547 968 1587 testimonio
1003 1548 1361 1587 licentiosissimum
1391 1549 1553 1600 impuni-

169 1599 444 1650 tissimumque
470 1601 668 1651 nequitiae
696 1602 848 1639 illorum
874 1615 1036 1651 regnum
1058 1602 1200 1640 misero
1224 1604 1342 1653 vulgo
1365 1603 1510 1653 longe
1501 1616 1555 1641 1n-

170 1653 528 1692 tolerabilissimum
550 1663 587 1693 et
609 1662 742 1693 tamen
768 1655 995 1694 roboratum
1020 1662 1058 1694 et
1079 1655 1305 1703 stabilitum,
1327 1658 1554 1706 praesertim

171 1707 201 1744 si
223 1706 409 1745 iactatum
431 1707 544 1746 fuerit
565 1708 605 1746 id
625 1721 648 1746 a
663 1721 726 1747 me
740 1710 885 1747 facturn
907 1709 1137 1748 auctoritate
1158 1711 1194 1748 S.
1214 1711 1270 1748 M.
1287 1711 1335 1748 V.
1357 1710 1555 1761 totiusque

172 1760 345 1798 Romani
367 1761 539 1820 Imperii.
580 1763 784 1810 Quantum
806 1775 890 1812 ego,
915 1764 1023 1801 Deus
1037 1763 1152 1810 bone,
1172 1770 1254 1802 turn
1271 1764 1381 1803 fuero
1396 1777 1555 1814 opercu-

171 1815 253 1851 lum
267 1813 465 1862 nequitiae
486 1823 523 1852 et
544 1815 771 1864 tyrannidis.

223 1866 401 1904 Tertium
422 1880 544 1916 genus
566 1881 700 1906 eorum
722 1876 779 1907 est
801 1882 900 1928 quos
930 1869 968 1907 in
995 1870 1147 1920 aliquos
1174 1869 1344 1920 privatos
1368 1878 1406 1909 et
1429 1871 1556 1922 singu-

170 1921 267 1957 lares
289 1919 347 1969 (ut
369 1920 528 1969 vocant)
549 1933 735 1981 personas
756 1922 901 1972 scripsi,
917 1936 985 1961 eos
1005 1923 1152 1962 scilicet
1168 1923 1235 1973 qui
1256 1931 1294 1962 et
1309 1925 1554 1974 tyrannidem

172 1974 394 2010 Romanam
418 1974 515 2011 tueri
551 1981 587 2012 et
617 1975 802 2023 pietatem
833 1989 855 2013 a
885 1990 947 2014 me
979 1977 1136 2014 doctam
1166 1977 1400 2016 labefactare
1430 1977 1555 2016 moliti

171 2034 272 2064 sunt.
333 2027 379 2063 In
420 2028 491 2064 hos
539 2029 728 2066 confiteor
776 2042 838 2066 me
882 2030 1000 2067 fuisse
1041 2030 1280 2068 acerbiorem
1324 2044 1443 2080 quam
1485 2044 1555 2081 pro

171 2079 356 2129 religione
387 2088 453 2117 aut
485 2080 726 2129 professione
757 2082 906 2119 deceat.
966 2083 1107 2131 Neque
1138 2083 1242 2121 enim
1275 2096 1338 2122 me
1375 2092 1554 2122 sanctum

170 2132 341 2182 aliquem
381 2133 491 2179 facio,
529 2146 657 2182 neque
691 2135 741 2171 de
772 2134 849 2171 vita
883 2147 970 2172 mea
1002 2137 1071 2173 sed
1110 2136 1160 2173 de
1193 2136 1373 2174 doctrina
1410 2137 1553 2176 Christi

171 2185 341 2235 disputo.
401 2187 542 2235 Neque
581 2187 653 2223 hos
692 2199 873 2225 revocare
918 2188 1110 2237 integrum
1149 2196 1207 2226 est
1252 2188 1348 2226 mihi
1372 2191 1480 2238 quod
1509 2203 1554 2228 ea

172 2238 419 2277 revocatione
450 2239 590 2276 iterum
622 2241 793 2277 futurum
826 2240 873 2278 sit
908 2247 948 2277 ut
978 2240 1149 2290 tyrannis
1181 2249 1218 2279 et
1252 2241 1432 2290 impietas
1465 2255 1555 2282 meo

173 2291 390 2342 patrocinio
410 2300 572 2341 regnent
592 2300 629 2331 et
651 2292 823 2331 saeviant
845 2294 882 2330 in
904 2295 1093 2343 populum
1117 2294 1191 2333 Dei
1212 2293 1419 2334 violentius
1435 2308 1564 2345 quam

173 2357 348 2395 unquam
369 2353 623 2395 regnaverint.

270 2431 274 2434 ²
305 2431 316 2473 i
339 2432 463 2495 Carpus
479 2453 574 2484 luris
593 2452 766 2493 Canonici,
786 2453 805 2485 i.
828 2460 876 2494 17,
898 2453 991 2492 1008,
1013 2461 1092 2495 1017
1113 2453 1177 2492 (ed.
1195 2453 1399 2496 Friedberg).
