1715 2780
204 91 282 137 418
365 90 484 126 THE
516 88 934 128 DISPUTATIONS
964 88 1037 125 AT
1068 77 1298 130 ztiRICH,
1334 97 1433 135 1523
1524 86 1600 132 189

205 193 244 231 in
267 193 411 231 scholis
432 192 546 242 copia
567 199 635 239 est,
659 191 825 230 consilio
845 190 1004 241 transigi
1024 189 1237 237 debebant,
1260 190 1599 240 quemadmodum

207 247 474 297 apostolorum
509 254 687 296 tempore
723 245 1025 294 Hierosolymae
1063 243 1281 282 factitatum
1316 256 1401 282 esse
1435 243 1600 294 legimus

207 303 295 339 Act.
315 314 375 339 xv.
434 300 473 339 Si
496 300 600 338 enim
622 301 672 338 de
692 300 766 337 hac
786 312 839 346 re,
860 297 1164 337 vetustissimam
1194 305 1232 336 et
1261 310 1341 336 non
1371 297 1455 336 sine
1484 298 1601 336 laude

207 356 258 394 ad
288 368 359 394 nos
389 355 618 405 perductam
650 366 847 392 sacrorum
878 352 1023 391 rituum
1052 352 1382 391 consuetudinem
1411 358 1599 399 tentante,

208 422 315 447 nunc
335 408 534 459 disputare
563 415 601 446 et
629 407 778 457 aliquid
808 408 1016 446 adversum
1041 406 1279 445 concludere
1301 406 1363 444 vel
1391 406 1601 444 decernere

208 462 447 502 voluerimus
467 477 473 500 :
512 460 685 500 fortassis
726 468 858 500 nostra
898 462 996 499 haec
1028 459 1223 499 sententia
1265 458 1423 509 reliquis
1457 460 1601 499 Christi

210 516 404 563 fidelibus,
436 515 502 565 qui
532 515 625 553 alibi
653 516 831 554 locorum
856 522 1067 562 versantur,
1099 513 1229 552 minus
1255 513 1424 552 arridere
1447 513 1600 564 poterit,

210 572 277 621 qui
309 569 571 620 proculdubio
605 569 702 608 illud
736 582 896 619 quoque
930 576 1167 619 praetexent,
1201 569 1310 618 quod
1349 568 1388 605 in
1429 575 1601 606 nostram

210 624 439 675 opinionem
473 637 554 662 non
589 623 870 662 consenserint.
941 623 1051 672 Quid
1079 624 1185 661 enirn
1215 623 1279 660 hic
1307 622 1358 660 de
1387 621 1502 660 nobis
1533 621 1603 659 Hi-

210 678 346 729 spania
380 679 518 716 decem
549 677 831 727 potentissimis
863 676 991 727 regnis
1020 677 1123 716 clara
1153 676 1290 715 dicet?
1329 674 1425 726 quid
1459 674 1604 713 Italia?

211 732 307 782 quid
329 731 518 770 Franciae
541 733 734 781 regnum?
763 731 859 781 quid
886 738 968 769 tota
988 729 1253 781 Septentrioni
1273 729 1449 768 subiecta
1470 729 1605 779 regio?

213 785 458 824 Huiusmodi
480 799 571 836 ergo
592 798 662 833 res,
681 792 723 823 ut
744 786 866 824 modo
887 784 1066 831 diximus,
1090 797 1223 823 coram
1243 782 1414 834 generali
1434 782 1604 822 concilio

211 839 486 890 transigendae
518 839 567 889 (si
597 839 759 889 quidem
789 838 1063 877 auctoritatem
1093 838 1166 876 illis
1196 837 1324 876 inesse
1355 836 1537 887 velimus)
1567 844 1605 875 et

212 894 508 933 confirmandae
529 901 652 932 erunt.
696 894 946 943 Quapropter
966 892 1025 943 (ut
1047 905 1093 931 ex
1112 905 1176 931 me
1192 904 1352 942 quoque
1371 904 1444 930 ceu
1461 890 1605 930 Christi

213 948 392 987 membro
413 955 451 986 et
467 948 660 986 confratre
675 960 781 985 nunc
797 947 952 997 loquar)
966 960 1034 985 vos
1051 960 1120 985 oro
1137 954 1174 985 et
1188 947 1376 984 adhortor
1391 952 1433 984 ut
1453 952 1606 983 maturo

214 1001 380 1041 consilio
400 1001 649 1040 considerare
669 1000 892 1047 instituatis,
907 1014 957 1039 ne
979 1000 1075 1050 quid
1095 1002 1193 1039 forte
1214 998 1407 1038 infelicius
1422 1006 1460 1038 et
1476 999 1607 1037 turbu-

214 1055 357 1094 lentius
387 1055 479 1093 hinc
509 1054 646 1094 exoriri
669 1062 797 1104 queat.
857 1056 970 1093 Bona
999 1054 1114 1104 igitur
1134 1055 1211 1093 fide
1242 1053 1297 1092 sic
1317 1052 1428 1092 vobis
1458 1052 1606 1103 optime

214 1111 440 1148 consultum
462 1110 543 1148 fore
559 1110 688 1155 credo,
712 1110 743 1146 si
773 1121 912 1147 omnes
942 1108 1218 1147 contentiones
1248 1115 1286 1146 et
1307 1106 1468 1146 dissidia
1489 1106 1607 1157 (quae

215 1165 275 1202 vel
302 1164 353 1202 de
377 1163 589 1213 pontificiis
610 1164 670 1201 vel
692 1162 775 1201 aliis
800 1164 983 1201 humanis
1008 1161 1356 1201 constitutionibus
1386 1160 1606 1200 inveteratis

215 1226 348 1256 exorta
369 1216 476 1267 sunt)
504 1218 750 1267 deponentes
775 1230 856 1255 rem
885 1218 986 1255 hanc
1017 1229 1177 1255 omnem
1207 1217 1303 1254 citra
1332 1214 1607 1265 disputationis

216 1271 323 1310 litem
345 1272 471 1310 sedari
488 1273 548 1309 vel
564 1272 701 1309 saltem
718 1270 860 1309 differri
878 1269 1090 1321 patiamini,
1108 1270 1139 1308 si
1155 1283 1232 1320 qua
1248 1271 1346 1308 forte
1362 1268 1609 1307 commodior

217 1325 255 1362 in
275 1333 475 1375 posterum
498 1326 548 1363 de
569 1324 628 1362 his
648 1324 791 1374 agendi
812 1324 969 1363 occasio
990 1337 1074 1363 sese
1095 1325 1242 1362 offerat.
1285 1324 1370 1365 Iam
1391 1329 1482 1361 ante
1502 1322 1607 1361 enim

215 1379 400 1428 cognovit
441 1380 488 1416 R.
527 1380 576 1417 D.
617 1379 822 1417 Constant.
867 1379 1086 1427 episcopus,
1127 1379 1167 1414 in
1209 1375 1609 1426 Norimbergensibus

216 1432 386 1471 comitiis
408 1445 475 1482 per
497 1431 655 1482 Imperii
678 1438 800 1470 status
823 1431 1046 1471 Concilium
1068 1432 1248 1481 generale
1268 1430 1488 1468 institutum
1511 1442 1607 1476 esse,

217 1487 325 1536 quod
346 1486 387 1524 in
407 1485 620 1525 Germania
641 1487 740 1523 intra
759 1485 852 1523 anni
873 1485 1041 1535 spatium
1065 1485 1344 1523 celebrandum
1362 1483 1410 1522 sit
1426 1499 1435 1531 ;
1463 1485 1503 1521 in
1516 1496 1607 1534 quo,

216 1548 258 1579 ut
279 1541 408 1588 fertur,
431 1539 595 1578 dimidia
615 1539 789 1578 iudicum
812 1552 898 1589 pars
920 1552 966 1577 ex
987 1538 1260 1585 saecularibus,
1283 1539 1404 1577 altera
1423 1550 1470 1576 ex
1490 1538 1610 1576 eccle-

217 1593 382 1632 siasticis
403 1593 672 1640 constituetur,
696 1605 863 1643 quorum
885 1593 956 1631 erit
976 1594 1026 1631 de
1047 1592 1092 1630 iis
1113 1592 1258 1642 quibus
1278 1604 1384 1630 nunc
1404 1598 1510 1630 totus
1530 1592 1610 1630 fere

217 1647 322 1686 orbis
353 1648 530 1686 turbatus
559 1655 628 1694 est,
652 1646 915 1697 pronuntiare.
977 1648 1069 1684 Hoc
1090 1659 1181 1696 ergo
1202 1647 1232 1684 si
1260 1646 1338 1693 fiat,
1360 1658 1492 1684 coram
1522 1644 1607 1691 illis,

218 1709 355 1751 utpote
375 1701 606 1740 auctoritate
626 1709 664 1740 et
683 1708 876 1750 potestate
896 1700 1093 1750 praeditis,
1111 1701 1208 1738 haec
1223 1712 1383 1750 quoque
1399 1699 1610 1737 commode

218 1756 386 1805 proponi
416 1763 454 1794 et
484 1755 637 1793 tractari
665 1761 838 1805 possent.
899 1753 1056 1792 Deinde
1085 1755 1161 1792 hoc
1191 1766 1314 1791 unum
1345 1754 1395 1791 R.
1418 1754 1466 1790 D.
1499 1765 1610 1791 meus

219 1809 383 1847 summis
404 1809 548 1858 quibus
569 1816 699 1858 potest
719 1808 901 1858 precibus
922 1809 1020 1858 petit
1044 1815 1082 1846 et
1112 1808 1292 1846 obsecrat
1319 1814 1361 1844 ut
1382 1805 1609 1844 huiusmodi

219 1862 531 1901 concertationes
552 1864 602 1901 de
622 1862 738 1900 rebus
759 1861 1044 1908 ecclesiasticis,
1067 1861 1098 1899 si
1119 1862 1199 1899 ullo
1220 1861 1342 1899 modo
1370 1859 1451 1898 fieri
1475 1859 1608 1909 possit,

219 1916 314 1954 citra
327 1929 487 1954 omnem
501 1915 809 1965 disputationem
826 1916 951 1954 amice
965 1923 1003 1954 et
1018 1914 1172 1965 placide
1185 1926 1424 1964 componere
1440 1913 1609 1952 tentetis.

220 1969 332 2007 Licet
352 1969 456 2007 enim
478 1971 529 2008 de
553 1969 780 2007 huiusmodi
805 1968 1164 2014 constitutionibus,
1188 1967 1354 2006 decretis
1384 1975 1421 2005 et
1448 1979 1611 2005 consue-

219 2022 423 2061 tudinibus
445 2024 563 2072 longo
587 2036 660 2060 usu
690 2022 929 2060 confirmatis
950 2035 1018 2071 per
1045 2023 1262 2071 Scripturas
1287 2020 1486 2070 disputare
1505 2019 1611 2058 insti-

219 2076 407 2115 tuerimus
425 2091 431 2114 :
461 2076 548 2125 quis
569 2083 702 2113 tamen
723 2076 837 2113 nobis
858 2076 974 2113 iudex
995 2074 1076 2121 erit,
1095 2074 1163 2124 qui
1183 2075 1233 2113 de
1253 2074 1334 2112 istis
1355 2073 1611 2124 pronuntiet?

222 2131 316 2168 Mea
349 2137 453 2168 certe
492 2128 696 2175 sententia,
732 2141 863 2167 coram
895 2128 1237 2175 Universitatibus,
1265 2135 1402 2178 utpote
1441 2127 1608 2174 Lutetia,

221 2183 400 2230 Colonia,
415 2190 482 2222 aut
495 2183 506 2203 ¹
524 2183 701 2221 Lovanio
715 2183 812 2220 haec
826 2183 1085 2232 proponenda
1098 2189 1217 2220 erant.
1260 2181 1347 2220 Illic
1362 2180 1467 2221 enim
1481 2182 1610 2231 plures

220 2237 504 2288 Scripturarum
518 2236 773 2287 peritissimos
795 2235 968 2274 invenire
989 2235 1121 2274 liceret
1138 2251 1144 2273 :
1165 2248 1287 2286 penes
1307 2248 1408 2285 quos
1426 2234 1500 2273 ista
1518 2247 1608 2272 cum

261 2329 271 2348 ¹
298 2330 406 2370 Quum
433 2329 514 2361 haec
537 2329 732 2367 dicerentur,
755 2327 925 2369 Zuinglius
952 2337 1132 2359 sermonem
1157 2328 1395 2369 interrumpens
1417 2327 1486 2359 ait:
1518 2326 1606 2368 Quid

219 2383 294 2404 vero
325 2374 352 2404 si
384 2373 537 2404 Erfordia
567 2377 623 2404 aut
651 2371 828 2412 Viteberga
858 2371 934 2403 huie
964 2372 1098 2412 negotio
1129 2371 1368 2403 destinaretur?
1422 2369 1608 2411 Respondit

220 2416 368 2447 Vicarius
380 2427 397 2490 :l
412 2415 562 2457 Minime,
580 2416 655 2457 quia
672 2414 833 2447 Lutherus
849 2415 945 2445 nimis
963 2415 1087 2446 vicinus
1103 2420 1161 2446 est.
1216 2415 1270 2445 Ab
1287 2413 1440 2455 aquilone
1455 2413 1608 2456 panditur

219 2469 315 2491 omne
332 2470 386 2490 ma
403 2470 465 2490 um.
