1715 2780
184 129 258 164 260
440 127 560 164 THE
592 127 730 164 DIET
761 126 833 165 OF
862 126 1183 173 AUGSBURG,
1219 138 1318 177 1530
1507 129 1573 166 116

181 244 254 268 nae
284 230 386 277 fidei,
419 237 457 268 et
486 237 528 268 ut
556 230 596 267 in
625 231 698 267 hac
727 243 844 267 causa
872 229 1067 280 religionis
1096 230 1265 280 partium
1293 230 1500 280 opiniones
1528 244 1575 270 ac

180 285 397 323 sententiae
418 283 517 322 inter
536 296 621 322 sese
641 284 680 321 in
697 283 866 331 caritate,
882 283 1042 322 lenitate
1061 291 1100 322 et
1115 284 1418 324 mansuetudine
1438 291 1575 324 mutua

179 337 388 376 audiantur
417 350 558 384 coram,
590 337 854 386 intelligantur
892 345 930 375 et
968 338 1246 387 ponderentur,
1276 346 1319 377 ut
1356 338 1441 386 illis,
1473 352 1574 389 quae

178 392 361 441 utrinque
382 391 421 429 in
441 390 638 441 scripturis
652 404 764 429 secus
784 398 947 429 tractata
966 398 1033 429 aut
1054 391 1251 430 intellecta
1270 398 1371 439 sunt,
1394 392 1574 443 sepositis

179 452 216 484 et
246 446 440 493 correctis,
463 458 522 483 res
552 446 639 483 illae
658 446 709 483 ad
730 458 849 483 unam
871 444 1089 494 simplicem
1110 445 1311 484 veritatem
1332 454 1371 484 et
1391 446 1574 486 Christia-

178 512 269 537 nam
299 499 552 537 concordiam
581 506 870 548 componantur
899 506 937 537 et
964 500 1223 547 reducantur,
1251 507 1294 538 ut
1322 501 1373 538 de
1401 507 1532 540 cetero
1551 513 1574 538 a

179 553 294 591 nobis
313 567 401 599 una,
426 552 576 591 sincera
596 560 634 591 et
653 566 743 591 vera
762 551 896 602 religio
916 554 1066 591 colatur
1095 561 1133 591 et
1161 560 1344 601 servetur,
1365 561 1418 601 ut,
1440 567 1573 604 quem-

178 607 397 645 admodum
427 606 500 644 sub
530 620 610 644 uno
640 605 799 646 Christo
828 619 962 645 sumus
1001 614 1039 645 et
1071 607 1294 654 militamus,
1326 607 1379 646 ita
1416 606 1456 645 in
1494 621 1574 646 una

179 660 297 699 etiam
327 661 492 699 ecclesia
522 659 755 707 Christiana,
778 661 818 698 in
846 661 996 699 unitate
1016 667 1054 699 et
1074 662 1287 700 concordia
1306 662 1434 700 vivere
1453 661 1573 711 possi-

180 727 266 752 mus
283 729 290 752 :
315 728 346 752 2.
366 727 569 764 quumque
582 726 655 753 nos
669 713 766 752 infra
782 714 914 764 scripti
931 715 1088 753 Elector
1102 722 1140 753 et
1155 714 1356 764 Principes
1369 728 1460 753 cum
1475 714 1570 761 aliis,

179 767 246 818 qui
264 767 379 807 nobis
400 767 601 806 coniuncti
629 775 729 815 sunt,
752 767 915 817 perinde
935 775 977 806 ut
996 768 1060 806 alii
1091 769 1292 807 Electores
1312 776 1350 807 et
1372 768 1572 818 Principes

179 829 216 860 et
246 824 376 861 Status
396 823 447 860 ad
476 823 649 871 praefata
668 821 828 860 comitia
848 821 998 860 evocati
1019 821 1151 869 simus,
1180 829 1222 860 ut
1241 822 1437 862 Caesareo
1466 835 1572 860 man-

179 876 273 913 dato
293 875 525 914 obedienter
548 875 866 925 obsequeremur,
890 883 1040 914 mature
1060 877 1239 914 venimus
1268 877 1498 925 Augustam,
1522 883 1570 923 et,

179 930 287 978 quod
308 929 403 967 citra
424 930 649 967 iactantiam
670 930 821 967 dictum
842 930 1034 976 volumus,
1057 929 1156 968 inter
1176 928 1321 978 primos
1341 929 1550 968 adfuimus.

233 996 267 1031 3.
300 984 434 1042 Quum
465 982 579 1032 igitur
606 985 655 1020 V.
687 984 731 1023 C.
764 984 820 1021 M.
853 982 1113 1029 Electoribus‚
1145 982 1392 1044 Principibus
1421 989 1459 1021 et
1486 982 1571 1021 aliis

178 1036 352 1074 Statibus
381 1036 532 1086 imperii
563 1035 680 1074 etiarn
719 1037 782 1074 hic
811 1038 1012 1086 Augustae
1050 1037 1124 1075 sub
1162 1035 1247 1086 ipsa
1283 1036 1393 1074 initia
1429 1037 1570 1074 horum

177 1089 426 1128 comitiorum
457 1091 556 1128 inter
585 1097 713 1129 cetera
742 1090 910 1140 proponi
948 1089 1091 1137 fecerit,
1123 1091 1232 1140 quod
1260 1089 1401 1140 singuli
1440 1091 1571 1128 Status

177 1143 337 1193 Imperii
364 1145 496 1193 vigore
520 1143 702 1183 Caesarei
728 1143 846 1182 edicti
871 1156 982 1181 suam
1007 1142 1238 1193 opinionem
1267 1151 1306 1182 et
1334 1143 1568 1182 sententiam

176 1211 215 1235 in
230 1197 465 1236 Germanica
485 1204 522 1236 et
539 1197 679 1235 Latina
698 1196 831 1247 lingua
849 1210 1068 1247 proponere
1081 1197 1253 1236 debeant
1272 1204 1391 1247 atque
1410 1198 1571 1236 offerre·
1562 1228 1572 1245 ,

176 1258 214 1289 et
243 1250 377 1289 habita
397 1250 681 1290 deliberatione
700 1251 878 1300 proxima
898 1252 991 1290 feria
1010 1258 1147 1301 quarta
1167 1264 1319 1289 rursum
1338 1263 1568 1301 responsum

175 1312 243 1351 est,
275 1306 322 1342 V.
353 1306 398 1344 C.
431 1306 487 1343 M.
520 1318 592 1343 nos
620 1304 797 1354 proxima
826 1304 919 1343 feria
947 1312 1055 1343 sexta
1083 1304 1277 1343 articulos.
1295 1312 1451 1343 nostrae
1479 1317 1571 1343 con-

175 1357 354 1396 fessionis
394 1371 464 1407 pro
506 1366 639 1396 nostra
680 1365 789 1408 parte
828 1358 1029 1397 oblaturos
1072 1371 1182 1397 esse:
1230 1358 1321 1397 ideo
1358 1366 1401 1396 ut
1429 1359 1478 1396 V.
1510 1360 1567 1397 M.

174 1411 366 1450 voluntati
387 1412 661 1461 obsequamur,
686 1411 883 1451 offerimus
904 1413 943 1449 in
964 1413 1038 1450 hac
1057 1411 1253 1461 religionis
1283 1425 1401 1450 causa
1419 1419 1569 1450 nostro-

175 1479 260 1503 rum
290 1464 613 1504 concionatorum
643 1472 681 1504 et
713 1473 885 1503 nostram
915 1465 1218 1512 confessionem,
1249 1465 1472 1504 cuiusmodi
1501 1466 1569 1504 do-

174 1518 339 1557 ctrinam
369 1532 416 1557 ex
444 1520 650 1569 Scripturis
680 1518 832 1557 Sanctis
862 1526 900 1557 et
929 1532 1026 1569 puro
1050 1519 1170 1558 verbo
1195 1518 1271 1557 Dei
1300 1520 1491 1557 hactenus
1515 1519 1569 1557 illi

174 1572 214 1610 in
243 1572 385 1611 nostris
415 1572 534 1620 terris,
566 1572 786 1620 ducatibus,
817 1572 1034 1611 ditionibus
1064 1580 1102 1612 et
1130 1572 1294 1611 urbibus
1323 1572 1565 1620 tradiderint,

173 1639 219 1664 ac
248 1627 288 1664 in
318 1625 492 1665 ecclesiis
521 1627 780 1665 tractaverint.

227 1693 261 1726 4.
295 1681 417 1729 Quod
444 1681 475 1718 si
502 1688 540 1718 et
565 1681 682 1718 ceteri
711 1681 923 1726 Electores‚
947 1679 1149 1730 Principes
1177 1692 1224 1718 ac
1253 1680 1384 1718 Status
1407 1679 1568 1730 Imperii

173 1732 366 1772 similibus
396 1733 560 1783 scriptis,
591 1733 740 1771 Latinis
779 1733 926 1772 scilicet
956 1741 993 1772 et
1032 1732 1288 1780 Germanicis,
1320 1732 1425 1771 iuxta
1461 1746 1568 1783 prae-

172 1788 318 1825 dictam
349 1789 581 1827 Caesaream
611 1786 932 1837 propositionem,
954 1800 1043 1825 suas
1063 1786 1271 1837 opiniones
1297 1786 1336 1824 in
1357 1787 1430 1824 hac
1450 1799 1567 1824 causa

172 1840 368 1890 religionis
407 1840 686 1890 produxerint:
734 1840 798 1879 hic
832 1853 904 1879 nos
942 1853 1073 1879 coram
1103 1842 1150 1878 V.
1187 1840 1233 1880 C.
1267 1842 1322 1878 M.
1363 1847 1565 1889 tamquam

171 1893 335 1931 domino
364 1901 498 1931 nostro
526 1894 833 1932 clementissimo
853 1901 1007 1943 paratos
1029 1893 1238 1941 offerimus,
1259 1906 1332 1932 nos
1352 1906 1440 1931 cum
1462 1906 1567 1943 prae-

173 1946 258 1984 fatis
289 1946 536 1996 Principibus
565 1955 604 1985 et
631 1947 767 1986 amicis
797 1947 937 1986 nostris
967 1948 1018 1985 de
1055 1946 1324 1986 tolerabilibus
1353 1947 1482 1985 modis
1519 1959 1566 1984 ac

171 1999 242 2037 viis
276 1999 402 2038 amice
440 2001 626 2047 conferre,
658 2008 711 2047 ut,
743 2008 934 2049 quantum
976 2001 1141 2038 honeste
1182 2001 1263 2038 fieri
1303 2006 1443 2049 potest,
1475 2012 1565 2038 con-

170 2052 385 2100 veniamus,
407 2060 445 2091 et
466 2066 505 2091 re
526 2053 625 2091 inter
645 2066 718 2092 nos
743 2061 781 2091 et
801 2061 929 2103 partes
951 2053 1046 2091 citra
1065 2052 1245 2091 odiosam
1266 2052 1564 2091 contentionem

170 2106 333 2156 pacifice
361 2105 514 2155 agitata,
548 2108 634 2145 Deo
667 2108 796 2152 dante,
829 2106 1021 2144 dissensio
1051 2106 1264 2154 dirimatur,
1295 2113 1334 2145 et
1361 2107 1413 2145 ad
1443 2119 1563 2144 unam

169 2172 299 2198 veram
329 2160 566 2198 concordem
597 2159 825 2209 religionem
854 2160 1071 2206 reducatur,
1094 2159 1194 2198 sicut
1223 2172 1361 2198 omnes
1389 2159 1463 2198 sub
1483 2172 1564 2197 uno

171 2212 328 2252 Christo
349 2225 482 2251 sumus
504 2221 541 2250 et
562 2212 774 2250 militamus
804 2220 842 2250 et
871 2226 995 2250 unum
1017 2212 1218 2252 Christum
1248 2213 1425 2252 confiteri
1445 2212 1562 2251 debe-

170 2279 267 2312 mus,
300 2267 405 2304 iuxta
434 2273 610 2304 tenorem
640 2265 758 2304 edicti
787 2267 835 2302 V.
865 2266 912 2305 C.
944 2267 1014 2312 M.,
1047 2273 1085 2304 et
1114 2268 1248 2304 omnia
1275 2267 1326 2305 ad
1358 2265 1561 2305 veritatem

171 2319 247 2359 Dei
267 2321 541 2370 perducantur,
564 2319 604 2357 id
624 2320 733 2368 quod
752 2318 1033 2357 ardentissimis
1054 2319 1153 2358 votis
1173 2333 1196 2357 a
1217 2322 1305 2358 Deo
1326 2319 1505 2370 petimus.

225 2385 258 2423 5.
290 2374 330 2411 Si
350 2381 493 2420 autem,
516 2373 624 2422 quod
653 2373 703 2411 ad
724 2380 874 2411 ceteros
896 2374 1106 2419 Electores‚
1140 2373 1338 2424 Principes
1359 2380 1398 2412 et
1418 2373 1560 2420 Status,

170 2434 211 2464 ut
241 2433 391 2476 partem
420 2428 592 2472 alteram,
623 2425 773 2473 attinet,
795 2427 893 2464 haec
922 2427 1099 2464 tractatio
1128 2439 1269 2466 causae
1297 2425 1492 2476 religionis
1512 2438 1562 2464 eo

169 2481 303 2528 modo,
333 2493 413 2530 quo
440 2482 487 2517 V.
511 2480 556 2519 C.
580 2481 636 2518 M.
658 2480 851 2530 agendam
881 2486 918 2518 et
947 2480 1190 2519 tractandam
1220 2479 1414 2531 sapienter
1438 2478 1558 2526 duxit,
