1715 2780
148 74 225 113 126
478 70 965 115 PROTESTANTISM,
1001 82 1016 106 1
1026 80 1072 118 53
1082 82 1179 116 2-41
1471 81 1546 117 309

149 175 296 215 tionem
318 174 426 213 unde
452 173 621 234 primum
648 179 755 212 ortus
783 180 841 211 est
869 172 1042 219 morbus,
1067 179 1305 222 secutusque
1326 172 1546 210 doctrinam

149 229 315 291 apostoli
355 228 466 267 Pauli
496 227 553 266 vis
593 240 679 267 esse
717 227 966 278 dispensator
1003 239 1085 264 non
1117 225 1314 273 (10111111115,
1348 234 1386 265 et
1421 226 1547 265 fidelis

150 283 314 323 inveniri
347 296 369 321 a
401 281 604 329 Domino,-
648 281 820 320 imitatus
860 280 977 320 etiam
1018 293 1173 319 servum
1203 280 1325 327 illum,
1358 293 1475 330 quern
1507 280 1547 318 in

149 336 352 388 evangelio
390 336 589 375 Dominus
628 337 813 387 praefecit
851 334 1021 374 familiae
1060 349 1164 382 suae,
1206 342 1248 373 ut
1293 336 1360 374 det
1394 334 1468 373 illis
1507 334 1547 372 in

150 400 326 442 ternpore
350 390 465 430 tritici
491 404 738 430 mensuram:
769 404 815 429 ac
844 397 1052 441 propterea
1082 388 1289 429 decrevisti
1310 390 1416 427 nolle
1437 390 1547 439 quod

150 460 231 485 non
251 445 376 492 liceat,
399 458 473 484 nec
494 444 549 483 vis
571 458 686 495 posse
706 446 813 494 quod
835 458 917 483 non
938 444 1071 483 debes.
1132 444 1314 494 Ideoque
1343 456 1416 482 nos
1436 445 1488 482 ad
1509 451 1547 482 te

150 499 396 546 accersivisti,
420 499 621 550 imperitos
643 499 805 549 quidem
827 512 872 537 ac
899 506 979 537 tarn
1007 511 1152 549 magno
1176 499 1336 548 negotio
1365 497 1544 548 impares,

150 569 231 594 non
251 567 388 605 parurn
409 561 543 592 tamen
557 555 720 592 affectos
736 567 826 592 cum
844 552 983 592 honori
997 560 1035 592 et
1050 552 1196 603 gloriae
1212 552 1427 591 sanctitatis
1445 560 1548 599 tuae,

150 618 233 649 tum
265 609 475 660 praecipue
503 607 775 646 instaurationi
806 607 996 646 ecclesiae
1021 606 1165 647 Christi
1191 623 1197 646 :
1232 620 1278 645 ac
1311 606 1547 657 gravissimis

150 663 277 703 verbis
315 661 528 709 iniunxisti,
554 670 596 700 ut
626 675 765 701 omnes
800 663 873 700 hos
907 661 1054 700 abusus
1084 661 1366 712 colligeremus,
1396 661 1547 710 tibique

151 718 236 757 illos
266 717 598 768 significaremus:
646 717 865 755 obtestatus
895 729 967 754 nos
994 715 1217 755 reddituros
1242 729 1327 754 esse
1354 715 1547 754 rationem

150 772 266 811 huius
285 770 433 822 negotii
462 770 579 809 nobis
605 770 835 809 demandati
866 772 955 809 Deo
985 770 1150 820 optimo,
1172 769 1203 808 si
1234 769 1476 820 negligenter
1502 783 1548 808 ac

152 825 360 865 infideliter
397 838 612 876 ageremus.
672 827 805 876 Atque
853 833 896 863 ut
939 826 1074 863 omnia
1121 824 1280 862 liberius
1329 824 1429 863 inter
1475 837 1548 862 nos

152 881 305 920 tractari
343 887 516 930 possent,
554 879 704 930 tibique
743 893 766 918 a
804 879 919 918 nobis
959 878 1152 929 explicari,
1186 878 1437 917 iureiurando
1476 891 1548 916 nos

151 933 400 981 destrinxisti,
423 935 559 973 addita
579 933 696 972 etiam
715 933 1136 972 excommunicationis
1150 946 1289 983 poena,
1306 946 1356 971 ne
1377 932 1548 983 cuipiam

151 989 300 1039 aliquid
321 965 436 1027 11111115
457 987 577 1027 nostri
600 988 772 1027 muneris
792 989 1060 1038 proderemus.

206 1045 291 1082 Nos
312 1043 427 1093 igitur
454 1050 522 1081 tuo
544 1042 710 1092 imperio
730 1050 922 1092 parentes,
947 1042 1190 1092 collegimus,
1214 1049 1364 1091 quanto
1394 1041 1550 1092 paucio-

152 1097 258 1136 ribus
280 1097 361 1136 fieri
389 1096 527 1147 potuit,
551 1098 623 1135 hos
652 1098 812 1135 morbos
838 1109 1056 1146 eorumque
1084 1097 1268 1143 remedia,
1293 1108 1349 1144 ea,
1373 1095 1547 1145 inquam,

152 1165 254 1202 quae
289 1165 358 1202 pro
397 1150 588 1190 tenuitate
620 1150 765 1201 ingenii
804 1151 925 1189 nostri
961 1150 1181 1201 excogitare
1215 1150 1549 1200 1101111111115.Ί11

152 1219 244 1245 vero
263 1219 335 1255 pro
357 1212 422 1244 tua
444 1205 620 1244 bonitate
641 1219 687 1243 ac
708 1206 899 1255 sapientia
921 1204 1054 1243 omnia
1076 1204 1260 1243 resarcies
1287 1218 1332 1243 ac
1357 1203 1547 1264 perficies,

152 1260 191 1299 in
212 1260 355 1310 quibus
375 1273 446 1310 pro
467 1259 657 1298 tenuitate
676 1268 809 1298 nostra
833 1259 1125 1298 offenderimus,
1184 1261 1220 1296 V
1224 1272 1331 1298 erum
1354 1266 1395 1296 ut
1417 1258 1551 1297 omnia

153 1314 265 1353 certis
285 1314 525 1364 quibusdam
547 1313 691 1352 finibus
720 1315 1055 1364 complectamur:
1085 1327 1175 1352 011111
1204 1313 1390 1351 sanctitas
1419 1321 1486 1351 tua
1512 1321 1550 1351 et

152 1369 199 1408 sit
220 1368 402 1419 princeps
423 1368 711 1419 provinciarum
734 1369 871 1406 harum
900 1381 1000 1418 quae
1022 1369 1189 1406 subsunt
1210 1367 1351 1406 ditioni
1371 1366 1551 1406 ecclesia-

153 1423 274 1462 sticae
301 1430 339 1461 et
369 1422 417 1461 sit
437 1422 613 1472 pontifex
640 1422 868 1461 universalis
894 1422 1096 1470 ecclesiae,
1125 1422 1173 1460 sit
1197 1422 1313 1461 etiam
1341 1421 1550 1472 episcopus

154 1479 371 1525 Romanus,
403 1477 500 1515 nihil
529 1476 645 1515 nobis
675 1476 891 1516 dicendum
919 1476 1159 1527 sumpsimus
1189 1478 1240 1515 de
1266 1476 1326 1514 his
1347 1489 1448 1526 quae
1469 1489 1551 1526 per-

152 1531 277 1570 tinent
315 1532 366 1570 ad
405 1532 511 1569 hunc
550 1530 813 1581 principatum
848 1530 1049 1578 ecclesiae,
1085 1544 1203 1581 quem
1244 1538 1310 1569 tua
1341 1530 1551 1580 prudentia

152 1585 300 1636 optime
316 1585 395 1636 regi
422 1585 627 1625 videmus:
658 1593 864 1635 tangemus
891 1593 1044 1624 tanturn
1075 1599 1121 1624 ea
1148 1599 1249 1635 quae
1277 1586 1473 1635 pertinent
1499 1586 1550 1623 ad

152 1639 324 1678 officium
364 1639 591 1678 universalis
618 1639 828 1690 pontificis,
853 1648 890 1679 et
921 1641 1111 1678 nonnulla
1132 1652 1233 1689 quae
1254 1646 1345 1677 sunt
1378 1638 1549 1677 Romani

153 1693 338 1744 episcopi.
400 1695 505 1732 Illud
534 1707 627 1732 vero
656 1701 747 1732 ante
777 1694 921 1740 onmia,
960 1693 1184 1733 beatissime
1214 1701 1334 1743 pater,
1365 1701 1550 1744 putamus

153 1748 407 1787 statuendum
448 1760 545 1795 esse,
587 1756 628 1786 ut
668 1747 762 1785 dicit
797 1747 1028 1786 Aristoteles
1064 1747 1103 1785 in
1138 1747 1332 1798 politicis:
1376 1747 1475 1785 sicut
1511 1747 1549 1784 in

152 1814 389 1852 unaquaque
419 1801 630 1852 republica,
659 1801 709 1840 ita
739 1810 776 1841 et
808 1801 847 1839 in
875 1803 947 1840 hac
975 1801 1239 1840 ecclesiastica
1265 1801 1551 1851 gubernatione

152 1855 342 1895 ecelesiae
381 1855 538 1902 Christi,
580 1857 681 1894 hanc
721 1869 812 1906 prae
844 1856 1030 1894 omnibus
1066 1857 1192 1906 legem
1228 1856 1466 1902 habendam,
1509 1865 1549 1894 ut

152 1917 344 1960 quantum
366 1910 446 1948 fieri
469 1918 597 1960 potest
619 1912 722 1970 leges
744 1924 828 1949 serv
831 1919 969 1958 entur,
998 1924 1071 1949 nec
1093 1919 1276 1960 putemus
1297 1910 1413 1948 nobis
1434 1910 1550 1948 licere

151 1964 400 2014 dispensare
392 1978 431 2002 111
445 1964 607 2014 legibus
626 1978 699 2002 n151
714 1973 864 2015 urgenti
879 1967 929 2004 dc
943 1978 1060 2004 causa
1081 1973 1119 2003 et
1139 1965 1370 2003 necessaria.
1430 1965 1549 2003 Nulla

152 2031 324 2069 namque
355 2018 609 2069 perniciosior
647 2021 894 2058 consuetudo
927 2019 966 2057 in
1004 2019 1141 2070 quavis
1175 2018 1376 2069 republica
1415 2018 1548 2057 induci

151 2079 280 2123 potest
309 2086 428 2123 quam
459 2074 555 2112 haec
585 2074 714 2123 legum
746 2073 1046 2120 inobservantia,
1076 2087 1173 2124 quas
1202 2081 1355 2112 sanctas
1384 2072 1550 2111 maiores

152 2127 273 2165 nostri
303 2140 388 2166 esse
428 2128 646 2174 voluerunt,
688 2141 904 2177 earumque
938 2136 1175 2178 potestatem
1216 2128 1481 2166 venerandam
1513 2136 1549 2165 et

152 2180 324 2219 divinam
356 2182 612 2232 appellarunt.
672 2181 755 2220 Scis
777 2190 817 2220 tu
840 2183 938 2221 haec
959 2181 1103 2229 omnia,
1125 2181 1275 2232 optime
1303 2181 1489 2231 pontifex,
1513 2190 1550 2219 et

152 2234 277 2285 legisti
299 2236 375 2273 iarn
401 2235 554 2285 pridem
584 2237 691 2285 apud
720 2236 979 2286 philosophos
1008 2245 1045 2275 et
1073 2237 1302 2286 theologos:
1337 2236 1430 2273 illud
1459 2248 1550 2273 vero

152 2301 233 2326 non
254 2297 406 2327 tantum
429 2289 520 2327 huic
540 2289 762 2340 proximum
786 2292 856 2328 sed
877 2292 994 2340 longe
1014 2290 1119 2341 prius
1140 2299 1177 2329 et
1200 2289 1329 2339 potius
1351 2288 1549 2338 superiore

153 2350 346 2392 putamus,
370 2357 449 2381 non
472 2343 586 2382 licere
610 2343 785 2393 pontifici
808 2352 845 2382 et
863 2344 1008 2383 Christi
1026 2344 1169 2382 vicario
1184 2344 1222 2381 in
1238 2357 1309 2381 11511
1332 2343 1547 2392 potestatis,

152 2396 319 2435 clavium
346 2399 549 2447 potestatis
578 2397 788 2447 inquimuS,
819 2412 841 2436 a
869 2398 1029 2438 Christo
1050 2398 1083 2437 ei
1107 2399 1283 2443 collatae,
1307 2398 1456 2434 lucrum
1485 2397 1550 2435 ali-

153 2451 260 2499 quod
282 2464 518 2501 comparare.
582 2454 672 2489 Hoc
693 2452 838 2490 etenim
870 2460 927 2490 est
953 2452 1096 2492 Christi
1122 2452 1375 2489 mandatum:
1412 2452 1550 2490 Gratis
