1715 2780
104 97 161 146 96
319 95 637 133 LUTHERAN
680 94 1104 140 COMMUNI'I'IES,
1144 96 1296 143 1526—9
1429 106 1501 143 205

105 203 260 250 Integre
294 213 385 250 ergo
424 199 557 238 doceri
592 199 712 238 debet
749 198 1019 248 Evangelium,
1063 196 1159 236 nihil
1194 198 1425 236 addendum
1462 206 1503 236 ut

102 268 126 294 a
149 253 409 293 Pontificibus
433 255 521 304 plus
551 253 643 292 satis
669 254 816 291 sactum
847 265 933 291 esse
963 251 1104 291 merito
1133 251 1344 302 querimur,
1370 253 1440 290 sed
1466 260 1505 290 et

103 308 199 347 nihil
215 309 516 347 detrahendum.
561 306 766 346 Exhortati
786 306 920 357 itaque
936 319 1073 345 sumus
1089 314 1265 356 pastores
1281 313 1324 344 ut
1344 306 1503 356 plebem

103 364 154 402 de
173 361 344 413 peccatis
364 361 581 401 manifestis
601 368 766 411 arguant
785 367 823 400 et
843 374 867 399 a
885 362 982 399 falsa
1012 360 1274 399 sanctimonia
1299 362 1351 399 ad
1372 373 1505 399 veram

103 418 250 456 ducant
269 415 567 467 poenitentiam.
628 415 820 464 Quamvis
845 414 951 454 enirn
978 414 1076 453 nihil
1097 414 1326 464 priusquam
1355 415 1405 453 de
1428 415 1506 453 fide

105 472 246 511 docere
265 470 388 510 velint
408 471 478 509 sed
499 469 783 521 poenitentiam
805 476 847 508 ut
868 470 1069 519 sequelam
1087 469 1178 508 fidei
1201 481 1434 519 proponere,
1456 482 1506 507 ne

104 524 311 565 adversarii
338 523 454 563 nobis
482 525 678 574 imputent
699 537 745 562 ac
772 523 803 561 si
830 524 1052 562 doctrinam
1074 530 1248 562 nostram
1270 522 1508 561 revocaveri-

105 593 191 618 mus
209 594 219 627 3
258 578 508 618 considerare
546 586 679 617 tamen
711 578 860 616 debent
899 577 1185 627 poenitentiam
1220 585 1259 616 et
1293 578 1420 627 legem
1454 578 1506 615 ad

105 635 224 673 fidem
242 633 452 684 (quatenus
472 633 611 671 notitia
631 639 690 671 est
710 631 1019 683 credendorum)
1039 631 1233 682 pertinere
1255 631 1378 682 (credi
1400 631 1507 670 enim

105 689 224 727 debet
248 689 381 726 Deum
406 700 492 726 esse
512 686 581 737 qui
600 686 782 733 minatur,
806 687 968 725 mandat
996 693 1034 725 et
1058 687 1207 735 terret),
1228 693 1266 724 et
1293 686 1380 724 rudi
1402 685 1509 736 plebi

105 743 363 793 proponenda
401 748 459 780 est
498 740 538 779 in
572 747 737 779 tractatu
772 741 822 779 de
856 741 946 788 fide,
982 739 1100 779 etiam
1140 739 1395 790 poenitentia,
1433 740 1505 787 lex,

105 796 221 836 timor
241 803 313 836 etc.
335 803 378 834 ut
401 803 511 835 tanto
532 794 755 834 distinctius
776 794 966 844 intelligat
986 795 1082 844 quid
1104 793 1153 832 sit
1174 794 1271 832 fides
1293 794 1508 832 iustificans

109 849 246 903 [Rom.
269 850 321 889 iii.
347 847 414 903 28]
437 857 475 888 et
496 849 592 900 quid
614 850 662 888 sit
683 850 744 888 lex
766 856 803 887 et
825 849 1081 899 poenitentia,
1105 855 1144 886 et
1164 862 1187 886 a
1207 847 1509 898 quaestionibus

108 904 311 944 inutilibus
330 904 590 943 abstrahatur.

161 959 180 1009 ξ
202 973 236 999 2.
266 960 332 998 De
352 960 425 1008 lege
444 963 481 996 et
497 958 729 996 contritione.
784 959 846 995 De
862 958 947 1007 lege
965 954 1090 1009 [idem
1112 956 1321 1006 specialius
1342 962 1511 994 tractant

109 1011 167 1066 et]
193 1013 376 1063 explicari
408 1010 584 1065 [iubent]
611 1012 859 1062 decalogum,
890 1018 928 1049 et
955 1011 1176 1060 exaggerari
1204 1017 1367 1060 peccata
1395 1010 1433 1047 in
1462 1022 1510 1048 eo

108 1066 316 1118 prohibita,
338 1079 556 1116 eorumque
585 1078 746 1116 poenas,
770 1097 776 1104 .
798 1095 804 1102 .
829 1096 835 1103 .
860 1063 914 1117 [p.
943 1079 957 1102 1
967 1077 986 1114 5
994 1062 1035 1117 3]
1058 1065 1177 1103 Fides
1197 1065 1304 1102 enim
1326 1064 1510 1102 solatium

110 1128 147 1160 et
175 1122 364 1172 gaudium
385 1122 521 1159 afferre
541 1120 672 1167 debet,
701 1126 740 1157 at
769 1120 844 1158 hoc
872 1118 1006 1158 sentiri
1034 1131 1114 1156 non
1143 1125 1274 1168 potest
1301 1117 1374 1155 nisi
1405 1116 1511 1167 prius

110 1176 299 1214 sentiatur
319 1174 513 1213 contritio.
574 1173 819 1223 Pauperibus
840 1174 947 1212 enim
969 1173 1215 1222 praedicatur
1237 1172 1509 1222 Evangelium.

113 1232 225 1269 Duae
251 1236 342 1268 sunt
368 1236 497 1279 partes
527 1227 619 1267 fidei
650 1229 730 1266 sive
757 1226 954 1277 religionis
976 1226 1235 1272 Christianae,
1267 1225 1512 1275 poenitentia

111 1296 253 1334 nempe
283 1282 364 1322 sive
392 1282 577 1322 contritio
606 1282 658 1321 ob
689 1289 862 1332 peccata,
894 1282 987 1319 dein
1019 1281 1163 1319 fiducia
1197 1281 1247 1318 de
1282 1279 1513 1318 remissione

111 1345 375 1388 peccatorum,
396 1336 509 1376 tertia
535 1343 593 1376 est
620 1335 723 1375 vitae
743 1335 992 1375 Christianae
1019 1336 1100 1374 sive
1129 1335 1325 1373 bonorum
1347 1346 1512 1384 operum

111 1391 349 1439 exercitium,
372 1404 540 1441 quorum
562 1389 773 1441 praecipua
800 1395 1065 1430 recensentur.
1128 1390 1240 1427 Bona
1261 1395 1393 1427 autem
1422 1395 1513 1426 sunt

112 1459 212 1496 quae
231 1459 254 1484 a
275 1447 365 1484 Deo
385 1452 595 1496 praecepta
614 1451 653 1484 et
674 1443 854 1494 proximo
874 1443 984 1482 utilia
1005 1450 1107 1482 sunt.

165 1499 241 1552 (Of
274 1501 340 1540 the
379 1498 597 1549 remaining
636 1498 785 1537 sixteen
824 1499 978 1536 articles
1018 1498 1115 1536 Nos.
1153 1510 1225 1546 3—1
1236 1509 1257 1545 3
1293 1496 1381 1534 deal
1422 1495 1512 1534 with

113 1553 291 1593 doctrine
310 1555 390 1593 and
411 1567 476 1592 are
497 1553 662 1592 entitled
683 1553 701 1601 ξ
722 1566 744 1602 3
766 1553 810 1591 of
828 1554 980 1602 Prayer,
1003 1552 1021 1601 ξ
1042 1565 1066 1599 4
1087 1551 1132 1589 of
1147 1551 1214 1589 the
1235 1551 1366 1598 Cross,
1389 1551 1407 1600 ξ
1430 1562 1449 1600 5
1475 1550 1519 1587 of

116 1609 301 1658 Baptism,
336 1609 354 1657 ξ
386 1610 408 1646 6
443 1609 487 1646 of
516 1608 583 1646 the
618 1608 731 1657 Body
762 1607 842 1645 and
874 1607 1004 1644 Blood
1036 1607 1080 1643 of
1111 1606 1177 1643 the
1213 1605 1330 1650 Lord,
1370 1605 1388 1652 ξ
1423 1615 1440 1652 7
1476 1605 1520 1641 of

116 1663 308 1709 Penance,
331 1663 349 1711 ξ
370 1663 393 1699 8
415 1663 458 1700 of
475 1660 724 1707 Confession‚
748 1662 766 1710 ξ
789 1674 811 1710 9
833 1661 878 1698 of
894 1658 1156 1706 Satisfaction,
1179 1658 1197 1705 ξ
1224 1672 1270 1695 10
1291 1659 1335 1696 of
1352 1659 1512 1696 Church

115 1716 251 1763 Order,
273 1717 292 1765 ξ
318 1730 360 1754 11
385 1716 429 1753 of
447 1715 700 1764 Matrimony,
725 1715 743 1763 §
768 1728 812 1752 12
836 1715 880 1751 of
897 1716 994 1751 Free
1014 1713 1116 1758 Will,
1144 1713 1162 1761 ξ
1187 1725 1232 1760 13
1255 1712 1300 1749 of
1316 1712 1514 1750 Christian

117 1769 303 1819 Liberty3
333 1771 409 1809 No.
437 1783 484 1817 14
504 1770 535 1807 is
558 1770 624 1807 ‘of
640 1769 706 1807 the
727 1768 884 1815 Turk’,
914 1769 989 1806 No.
1019 1778 1061 1816 15
1085 1767 1130 1804 of
1155 1765 1270 1814 Daily
1292 1766 1448 1803 Service
1476 1765 1515 1802 in

117 1824 301 1871 Church3
330 1825 406 1862 No.
434 1825 479 1861 16
502 1824 546 1861 of
563 1821 960 1860 Excommunication
979 1835 987 1867 3
1018 1822 1083 1859 No
1109 1831 1153 1868 17
1175 1820 1243 1857 ‘of
1266 1818 1516 1868 Superinten-

116 1878 278 1925 dents'3
316 1878 394 1917 No.
422 1879 478 1924 18,
513 1878 580 1914 ‘of
604 1877 820 1915 Schools':
859 1876 939 1913 and
969 1874 1046 1913 this
1081 1875 1153 1912 last
1187 1875 1269 1923 lays
1303 1874 1419 1911 down
1450 1874 1518 1911 the

117 1932 268 1969 normal
288 1932 379 1981 plan
400 1932 444 1970 of
460 1930 672 1970 education
692 1932 751 1969 for
772 1930 839 1968 the
860 1930 976 1968 Latin
1004 1929 1162 1966 schools
1183 1928 1228 1966 of
1250 1928 1316 1965 the
1337 1935 1515 1976 country.

118 1986 191 2024 See
211 1984 382 2035 Sehhng,
405 1986 428 2023 i.
454 1997 526 2035 153
544 1984 647 2035 sqq.)

158 2099 245 2142 No.
268 2110 342 2153 97.
404 2100 637 2144 Luther’s
670 2099 829 2143 Short
860 2097 1164 2148 catechism,
1196 2096 1316 2151 July
1338 2106 1463 2149 1529.

694 2201 950 2240 PREFACE

174 2278 330 2316 Martin
351 2278 501 2315 Lutlzer
525 2283 562 2315 to
588 2279 649 2315 all
661 2277 847 2326 faitlzfizl,
860 2277 977 2325 pians
997 2281 1163 2324 panon,
1188 2275 1271 2312 and
1287 2275 1491 2323 preaclzers
1508 2290 1518 2311 .-

127 2331 257 2378 Grace,
280 2344 409 2379 mercy,
431 2332 514 2368 and
520 2337 632 2380 peace
652 2332 692 2369 in
703 2332 820 2381 sesus
840 2330 979 2369 Christ
996 2342 1069 2367 our
1087 2330 1204 2366 Lord.

176 2409 224 2445 In
244 2408 385 2458 setting
404 2409 507 2447 forth
527 2409 604 2448 this
625 2410 852 2449 Catechism
874 2421 917 2446 or
937 2406 1136 2447 Christian
1157 2404 1337 2444 doctrine
1365 2403 1404 2441 in
1424 2405 1522 2442 such

122 2473 144 2498 a
164 2460 312 2511 simple,
334 2462 502 2510 concise,
524 2464 602 2501 and
633 2476 723 2512 easy
753 2464 863 2509 form,
889 2464 907 2500 I
937 2463 1038 2500 have
1057 2461 1161 2499 been
1191 2458 1413 2508 compelled
1443 2459 1522 2497 and
