1715 2780
93 85 144 134 38
173 86 292 124 THE
325 83 904 125 EXCOMMUNICATION
934 83 1005 121 OF
1035 83 1285 128 LUTHER‚
1314 93 1412 132 1520
1446 93 1491 132 75

95 189 258 233 cedatur,
284 200 359 225 non
395 188 564 225 videatur
601 199 660 223 res
696 187 749 223 sic
784 187 928 222 abitura
962 185 1051 232 quin
1089 186 1124 220 in
1160 185 1363 220 Germania
1393 195 1495 220 acer-

96 238 208 274 rimas
233 236 457 272 offensiones
484 243 520 271 et
546 235 740 271 horribiles
765 246 809 270 ac
829 234 993 270 exitiales
1012 233 1190 269 tumultus
1211 232 1414 268 excitatura
1434 233 1494 276 sit,

97 285 193 323 unde
211 296 279 320 nec
295 284 345 319 ad
364 286 401 320 S.
417 285 465 319 D.
482 286 529 320 N.
544 283 762 319 Pontificem
780 294 849 318 nec
866 282 949 317 aliis
967 281 1169 327 quidquam
1188 280 1356 315 utilitatis
1375 279 1495 315 redire

100 332 253 378 poterit’
280 331 463 377 (Lutlzerz'
502 332 568 376 Op.
595 332 680 366 Lat.
706 343 740 365 v.
767 329 818 375 9).
876 328 1131 373 Accordingly
1167 329 1285 369 when,
1321 328 1421 372 early
1459 327 1494 362 in

99 381 207 424 Nov.‚
224 379 287 415 the
314 379 398 414 Bull
424 391 498 414 was
523 377 720 424 presented
738 384 776 412 to
794 377 871 411 him
889 383 928 412 at
948 376 1047 411 Koln
1066 377 1114 421 by
1131 375 1194 411 the
1212 375 1324 420 papal
1342 386 1496 420 envoys,

98 427 311 463 Caracciolo
337 427 411 462 and
438 426 636 470 Aleander,
663 426 725 460 the
753 425 904 459 Elector
930 423 1143 459 demanded
1172 425 1229 457 ‘ut
1261 422 1399 457 omissa
1425 433 1499 468 qua

99 486 156 510 res
183 481 314 520 coepta
339 481 394 509 est
421 474 479 518 agi
508 473 579 516 via,
607 472 752 508 navetis
781 483 932 517 operam
964 471 1015 506 ita
1040 470 1175 515 agendi
1208 481 1359 505 causam
1388 470 1497 504 istam

99 528 138 557 ut
165 522 303 567 aequis,
334 521 499 564 eruditis,
531 521 601 566 piis
632 527 668 555 et
699 531 774 555 non
806 518 986 564 suspectis
1018 518 1201 553 iudicibus
1221 544 1229 553 .
1248 544 1256 552 .
1276 545 1283 553 .
1304 517 1496 552 audiatur:

100 581 168 605 nec
192 569 274 604 libri
298 569 462 613 Lutheri‚
482 569 562 613 ipso
587 579 708 613 neque
727 567 853 603 audito
872 578 991 612 neque
1010 565 1193 609 convicto,
1212 564 1496 600 comburantur'

103 616 207 661 (ibid.
238 628 271 651 V.
298 616 394 661 247).
447 618 519 651 But
546 616 714 651 Luther’s
741 615 861 649 books
887 625 980 649 were
1007 614 1117 648 burnt
1151 614 1242 648 both
1268 619 1306 648 at
1332 612 1499 647 Louvain

102 664 178 699 and
195 670 231 699 at
251 665 374 699 Ko'ln:
408 664 494 704 and,
514 663 607 698 after
624 662 809 706 renewing
826 661 883 696 his
902 662 1035 706 appeal
1053 667 1092 696 to
1109 673 1132 695 a
1151 660 1312 695 General
1332 659 1498 702 Council,

106 720 144 755 17
178 713 274 746 Nov.
307 711 411 756 (ibid.
446 720 509 755 119
537 710 646 756 sqq.)‚
675 711 721 745 he
755 709 871 744 broke
905 709 1030 753 finally
1062 707 1148 743 with
1184 708 1303 742 Rome
1337 707 1411 742 and
1443 718 1499 740 re-

101 758 254 794 taliated
279 759 328 804 by
346 758 508 803 burning
533 759 596 794 the
624 757 739 802 Papal
761 756 842 791 Bull
869 756 945 791 and
972 757 1034 791 the
1064 756 1259 790 Decretals
1286 761 1322 789 at
1342 754 1500 789 Witten-

103 807 205 851 berg,
226 816 270 841 10
289 807 382 842 Dec.
407 814 506 851 1520.

267 926 358 970 No.
381 927 453 980 38.
514 924 622 969 The
653 924 766 968 Bull
795 923 1053 977 ‘Exsurge
1082 921 1341 966 Domine'.

160 1003 346 1053 Exsurge,
362 1001 547 1048 Domine,
567 1008 604 1040 et
621 1000 751 1040 iudica
767 1013 927 1039 causam
944 1007 1062 1038 tuam.
1085 1029 1091 1036 .
1110 1029 1116 1037 .
1143 1029 1148 1037 .
1174 999 1358 1048 Exsurge,
1376 1000 1501 1045 Petre‚

106 1064 144 1096 et
164 1070 235 1107 pro
255 1057 439 1107 pastorali
461 1069 553 1094 cura
576 1087 582 1094 .
607 1086 613 1092 .
636 1085 644 1094 .
666 1055 737 1094 tibi
760 1086 766 1093 .
791 1085 797 1092 .
823 1085 829 1092 .
853 1053 1040 1093 divinitus
1065 1053 1317 1100 demandata,
1341 1051 1503 1091 intende

107 1112 147 1149 in
167 1124 326 1150 causam
348 1112 384 1150 S.
409 1112 457 1149 R.
483 1112 540 1158 E.,
564 1110 696 1149 matris
718 1108 897 1147 omnium
918 1107 1185 1155 ecclesiarum,
1206 1120 1252 1145 ac
1274 1106 1366 1145 fidei
1388 1106 1504 1156 magi-

108 1173 219 1204 strae.
245 1196 253 1203 .
276 1196 281 1203 .
309 1196 315 1204 .
339 1166 514 1215 Exsurge
535 1171 576 1202 tu
602 1177 773 1214 quoque,
796 1175 1048 1213 quaesumus,
1072 1163 1203 1208 Paule,
1227 1160 1294 1211 qui
1322 1173 1408 1199 eam
1438 1168 1503 1198 tua

108 1219 287 1258 doctrina
310 1250 316 1258 .
340 1249 348 1257 .
367 1249 373 1257 .
389 1218 627 1257 illuminasti.
651 1249 658 1256 .
683 1249 689 1255 .
714 1249 721 1256 .
746 1219 830 1256 Iam
846 1216 952 1255 enim
970 1215 1089 1266 surgit
1111 1228 1236 1254 novus
1251 1214 1501 1265 Porphyrius.

110 1304 118 1312 .
141 1304 148 1312 .
170 1305 177 1312 .
203 1275 394 1324 Exsurgat
415 1272 588 1323 denique
615 1272 745 1310 omnis
776 1278 1001 1310 sanctorum
1022 1284 1068 1308 ac
1096 1269 1246 1319 reliqua
1275 1269 1504 1307 universalis

110 1328 273 1367 ecclesia
287 1359 294 1366 .
312 1359 319 1366 .
336 1359 343 1366 .
362 1330 565 1377 Exsurgat‚
581 1327 756 1376 inquam,
772 1327 944 1376 praefata
957 1324 1123 1363 ecclesia
1137 1331 1273 1363 sancta
1287 1323 1361 1362 Dei
1377 1331 1414 1362 et
1428 1336 1505 1362 una

110 1395 201 1421 cum
221 1381 457 1422 beatissimis
477 1381 666 1432 apostolis
687 1381 881 1431 praefatis,
904 1380 1010 1430 apud
1033 1380 1165 1418 Deum
1187 1377 1504 1428 omnipotentem

112 1437 338 1484 intercedat,
361 1444 414 1484 ut,
443 1435 615 1487 purgatis
642 1435 776 1474 ovium
806 1447 964 1473 suarum
991 1433 1186 1473 erroribus
1215 1432 1505 1482 eliminatisque

112 1504 134 1530 a
161 1491 336 1530 fidelium
364 1490 509 1529 finibus
536 1489 764 1528 haeresibus
792 1488 992 1536 universis,
1015 1489 1205 1527 ecclesiae
1227 1500 1320 1525 suae
1348 1494 1506 1525 sanctae

112 1558 250 1595 pacem
271 1553 309 1584 et
329 1544 521 1584 unitatem
543 1557 773 1583 conservare
794 1543 987 1594 dignetur.

166 1600 184 1649 ξ
208 1613 239 1639 1.
270 1601 436 1638 Dudum
457 1598 665 1649 siquidem,
689 1599 798 1648 quod
820 1610 911 1648 prae
931 1596 1052 1635 animi
1074 1595 1254 1646 angustia
1270 1604 1307 1633 et
1329 1608 1508 1633 moerore

114 1653 328 1704 exprimere
347 1653 409 1692 vix
430 1666 640 1704 possumus
664 1682 670 1690 .
696 1683 702 1690 .
726 1683 733 1690 .
756 1653 807 1691 ad
827 1659 1007 1690 nostrum
1024 1649 1200 1701 pervenit
1216 1648 1409 1696 auditum,
1428 1650 1508 1686 imo

115 1721 217 1756 vero,
239 1709 338 1758 proh
358 1709 493 1746 dolor!
524 1706 648 1746 oculis
670 1706 811 1745 nostris
833 1705 1003 1744 vidimus
1032 1718 1077 1743 ac
1102 1705 1267 1753 legimus
1297 1704 1443 1741 multos
1471 1711 1509 1741 et

115 1761 240 1800 varios
261 1775 419 1809 errores,
443 1762 638 1812 quosdam
668 1760 851 1799 videlicet
882 1760 957 1798 iam
990 1772 1058 1809 per
1081 1757 1249 1796 concilia
1274 1770 1321 1796 ac
1352 1758 1510 1807 praede-

115 1828 314 1855 cessorum
343 1824 566 1855 nostrorum
588 1814 891 1854 constitutiones
921 1815 1140 1860 damnatos,
1167 1813 1360 1851 haeresim
1391 1810 1508 1850 etiam

117 1870 357 1909 Graecorum
387 1878 425 1909 et
462 1868 719 1909 Bohemicam
751 1881 931 1919 expresse
960 1867 1221 1914 continentes,
1252 1897 1258 1904 .
1283 1896 1290 1903 .
1315 1897 1320 1904 .
1359 1865 1511 1904 noviter

118 1924 334 1972 suscitatos,
367 1932 405 1963 et
436 1937 560 1974 nuper
586 1955 592 1962 .
626 1955 632 1961 .
660 1953 668 1961 .
698 1923 736 1961 in
767 1922 912 1972 inclyta
941 1921 1102 1960 natione
1132 1921 1370 1959 Germanica
1400 1920 1511 1958 semi-

118 1985 242 2017 natos.
303 1979 425 2027 Quod
455 1992 502 2017 eo
531 1977 653 2028 magis
684 1978 865 2016 dolemus
895 1976 949 2015 ibi
982 1975 1169 2022 evenisse,
1202 1976 1311 2024 quod
1342 1975 1510 2013 eandem

119 2033 319 2072 nationem
340 2040 379 2072 et
395 2046 466 2071 nos
488 2040 526 2071 et
547 2033 870 2083 praedecessores
895 2030 1028 2077 nostri,
1052 2029 1091 2067 in
1116 2029 1330 2068 visceribus
1358 2042 1512 2078 semper

118 2086 350 2136 gesserimus
377 2086 557 2125 caritatis.
618 2088 721 2125 Nam
750 2093 839 2136 post
866 2086 1096 2123 translatum
1122 2097 1168 2122 ex
1197 2082 1357 2122 Graecis
1384 2096 1407 2120 a
1435 2084 1512 2120 Ro-

120 2153 236 2179 mana
263 2140 441 2180 Ecclesia
464 2141 503 2179 in
533 2142 695 2179 eosdem
727 2141 947 2179 Germanos
972 2138 1190 2189 imperium,
1213 2137 1333 2176 iidem
1355 2137 1513 2187 praede-

122 2207 293 2234 cessores
324 2195 444 2234 nostri
466 2203 504 2234 et
525 2208 597 2232 nos
618 2195 797 2244 ejusdem
819 2194 1009 2232 ecclesiae
1028 2193 1242 2231 advocatos
1272 2192 1512 2230 defensores-

122 2261 198 2298 que
228 2262 273 2287 ex
302 2248 357 2287 eis
378 2262 532 2299 semper
559 2250 794 2298 accepimus
821 2278 827 2285 .
852 2279 858 2286 .
881 2279 888 2286 .
913 2249 988 2286 Pro
1015 2247 1221 2297 pastoralis
1250 2245 1364 2296 igitur
1384 2245 1512 2291 officii,

123 2300 254 2341 divina
272 2303 394 2354 gratia
414 2302 529 2342 nobis
556 2302 733 2350 iniuncti,
755 2315 847 2340 cura
871 2315 990 2351 quam
1017 2300 1199 2351 gerimus,
1222 2299 1512 2350 praedictorum

125 2367 295 2394 errorum
326 2357 427 2395 virus
454 2357 682 2407 pestiferum
710 2357 870 2395 ulterius
910 2357 1074 2394 tolerare
1111 2386 1118 2393 .
1160 2386 1166 2393 .
1203 2383 1209 2391 .
1244 2355 1354 2392 nullo
1394 2353 1514 2390 modo

125 2421 342 2468 possumus.
377 2413 525 2450 Eorum
539 2418 670 2449 autem
688 2424 861 2449 errorum
875 2409 1028 2460 aliquos
1043 2408 1313 2459 praesentibus
1331 2406 1515 2445 duximus

127 2466 366 2512 inserendos,
389 2478 557 2514 quorum
579 2472 691 2504 tenor
712 2465 898 2514 sequitur,
922 2472 959 2502 et
981 2471 1039 2502 est
1060 2463 1146 2501 talis
1164 2478 1224 2500 :—
