1715 2780
246 108 319 145 542
569 99 792 145 ςΑΙΛἾΝ,
825 99 899 137 'ro
933 99 1026 136 His
1058 99 1312 136 ARRIVAL
1561 107 1638 146 273

243 211 293 235 au
320 212 342 235 a
369 198 528 248 collegis
550 207 703 238 tantum
731 208 769 237 et
799 198 1030 247 senioribus,
1054 198 1122 248 qui
1149 211 1338 238 censurae
1365 206 1561 248 praesunt,
1585 213 1635 237 an

246 265 337 290 vero
371 251 487 291 unius
521 252 752 291 auctoritate
793 252 978 291 constitui
1018 252 1152 303 possit.
1185 282 1191 290 .
1224 281 1231 289 .
1263 283 1270 290 .
1303 253 1512 292 Habemus
1547 267 1638 303 ergo

245 318 331 344 esse
362 307 463 345 hanc
494 320 540 345 ex
562 307 696 345 Verbo
718 307 794 345 Dei
817 308 922 357 (Act.
944 306 993 344 vi.
1018 306 1056 357 2)
1087 305 1302 357 legitimam
1333 306 1497 345 ministri
1527 321 1639 346 voca-

246 359 406 407 tionem,
430 360 497 399 ubi
528 374 573 399 ex
594 360 729 410 populi
760 374 956 399 consensu
977 369 1016 399 et
1035 360 1323 411 approbatione
1343 369 1523 400 creantur
1539 360 1549 380 ¹
1571 361 1639 411 qui

247 413 317 451 visi
351 414 492 453 fuerint
532 414 677 453 idonei.
747 417 932 453 Praeesse
964 422 1096 453 autem
1136 414 1320 453 electioni
1358 415 1503 454 debere
1541 415 1638 454 alios

246 475 431 517 pastores,
464 482 513 506 ne
549 468 645 518 quid
672 469 733 507 vel
767 482 835 518 per
864 468 1075 516 levitatem,
1097 470 1158 508 vel
1188 481 1255 519 per
1285 470 1387 507 mala
1416 468 1555 517 studia,
1579 471 1639 508 vel

244 534 312 571 per
333 523 544 560 tumultum
565 536 588 560 a
609 522 860 561 multitudine
882 530 1075 573 peccetur.
1100 538 1102 541 ’

299 577 316 625 ξ
336 579 392 613 16.
424 577 608 626 Superest
630 576 724 615 ritus
745 577 969 616 ordinandi,
993 606 999 613 .
1024 606 1030 614 .
1052 607 1059 614 .
1081 577 1248 616 Constat
1269 584 1401 615 autem
1423 578 1638 627 Apostolos

244 643 325 668 non
358 629 433 668 alia
467 631 691 669 ceremonia
724 644 815 670 usos
849 645 946 679 esse,
968 644 1090 681 quum
1120 632 1293 681 aliquem
1328 630 1544 669 ministerio
1573 632 1640 670 ad-

246 684 469 730 movebant,
487 698 606 734 quam
624 698 812 723 manuum
830 684 1110 735 impositiones-³
1126 714 1133 721 .
1152 715 1160 723 .
1177 715 1183 722 .
1202 684 1312 724 Licet
1332 692 1464 723 autem
1487 686 1636 723 nullum

245 745 368 777 exstet
390 746 538 776 certum
560 746 813 789 praeceptum
834 740 884 778 de
905 752 1093 777 manuum
1115 738 1379 789 impositione,
1398 738 1490 789 quia
1505 745 1638 778 tamen

243 793 363 830 fuisse
397 793 436 830 in
468 801 661 843 perpetuo
691 807 764 831 usu
791 793 992 843 Apostolis
1026 794 1218 840 videmus,
1251 792 1315 831 illa
1348 799 1428 831 tarn
1459 801 1640 832 accurata

245 859 380 884 eorum
413 847 636 886 observatio
670 848 868 897 praecepti
901 847 985 886 vice
1016 848 1132 886 nobis
1159 860 1245 886 esse
1276 846 1444 885 debet..
1467 877 1502 885 ..
1545 848 1638 886 Hoc

244 908 444 961 postremo
475 901 704 940 habendum
735 909 804 948 est,
836 914 917 939 non
938 901 1159 940 universam
1182 900 1476 940 multitudinem
1498 914 1637 940 manus

244 954 479 1005 imposuisse
507 955 585 994 suis
617 955 813 1002 ministris,
837 957 906 994 sed
929 957 1032 994 solos
1062 963 1250 1015 pastores.
1313 956 1554 1005 Quanquam
1584 955 1638 993 in

244 1017 393 1046 certum
418 1016 476 1047 est
500 1022 550 1046 an
581 1010 710 1058 plures
741 1023 896 1059 semper
926 1023 1064 1048 manus
1095 1008 1354 1059 imposuerint
1382 1021 1510 1048 necne
1531 1008 1635 1059 (Act.

243 1062 291 1099 xi.
314 1064 348 1109 6,
381 1062 456 1100 xiii.
487 1077 536 1113 33
566 1077 583 1101 2
604 1065 707 1101 sim.
731 1065 752 1102 i.
776 1064 830 1112 6).

297 1138 330 1162 c.
369 1125 440 1162 xiv.
507 1126 571 1162 De
624 1126 893 1172 Sacramenlis,
940 1126 958 1175 ξ
1003 1140 1034 1163 1.
1094 1123 1382 1163 Praedicationi
1432 1124 1637 1175 Evangelii

242 1177 350 1216 aliud
388 1179 504 1217 affine
538 1186 596 1217 est
636 1179 727 1218 fidei
767 1188 923 1217 nostrae
962 1178 1235 1218 adiumentum
1275 1178 1315 1216 in
1353 1178 1637 1217 Sacramentis:

243 1232 293 1270 de
313 1231 457 1281 quibus
486 1240 632 1271 certam
663 1233 835 1282 aliquam
857 1233 1077 1272 doctrinam
1102 1232 1213 1280 tradi,
1242 1245 1480 1282 magnopere
1506 1240 1638 1271 nostra

242 1287 366 1332 refert,
398 1287 505 1325 unde
539 1300 611 1325 nos
643 1294 681 1326 et
715 1300 832 1336 quem
865 1287 904 1325 in
940 1288 1059 1326 finem
1087 1286 1263 1325 instituta
1293 1285 1445 1333 fuerint,
1477 1294 1515 1325 et
1550 1286 1637 1336 quis

243 1353 378 1378 eorum
401 1353 506 1378 nunc
527 1354 619 1379 usus
650 1340 709 1388 sit,
732 1340 942 1379 discamus.
989 1340 1186 1390 Principio
1210 1339 1520 1385 animadvertere
1546 1353 1637 1379 con-

243 1393 347 1431 venit
377 1393 473 1442 quid
503 1394 550 1432 sit
581 1396 890 1433 Sacramentum.
938 1394 1105 1433 Videtur
1133 1401 1264 1432 autem
1297 1393 1393 1431 mihi
1423 1395 1521 1432 haec
1550 1393 1638 1433 sim-

242 1449 330 1497 plex
370 1455 407 1485 et
446 1449 601 1498 propria
640 1448 721 1486 fore
760 1448 950 1495 definitio,
987 1447 1018 1486 si
1057 1447 1269 1486 dixerimus
1308 1455 1511 1486 externum
1551 1459 1637 1486 esse

243 1501 478 1551 symbolum,
520 1515 599 1551 quo
639 1502 937 1541 benevolentiae
977 1515 1066 1552 erga
1104 1515 1177 1540 nos
1217 1514 1309 1540 suae
1354 1500 1635 1551 promissiones

242 1554 494 1593 conscientiis
524 1555 666 1594 nostris
698 1555 895 1594 Dominus
930 1555 1122 1606 obsignat,
1154 1556 1205 1594 ad
1235 1554 1505 1594 sustinendam
1540 1555 1634 1594 fidei

242 1617 398 1647 nostrae
425 1608 735 1648 imbecillitatem
754 1625 760 1647 :
790 1618 828 1648 et
851 1623 923 1648 nos
944 1609 1113 1648 vicissim
1141 1610 1326 1659 pietatem
1348 1622 1438 1659 erga
1457 1622 1548 1648 eum
1569 1622 1636 1648 no-
1682 1609 1689 1614 '

242 1670 360 1701 stram
385 1670 464 1701 tam
490 1676 620 1702 coram
643 1677 691 1702 eo
721 1672 758 1702 et
786 1665 934 1714 angelis
959 1677 1078 1714 quam
1098 1664 1205 1713 apud
1226 1662 1408 1701 homines
1433 1670 1632 1702 testamur.

244 1716 353 1755 Licet
370 1716 487 1755 etiam
505 1717 651 1756 maiore
666 1717 905 1767 compendio
918 1719 1029 1757 aliter
1041 1716 1205 1756 definire
1222 1733 1228 1756 :
1250 1724 1292 1754 ut
1307 1724 1467 1755 vocetur
1480 1716 1635 1756 divinae

245 1770 284 1808 in
316 1784 388 1809 nos
415 1772 559 1821 gratiae
589 1771 859 1810 testimonium
891 1780 1052 1810 externo
1082 1770 1194 1821 signo
1223 1771 1510 1818 confirmatum,
1542 1784 1632 1809 cum

245 1832 380 1862 mutua
411 1833 544 1863 nostra
577 1839 665 1875 erga
695 1825 822 1875 ipsum
851 1825 1004 1875 pietatis
1036 1825 1340 1864 testificatione.³
1397 1824 1634 1864 Utramlibet

242 1891 287 1915 cx
315 1878 373 1916 his
398 1878 695 1917 definitionibus
724 1879 856 1929 eligas,
878 1880 928 1917 ab
956 1879 1021 1917 illa
1045 1877 1266 1929 Augustini,
1289 1891 1389 1928 quae
1419 1891 1634 1917 sacramen-

241 1939 323 1968 tum
368 1945 452 1970 esse
494 1933 609 1971 tradit
650 1934 702 1971 rei
747 1947 878 1972 sacrae
924 1932 1075 1972 visibile
1116 1932 1285 1982 signum,
1324 1939 1391 1970 aut
1429 1931 1633 1971 invisibilis

286 2045 293 2062 1
321 2045 400 2076 This
417 2055 482 2075 was
503 2045 648 2076 Calvin's
670 2045 793 2085 theory.
844 2046 882 2077 In
906 2046 1060 2087 practice,
1078 2044 1217 2077 electiori
1239 2055 1322 2085 gave
1338 2055 1409 2085 way
1426 2050 1460 2076 to
1480 2045 1634 2087 appointo

242 2094 341 2119 ment.
381 2089 431 2119 Cf.
448 2089 508 2119 Les
522 2089 749 2120 Ordomzances
765 2090 1015 2130 ecrlcsz'astiqzws
1032 2090 1154 2130 &Opera
1167 2089 1196 2119 X
1211 2099 1230 2119 a
1246 2088 1296 2129 [=
1308 2090 1343 2120 C.
1357 2089 1400 2119 R.
1415 2088 1564 2129 xxxviii.]
1584 2097 1592 2118 1
1605 2095 1630 2128 7,

241 2132 303 2162 and
321 2131 425 2173 ilfia,
443 2132 508 2162 No.
529 2133 618 2172 302).

283 2175 294 2194 2
319 2175 400 2205 This
425 2186 491 2205 was
515 2175 707 2206 abandoned
733 2175 763 2205 in
790 2176 921 2207 Geneva
946 2186 980 2206 as
1004 2175 1230 2216 superstitious
1254 2175 1297 2215 by
1319 2175 1380 2206 Les
1402 2175 1631 2206 Ordomtances

241 2219 333 2256 (ibid.
351 2219 399 2256 18,
414 2218 476 2248 and
491 2217 597 2259 infra,
611 2218 674 2249 No.
692 2220 783 2257 302),
797 2219 859 2249 and
877 2219 908 2249 in
927 2218 1084 2250 scotland
1097 2217 1233 2257 rejected
1247 2218 1326 2249 with
1339 2223 1507 2259 contempt
1521 2219 1562 2258 by
1575 2217 1630 2249 the

240 2262 333 2292 Fz'rsl
356 2262 444 2292 Book
466 2262 505 2302 of
520 2261 720 2302 Dz'scz'lffz'ne,
743 2262 825 2301 1560
844 2261 964 2302 (infra,
984 2262 1047 2293 No.
1074 2262 1164 2301 350),
1184 2262 1241 2292 but
1266 2260 1493 2293 reintroduced
1517 2261 1558 2302 by
1577 2260 1631 2292 the

241 2305 372 2342 Second,
394 2306 486 2344 1578.

285 2347 295 2364 ³
320 2346 485 2388 Zwingli’s
501 2347 711 2379 sacramenta]
728 2348 879 2388 teaching
896 2359 960 2379 was
976 2348 1049 2379 thus
1066 2348 1238 2379 abhorrent
1256 2352 1289 2378 to
1306 2347 1434 2379 Calvin.
1475 2347 1526 2378 Cf.
1545 2348 1630 2378 [nst.

242 2399 291 2421 lv.
310 2391 372 2422 xiv.
394 2400 445 2429 13,
467 2392 541 2429 and,
568 2400 601 2421 11
630 2392 708 2432 Sept
748 2400 841 2432 1542,
868 2391 916 2421 his
940 2391 1035 2423 letter
1058 2397 1092 2423 to
1110 2391 1211 2427 viret,
1230 2394 1237 2407 ¹
1253 2391 1290 2422 In
1314 2391 1444 2431 scn'ptis
1467 2390 1630 2432 prioribus

241 2434 418 2475 [Zuinglii]
436 2435 568 2465 memini
585 2445 682 2475 quam
706 2436 840 2475 profana
860 2435 900 2465 sit
922 2435 962 2466 de
984 2435 1192 2466 sacramentis
1209 2433 1374 2466 doctrina’
1393 2433 1628 2474 (Herminjard,

239 2478 308 2514 viii,
327 2478 392 2508 No.
416 2477 521 2517 1156).
