1715 2780
132 115 197 154 116
388 117 507 155 THE
539 116 676 155 DIET
707 118 778 156 OF
810 119 1130 167 AUGSBURG,
1168 131 1266 170 1530
1454 126 1525 172 267

132 220 283 260 habens
310 217 472 271 quidem
497 221 687 261 iudicium
717 222 888 272 rationis,
918 236 999 263 non
1026 237 1095 274 per
1124 226 1233 275 quod
1260 225 1308 265 sit
1336 227 1525 267 idoneum

128 274 169 314 in
198 275 244 314 iis
275 288 377 325 quae
406 277 458 315 ad
491 278 622 316 Deum
657 279 864 327 pertinent,
897 277 981 318 sine
1016 280 1105 318 Deo
1143 287 1210 318 aut
1242 279 1428 320 inchoare
1458 290 1525 321 aut

128 337 232 368 certe
261 342 455 380 peragere,
492 332 562 370 sed
591 338 743 370 tanturn
774 331 814 370 in
848 332 1033 383 operibus
1062 332 1164 373 vitae
1193 337 1409 384 praesentis
1443 343 1523 375 tam

127 383 243 422 bonis
267 397 386 433 quam
415 385 533 423 etiarn
561 386 684 424 malis.
742 387 868 424 Bonis
896 386 998 433 dico,
1028 400 1129 437 quae
1154 389 1204 427 de
1228 389 1336 428 bono
1361 396 1524 429 naturae

127 437 315 485 oriuntur,
338 439 360 475 i.
375 451 406 476 e.
430 440 530 477 velle
550 440 726 479 laborare
746 439 786 478 in
807 453 910 490 agro,
933 442 1032 480 velle
1053 443 1293 482 manducare
1314 451 1352 482 et
1372 444 1520 492 bibere,

126 493 226 530 velle
250 492 396 530 habere
421 492 605 540 amicum,
635 495 734 532 velle
764 494 908 533 habere
933 494 1177 544 indumenta,
1207 498 1307 536 velle
1333 498 1523 537 fabricare

125 547 302 594 domum,
334 559 493 585 uxorem
526 549 624 585 velle
656 549 810 596 ducere,
843 562 986 598 pecora
1018 550 1176 598 nutrire,
1209 558 1332 590 artem
1371 553 1523 591 discere

125 599 364 638 diversarum
397 613 525 638 rerum
560 601 765 650 bonarum,
797 604 896 641 velle
925 603 1120 653 quidquid
1154 605 1304 643 bonum
1334 608 1385 644 ad
1416 620 1522 656 prae-

124 661 276 693 sentem
306 655 475 705 pertinet
505 654 648 694 vitam:
679 670 780 706 quae
814 657 948 696 omnia
985 672 1066 697 non
1105 658 1190 698 sine
1220 659 1355 699 divino
1385 661 1522 711 guber-

123 709 266 746 naculo
304 708 537 758 subsistunt,
575 709 656 747 imo
690 724 736 749 ex
767 710 853 761 ipso
887 719 925 750 et
964 725 1032 762 per
1070 713 1199 762 ipsum
1239 722 1331 752 sunt
1362 723 1399 753 et
1433 729 1518 754 esse

123 770 350 812 coeperunt.
407 764 535 801 Malis
553 777 645 803 vero
666 764 768 812 dico,
790 772 832 804 ut
853 772 922 812 est,
954 768 1053 805 velle
1080 766 1231 806 idolum
1253 770 1392 817 colere,
1415 771 1516 808 velle

125 815 385 855 homicidium
401 818 409 835 '
429 824 501 856 etc.

177 883 210 919 3.
252 872 455 910 Damnant
500 871 732 923 Pelagianos
771 880 809 912 et
846 873 944 912 alios
983 875 1050 924 qui
1089 875 1246 922 docent,
1287 878 1396 927 quod
1435 877 1520 916 sine

122 923 266 975 Spiritu
305 926 451 964 Sancto
489 926 581 964 solis
619 935 780 966 naturae
818 927 964 966 viribus
1001 928 1197 978 possimus
1237 932 1370 969 Deum
1403 945 1520 982 super

122 978 256 1017 omnia
276 978 436 1029 diligere
452 994 463 1028 3
493 979 585 1018 item
606 988 817 1032 praecepta
839 981 915 1020 Dei
942 983 1069 1021 facere
1099 985 1232 1033 quoad
1257 985 1518 1024 substantiam

119 1039 292 1071 actuum.
352 1035 607 1084 Quamquam
628 1036 734 1074 enirn
756 1042 914 1075 externa
934 1050 1053 1087 opera
1073 1039 1207 1087 aliquo
1224 1040 1345 1078 modo
1365 1041 1518 1078 efficere

121 1093 259 1125 natura
279 1087 402 1137 possit
429 1088 575 1138 (potest
603 1089 708 1127 enim
738 1090 942 1129 continere
966 1104 1107 1130 manus
1123 1105 1146 1130 a
1172 1093 1287 1141 furto,
1317 1106 1339 1132 a
1363 1095 1515 1145 caede),

119 1147 252 1179 tamen
283 1141 485 1181 interiores
509 1150 640 1181 motus
675 1156 756 1181 non
786 1152 916 1194 potest
946 1146 1108 1193 efficere,
1142 1153 1183 1185 ut
1213 1146 1395 1187 timorem
1429 1148 1516 1195 Dei,

121 1194 305 1233 fiduciam
327 1208 416 1246 erga
438 1198 581 1245 Deum,
604 1197 836 1246 castitatem,
858 1198 1086 1248 patientiam
1109 1207 1182 1238 etc.

508 1286 620 1323 XIX.
681 1286 747 1323 DE
776 1297 909 1324 CAusA
938 1298 1124 1325 PECCATI.

173 1357 236 1394 De
262 1368 380 1395 causa
406 1357 558 1407 peccati
586 1359 743 1406 docent,
774 1360 882 1408 quod
910 1359 1065 1398 tametsi
1094 1361 1204 1399 Deus
1231 1369 1336 1400 creat
1364 1370 1401 1401 et
1425 1376 1516 1402 con-

118 1416 244 1448 servat
282 1418 472 1459 naturam,
505 1418 639 1451 tamen
670 1426 788 1451 causa
818 1413 970 1464 peccati
1009 1421 1068 1452 est
1094 1416 1276 1454 voluntas
1309 1418 1514 1466 malorum,

118 1463 300 1503 videlicet
320 1465 468 1504 diaboli
489 1473 527 1504 et
547 1465 770 1516 impiorum,
794 1480 906 1517 quae,
929 1481 1010 1506 non
1030 1468 1243 1508 adiuvante
1260 1472 1359 1518 Deo,
1378 1474 1515 1511 avertit

118 1530 159 1556 se
196 1531 219 1556 a
254 1519 354 1567 Deo,
393 1519 493 1558 sicut
528 1520 706 1559 Christus
744 1522 797 1560 ait
838 1522 1004 1560 Iohann.
1034 1522 1123 1561 viii:
1175 1524 1306 1573 Quum
1346 1527 1518 1574 loquitur

118 1573 362 1621 mendacium,
385 1587 432 1612 ex
451 1586 488 1612 se
506 1575 586 1624 ῥύεο
605 1576 786 1624 loquitur.

403 1657 490 1694 XX.
552 1657 617 1694 DE
648 1669 743 1695 FIDE
774 1669 825 1695 ET
857 1669 976 1696 BONIS
1006 1669 1225 1697 oPERmth.

171 1727 286 1766 Falso
305 1735 540 1766 accusantur
560 1729 692 1777 nostri,
711 1730 820 1779 quod
841 1730 947 1768 bona
963 1744 1081 1782 opera
1101 1732 1347 1781 prohibeant.
1407 1735 1511 1772 Nam

117 1780 259 1830 scripta
279 1794 426 1830 eorum,
450 1796 551 1831 quae
577 1790 729 1822 exstant
750 1785 801 1822 de
825 1785 964 1823 decem
989 1786 1218 1835 praeceptis,
1242 1794 1280 1825 et
1299 1788 1375 1825 alia
1395 1788 1512 1826 simili

115 1841 347 1884 argumento
368 1842 568 1881 testantur,
590 1838 698 1886 quod
720 1837 864 1876 utiliter
888 1839 1095 1877 docuerint
1122 1841 1172 1878 de
1203 1841 1389 1880 omnibus
1411 1842 1511 1882 vitae

115 1888 322 1938 generibus
336 1897 374 1928 et
395 1890 543 1938 officiis,
566 1904 667 1940 quae
696 1904 840 1941 genera
863 1891 976 1939 vitae,
998 1907 1099 1943 quae
1126 1907 1244 1943 opera
1271 1894 1310 1933 in
1336 1896 1511 1945 qualibet

117 1943 322 1981 vocatione
344 1945 433 1982 Deo
458 1945 648 1994 placeant.
710 1947 772 1984 De
801 1945 945 1995 quibus
969 1949 1085 1986 rebus
1110 1948 1204 1986 olim
1232 1962 1368 1999 parum
1391 1951 1508 1989 doce-

117 1994 212 2034 bant
240 1998 567 2046 concionatorcs3
604 2006 757 2037 tantum
785 2000 947 2049 puerilia
974 2009 1012 2040 et
1039 2015 1120 2040 non
1147 2003 1366 2042 necessaria
1392 2017 1510 2054 opera

116 2050 317 2100 urgebant,
359 2059 401 2090 ut
439 2059 563 2090 certas
602 2052 725 2100 ferias,
767 2061 872 2092 certa
906 2054 1060 2103 ieiunia,
1101 2057 1376 2106 fraternitates,
1404 2072 1510 2108 pere-

116 2103 364 2153 grinationes,
385 2107 513 2144 cultus
534 2114 771 2155 sanctorum,
797 2108 952 2156 rosaria,
978 2111 1259 2149 monachatum
1287 2119 1325 2150 et
1355 2112 1505 2150 similia.

119 2170 151 2195 2.
184 2159 298 2197 Haec
317 2159 525 2198 adversarii
546 2161 668 2199 nostri
687 2162 880 2200 admoniti
898 2176 1003 2201 nunc
1017 2163 1239 2212 dediscunt‚
1258 2178 1330 2204 nec
1345 2166 1508 2215 perinde

117 2211 342 2260 praedicant
372 2214 469 2252 haec
499 2214 651 2253 inutilia
679 2229 808 2265 opera,
842 2223 883 2254 ut
913 2216 1020 2255 olim.
1078 2220 1284 2257 Praeterea
1314 2219 1507 2269 incipiunt

118 2265 207 2304 fidei
235 2267 477 2306 mentionem
506 2269 643 2316 facere,
677 2270 728 2308 de
761 2283 840 2320 qua
870 2270 965 2308 olim
997 2271 1138 2310 mirum
1165 2281 1245 2311 erat
1280 2273 1507 2321 silentium,

116 2318 261 2358 docent
292 2334 364 2359 nos
396 2334 477 2359 non
508 2328 661 2360 tantum
693 2323 878 2373 operibus
913 2324 1122 2373 iustificari,
1157 2328 1226 2365 sed
1262 2326 1506 2375 coniungunt

117 2372 233 2411 fidem
256 2382 294 2412 et
314 2387 442 2424 opera,
459 2382 496 2414 et
517 2375 653 2415 dicunt
670 2391 741 2415 nos
758 2378 837 2416 fide
857 2385 895 2417 et
916 2379 1100 2428 operibus
1122 2379 1330 2418 iustificari.
1392 2384 1506 2428 Quae

115 2425 294 2466 doctrina
317 2429 555 2467 tolerabilior
580 2436 638 2468 est
663 2430 803 2480 priore,
828 2439 866 2470 et
896 2433 982 2482 plus
1012 2435 1147 2472 afferre
1172 2440 1300 2483 potest
1329 2435 1505 2472 consola-

116 2478 231 2519 tionis
251 2494 369 2531 quam
390 2490 500 2521 vetus
521 2483 694 2534 ipsorum
715 2485 903 2524 doctrina.
