1715 2780
155 98 233 136 250
360 86 657 127 CATHOLIC
688 88 808 126 AND
838 88 1224 135 PROTESTANT,
1259 99 1359 139 1529
1471 98 1547 135 109

206 190 429 241 Zuinglius:
463 193 543 229 ‘Ex
565 191 763 241 Scriptura
783 191 970 241 probatur
990 191 1185 241 signatum
1216 206 1286 243 pro
1310 193 1446 243 signo3
1489 196 1548 232 Ex

152 245 369 292 Ezechielc‚
409 246 534 284 Phase
565 245 673 293 (noa,
707 246 832 283 Exod.
864 245 924 282 xii.
959 248 1051 295 27),-
1084 248 1189 296 Ergo
1219 260 1311 285 cum
1342 247 1382 285 in
1416 247 1546 286 dubiis

152 299 372 348 Scripturae
394 299 489 337 locis
510 299 669 338 collatio
690 298 917 349 requiratur,
939 300 1181 338 credendum
1204 300 1299 339 locis
1320 300 1538 339 similibus.'

206 355 378 391 Accusat
426 353 658 392 rhetoricam
708 360 746 391 et
784 353 875 390 ficta
912 361 1152 403 argumenta,
1193 368 1284 392 cum
1327 354 1442 402 dicat,
1485 355 1547 394 ‘Si

150 407 300 445 iuberet
320 408 428 445 Deus
450 407 522 445 ista
542 408 603 445 vel
622 406 718 445 ista:
748 419 841 444 nam
862 406 1007 445 scimus
1030 409 1160 446 Deum
1182 407 1255 446 ista
1273 410 1334 447 vel
1355 408 1445 447 talia
1467 422 1547 448 non

150 461 293 498 iubere.
367 461 569 499 Ver'bum
617 460 755 510 inquit,
806 460 1108 510 ‘aequiwocatur
1152 475 1175 500 a
1222 462 1346 501 vobis.
1416 463 1548 502 Verba

150 522 301 552 tantum
342 514 563 564 significant
596 514 712 552 nobis
743 516 987 553 voluntatem
1025 515 1110 553 Dei.
1171 517 1281 554 Deus
1316 516 1431 555 nobis
1465 529 1547 555 non

150 568 333 617 proponit
366 567 790 619 incomprehensibilia.
851 569 973 617 Quod
1007 568 1187 608 Christus
1221 583 1333 608 verus
1368 572 1476 609 Deus
1508 578 1547 609 et

149 623 280 664 homo
316 635 395 660 non
430 630 488 660 est
522 622 766 672 incognitum
800 622 918 660 fideli.
978 624 1214 673 Exemplum
1251 623 1413 671 Mariae,
1446 638 1547 674 quae

149 675 370 725 interrogat,
395 677 650 725 “Quomodo
680 684 809 726 potest
839 676 944 714 istud
971 676 1114 715 fieri?'’
1144 685 1182 716 et
1211 677 1351 716 certior
1380 677 1544 725 reddita,

150 737 232 766 tum
264 730 426 768 demum
457 729 591 768 credit.
653 731 730 769 Sed
761 730 824 768 hic
854 730 894 767 in
924 743 1008 780 cap.
1039 730 1075 768 vi
1105 730 1287 780 discipuli
1317 731 1546 771 dubitarunt

149 784 199 821 (le
216 783 359 821 carnali
378 783 695 830 manducatione,
711 797 831 834 quare
848 783 931 833 ipse
947 784 1187 834 spiritualem
1205 786 1347 824 docet.'
1386 786 1451 824 Ad
1467 785 1542 833 illa,

152 837 350 875 ‘Verbum
367 837 441 876 Dei
463 845 521 876 est
537 839 803 884 manducatio,
822 851 902 876 non
917 851 1029 888 nego,
1048 840 1117 877 sed
1131 839 1295 877 verbum
1317 839 1535 878 creditum.’

206 893 423 930 liutherus:
456 895 464 911 ‘
479 893 539 930 Ex
560 891 769 930 Ezechiele
793 899 831 929 et
859 893 986 930 Phase
1010 892 1217 942 allegoriae
1241 893 1542 932 sunt—bosh—

149 945 381 994 signisicatio
412 947 518 983 nulla
547 953 616 984 est.
677 947 739 984 De
768 945 900 992 verbo,
932 959 1013 983 non
1044 946 1212 984 dicimus
1246 947 1388 985 nostris
1418 947 1545 986 verbis

148 999 306 1048 prolatis
340 999 485 1038 adduci
519 1012 672 1049 corpus,
710 1000 780 1037 sed
812 1000 862 1037 de
895 999 1140 1038 institutione
1180 1000 1325 1040 Christi
1363 1000 1543 1049 dicimus,

148 1053 264 1090 verba
292 1066 371 1091 non
402 1061 534 1091 nostra
562 1055 631 1092 sed
660 1053 822 1091 Domini
853 1060 955 1091 sunt.
1015 1054 1219 1101 “Facite,⁷'
1239 1056 1310 1092 &o
1369 1056 1443 1093 Per
1469 1056 1546 1093 hoc

149 1107 309 1144 verbum
351 1107 441 1145 facit
481 1115 523 1145 ut
562 1120 702 1145 manus
746 1107 960 1145 sacerdotis
998 1107 1046 1145 sit
1091 1121 1230 1146 manus
1270 1108 1426 1148 Christi.
1487 1110 1544 1148 Os

148 1173 225 1197 non
262 1169 318 1198 est
351 1174 495 1208 meum,
528 1161 659 1211 lingua
690 1174 771 1199 non
806 1169 864 1199 est
895 1174 994 1208 mea,
1035 1163 1104 1200 sed
1137 1161 1303 1201 Christi:
1337 1163 1466 1212 Imay
1495 1163 1544 1201 be

146 1228 167 1250 r
198 1228 264 1263 rgo
260 1228 317 1252 ue
347 1229 389 1252 or
417 1228 440 1252 a
469 1216 606 1253 knave
676 1216 735 1253 Ita
774 1216 823 1253 de
863 1216 1092 1265 Baptismo;
1106 1217 1113 1231 '
1154 1215 1299 1262 Simile,
1336 1216 1543 1267 ‘Princeps

148 1268 274 1305 fundit
299 1270 483 1317 fugatque
504 1270 671 1315 hostem,
694 1268 748 1306 ibi
775 1268 950 1319 singulae
971 1282 1124 1310 manus
1147 1269 1339 1325 Principis
1359 1269 1544 1308 dicuntur

149 1335 297 1359 manus
359 1322 433 1360 “Si
455 1322 596 1360 dixeris
618 1322 755 1369 monti,
774 1324 858 1369 διο,
882 1323 956 1360 fiet.
964 1324 982 1339 '
1040 1311 1131 1361 Non
1153 1320 1312 1373 disputo
1331 1337 1381 1362 an
1404 1325 1475 1362 Est
1496 1323 1544 1362 sit

147 1375 371 1424 Significazt
402 1377 471 1414 sed
501 1384 712 1414 contentus
742 1389 829 1413 sum
851 1377 959 1425 quod
985 1376 1164 1415 Christus
1195 1376 1300 1422 dicit,
1326 1379 1456 1415 “Hoc
1485 1385 1543 1416 est

146 1442 288 1477 corpus
324 1431 491 1467 meumst
549 1431 637 1467 The
671 1429 774 1468 devil
805 1430 907 1467 can⁷t
935 1438 999 1479 get
1034 1438 1102 1468 out
1132 1431 1176 1468 of
1206 1431 1299 1468 that.
1360 1432 1408 1469 Id
1439 1432 1541 1476 volo,

148 1482 278 1520 Verba
318 1496 398 1520 non
437 1484 578 1521 cedere
618 1483 655 1520 in
696 1496 823 1521 meam
864 1490 1111 1532 potestatem,
1139 1485 1208 1522 sed
1239 1492 1473 1534 potestatem
1505 1493 1543 1523 et

148 1535 360 1575 iussionem
402 1536 576 1575 Domini.
650 1537 795 1574 Anima
833 1536 951 1575 etiam
993 1551 1135 1586 corpus
1174 1539 1412 1576 manducat:
1462 1552 1542 1577 cor-

147 1590 328 1638 poraliter
358 1590 463 1629 enim
494 1604 635 1640 corpus
666 1591 705 1628 in
735 1591 864 1629 verbo.
927 1590 966 1629 Si
997 1590 1205 1641 interrogo,
1225 1591 1365 1630 excido
1391 1606 1414 1630 a
1440 1593 1541 1631 fide:

149 1645 164 1680 Ι
189 1643 261 1681 will
284 1644 449 1683 become
477 1658 499 1682 a
524 1646 604 1682 fool
634 1646 814 1683 therefor.
874 1646 955 1684 Cur
980 1658 1060 1683 non
1087 1652 1243 1704 tropum
1265 1645 1381 1683 etiam
1404 1645 1539 1693 facitis,

162 1698 408 1736 ‘Ascendit
399 1712 438 1736 m
471 1700 794 1745 coelun1,⁷⁷&c.?
852 1700 984 1747 Quare
1023 1698 1128 1748 puris
1159 1699 1285 1737 verbis
1315 1699 1474 1745 credite,
1504 1709 1542 1738 et

145 1752 236 1789 date
254 1752 417 1801 gloriam
441 1754 553 1790 Deo.'

199 1805 423 1855 Zuinglius:
472 1808 577 1843 ‘Nos
607 1805 744 1844 itidem
770 1819 962 1856 rogamus,
986 1814 1028 1844 ut
1062 1806 1162 1844 detis
1195 1807 1358 1856 gloriam
1381 1809 1479 1854 Deo,
1503 1815 1540 1846 et

145 1859 372 1907 relinquatis
392 1859 623 1908 petitionem
646 1859 836 1910 principii.
891 1859 973 1899 Ubi
995 1860 1182 1909 probatur
1202 1868 1372 1898 vestrum
1393 1862 1538 1900 thema.

147 1913 231 1960 Ego
271 1913 376 1950 hunc
415 1914 545 1950 locum
586 1927 665 1951 non
703 1913 921 1963 relinquam
960 1913 1221 1959 inexcussum,
1254 1922 1293 1952 et
1326 1914 1460 1952 leviter
1489 1914 1542 1953 ita

146 1972 351 2003 tractatum
369 1981 374 2003 :
405 1968 534 2004 You’ll
556 1967 653 2005 have
675 1975 715 2004 to
736 1967 822 2017 sing
843 1981 905 2005 me
924 1968 1090 2006 another
1111 1968 1230 2005 tunc.'

200 2020 414 2057 Lutherus:
447 2022 455 2038 ‘
471 2019 671 2058 Invidiose
695 2021 888 2069 loqueris.'

199 2073 398 2122 Zuinglius
428 2073 639 2123 interrogat
662 2077 733 2111 ‘an
763 2076 895 2112 credat
925 2076 1033 2124 quod
1058 2077 1166 2113 Ioan.
1190 2074 1225 2112 vi
1251 2088 1335 2125 cap.
1358 2075 1536 2114 Christus

145 2126 308 2164 voluerit
331 2127 478 2165 mederi
499 2126 768 2186 ignorantibus
782 2129 819 2165 ?'

202 2181 422 2218 Lutherus:
455 2182 585 2218 ‘You’
588 2193 627 2218 re
672 2180 796 2230 trying
841 2189 881 2219 to
924 2182 1081 2219 blustcr.
1150 2183 1319 2219 “Durus
1367 2190 1426 2220 est
1473 2183 1536 2221 hic

145 2235 308 2281 sermo‚''
347 2237 417 2272 &o
476 2233 613 2272 Iudaei
658 2236 873 2283 loquuntur
911 2236 961 2272 de
1001 2234 1233 2284 impossibili
1273 2243 1310 2273 et
1349 2236 1533 2303 absurdo

145 2288 223 2325 Sed
244 2287 362 2325 missa
382 2288 479 2325 haec
501 2287 701 2334 faciamus,
724 2300 824 2337 quae
845 2289 895 2326 ad
916 2302 996 2326 rem
1019 2301 1099 2326 non
1121 2287 1294 2326 faciunt?

199 2341 426 2391 Zuinglius:
459 2346 467 2361 ‘
484 2342 559 2387 No,
585 2343 674 2379 No:
706 2341 770 2379 hic
797 2342 906 2379 locus
934 2341 1047 2391 (puta
1074 2342 1183 2379 Ioan.
1207 2341 1243 2379 vi
1269 2341 1374 2393 cap.)
1395 2343 1533 2381 breaks

144 2408 240 2443 your
261 2396 386 2433 neck.'

200 2450 371 2487 Luther:
402 2451 548 2487 ‘Don't
579 2449 671 2498 brag
701 2462 745 2486 so
774 2450 880 2487 loud.
940 2451 1027 2486 Yon
1058 2462 1121 2487 are
1152 2449 1190 2486 in
1224 2451 1364 2497 Hesse,
1397 2457 1465 2488 not
1496 2450 1534 2487 in
