1715 2780
103 97 179 135 194
262 87 383 125 THE
415 85 834 125 DISPUTATIONS
864 86 938 123 AT
969 74 1201 132 ZURICH,
1239 96 1337 134 1523
1423 95 1499 133 427

160 203 191 240 7.
224 192 255 229 F
258 191 402 236 urther,
422 203 445 228 a
466 191 749 229 schoolmaster
770 190 868 228 shall
891 189 939 228 be
961 203 1069 228 more
1090 188 1265 238 liberally
1286 188 1378 238 paid
1405 189 1500 226 than

103 245 284 293 hitherto,
307 252 348 284 to
375 244 577 295 diligently
598 245 712 282 teach
740 257 871 294 young
899 243 997 293 boys
1020 274 1027 281 .
1052 273 1058 281 .
1083 273 1090 281 .
1115 256 1159 282 so
1179 244 1263 281 that
1290 243 1382 292 they
1402 242 1501 281 shall

101 307 171 339 not
191 312 240 350 go
260 306 302 338 to
323 298 472 349 foreign
491 300 623 349 places
643 299 701 337 for
718 299 854 337 school
873 299 954 337 and
975 297 1150 348 learning
1171 328 1178 336 .
1201 328 1208 335 .
1233 327 1239 334 .
1262 297 1342 335 and
1363 310 1385 335 a
1411 295 1501 334 suit-

100 354 190 393 able
209 354 531 404 dwelling-house
551 353 649 391 shall
671 352 720 391 be
740 352 839 391 built
858 353 917 391 for
936 351 1029 390 him.

159 423 174 446 1
188 422 217 446 1.
249 408 426 456 Further,
466 408 692 446 whosoever
730 408 829 445 shall
867 407 918 446 be
955 406 1171 457 appointed
1211 412 1251 444 to
1288 418 1364 455 any
1403 405 1500 444 such

101 462 309 513 prebends,
341 461 609 512 lectureships,
641 474 685 499 or
714 461 846 500 offices
876 462 973 500 shall
1003 468 1072 500 not
1101 461 1151 499 be
1181 460 1400 499 confirmed
1430 472 1502 497 nor

101 517 317 556 continued
345 515 496 554 therein
526 529 616 554 save
646 515 686 553 in
716 529 760 553 so
783 516 840 553 far
868 529 909 554 as
941 516 990 554 he
1018 516 1115 554 shall
1146 513 1316 553 exercise
1346 513 1507 553 himself

100 570 253 610 therein
277 583 319 609 as
342 571 409 608 the
429 570 542 609 office
562 569 734 620 requires
753 584 760 608 ε
792 570 864 608 but
885 571 935 608 he
955 583 1044 620 may
1066 569 1115 608 be
1136 570 1262 607 thrust
1283 576 1352 608 out
1379 569 1502 607 there-

101 627 201 664 srom
216 639 227 673 3
256 638 308 663 no
328 625 449 671 harm,
473 625 664 672 however,
685 631 726 662 to
754 624 804 663 be
830 625 936 663 done
964 632 1005 662 to
1031 625 1127 662 such
1157 636 1199 662 as
1226 636 1290 661 are
1321 623 1502 662 disabled

103 680 271 730 through
293 678 468 717 sickness
489 692 532 717 or
552 692 628 728 any
649 679 761 717 other
782 678 1024 717 misfortune,

159 747 217 772 12.
250 734 343 771 And
364 746 408 772 so
429 746 527 771 soon
548 746 590 770 as
612 734 678 771 the
703 733 911 782 prebends,
935 733 1078 780 offices,
1101 733 1181 771 and
1207 738 1501 781 arrangements

101 787 442 826 aforementioned
481 787 579 825 shall
617 786 668 825 be
706 788 889 837 honestly
921 787 1122 836 provided,
1164 799 1240 836 any
1269 786 1423 835 surplus
1462 786 1506 823 of

102 841 230 890 tithes,
254 849 370 889 rents,
392 842 472 880 and
496 854 685 880 revenues
713 842 811 880 shall
832 841 882 880 be
903 841 1075 880 devoted
1097 848 1137 879 to
1159 842 1225 879 the
1246 839 1359 879 relief
1374 840 1417 877 of
1434 840 1500 877 the

102 898 230 945 needy
250 895 290 934 in
311 897 378 935 the
398 895 569 946 hospital
590 896 668 934 and
690 897 734 933 of
750 908 848 945 poor
868 897 1009 946 people
1025 903 1063 933 at
1084 896 1214 934 home.
1239 925 1245 932 .
1270 925 1277 931 .
1303 924 1307 931 .

103 1023 194 1066 No.
224 1033 320 1076 195.
383 1022 490 1066 The
523 1033 793 1065 summons
824 1023 877 1064 to
910 1022 996 1065 the
1029 1021 1230 1065 Second
1265 1021 1499 1075 Disputa-

550 1081 673 1132 tion,
704 1092 751 1123 12
785 1079 891 1124 Oct.
914 1091 1035 1134 1523.

158 1171 368 1223 Tigurinae
396 1171 509 1223 Reip.
540 1173 632 1212 Cos.
665 1179 851 1222 totusque
882 1171 1159 1211 Diacosiorum
1181 1174 1349 1210 Senatus
1378 1170 1502 1210 omni-

105 1227 178 1266 bus
206 1234 245 1266 et
274 1225 435 1277 singulis
466 1225 719 1265 ecclesiarum
751 1225 1009 1276 praesidibus,
1038 1225 1228 1276 plebanis,
1256 1225 1436 1276 parochis
1464 1234 1503 1264 et

104 1280 226 1320 Verbi
247 1280 432 1319 ministris
454 1280 492 1319 in
514 1280 779 1328 comitatibus,
795 1280 970 1327 urbibus,
990 1280 1177 1319 dominiis
1198 1287 1236 1318 et
1256 1279 1340 1318 aliis
1362 1279 1502 1318 ditioni

105 1349 199 1374 suae
219 1334 407 1374 subiectis
429 1334 525 1374 locis
541 1334 748 1386 agentibus
770 1336 936 1374 salutem
958 1348 1048 1373 cum
1070 1334 1206 1374 debita
1226 1333 1504 1373 benevolentia

106 1397 296 1440 precatur.

161 1446 253 1483 Non
297 1443 482 1494 ignoratis
517 1444 679 1494 quidem
719 1451 760 1481 ut
801 1443 1039 1494 Evangelica
1072 1443 1252 1482 doctrina
1287 1451 1324 1482 et
1372 1456 1504 1481 sacrae

105 1497 326 1549 Scripturae
349 1497 489 1537 veritas
519 1499 596 1536 hoc
626 1499 784 1536 saeculo
814 1505 948 1536 nostro
979 1497 1118 1536 clarius
1148 1511 1234 1536 sese
1263 1498 1442 1548 proferat,
1466 1505 1504 1535 et

105 1552 242 1614 purius·
265 1566 384 1603 quam
410 1553 579 1591 antehac
607 1553 754 1590 factum
785 1551 833 1590 sit
862 1552 1119 1602 praedicetur.
1180 1553 1295 1601 Quae
1319 1566 1377 1590 res
1398 1552 1504 1611 apud

106 1606 306 1657 imperitos
345 1614 383 1645 et
422 1620 549 1645 rerum
588 1607 704 1645 rudes
745 1606 925 1645 homines
965 1608 1131 1644 multum
1165 1605 1432 1644 contentionis
1467 1613 1505 1644 et

106 1660 258 1699 dissidii
278 1674 412 1711 parere
432 1660 662 1708 consuevit3
691 1661 786 1699 dum
801 1659 983 1699 videlicet
1003 1660 1101 1698 alius
1122 1659 1282 1709 quidem
1301 1658 1503 1709 pristinam

106 1716 327 1753 doctrinam
349 1714 514 1753 retinere
535 1692 710 1761 conatiir,
729 1714 826 1753 alius
844 1728 934 1753 v·eio
957 1713 1102 1754 Christi
1123 1715 1315 1773 populum
1336 1714 1505 1751 antehac

107 1768 223 1807 nimis
244 1769 414 1819 maligne
431 1776 468 1807 et
489 1770 754 1807 fraudulenter
775 1768 994 1806 institutum
1014 1781 1099 1807 6556
1116 1767 1267 1806 existim
1271 1775 1322 1806 tt.
1368 1768 1503 1816 Quum

108 1836 199 1862 vero
219 1822 319 1861 intra
339 1824 430 1861 anni
452 1822 621 1882 spatium
652 1822 849 1869 omnibus,
872 1822 939 1872 qui
968 1822 1007 1860 in
1038 1822 1187 1861 ditione
1218 1829 1348 1860 nostra
1372 1830 1503 1872 agunt,

109 1876 361 1915 ecclesiarum
383 1876 568 1915 ministris
590 1876 629 1914 in
650 1876 850 1927 publicam
878 1877 1073 1926 synodum
1097 1876 1322 1915 convocatis
1343 1889 1411 1926 per
1432 1889 1505 1914 nos

108 1930 328 1969 iniunctum
350 1932 465 1969 simul
486 1939 523 1969 et
548 1939 802 1981 praeceptum
829 1930 888 1978 sit,
917 1944 966 1969 ne
993 1930 1089 1981 quid
1110 1932 1169 1969 vel
1198 1932 1237 1968 in
1264 1931 1361 1970 urbe
1381 1931 1441 1968 vel
1467 1930 1506 1967 in

109 1998 200 2035 agro
221 1993 354 2024 nostro
375 1985 613 2036 praedicent,
636 1999 754 2035 quam
777 1986 886 2035 quod
914 1986 950 2024 S.
974 1987 1010 2024 S.
1035 1984 1269 2024 testimoniis
1297 1984 1505 2035 approbari

110 2047 148 2078 et
169 2039 328 2078 defendi
353 2047 493 2089 queat:
524 2039 640 2078 huius
667 2039 913 2078 institutione
938 2047 976 2078 et
1002 2039 1191 2089 imagines
1221 2052 1302 2078 non
1326 2040 1507 2077 ferendas

111 2100 149 2131 et
177 2095 342 2132 Missam
363 2107 385 2132 a
404 2093 566 2144 pristina
592 2095 727 2141 forma,
750 2106 818 2144 per
845 2093 1047 2133 Christum
1072 2095 1304 2132 salvatorem
1330 2101 1507 2131 nostrum

112 2146 298 2195 instituta,
321 2161 441 2198 quam
462 2147 674 2198 plurimum
695 2147 993 2198 degeneravisse
1022 2147 1247 2187 didicimus.
1305 2151 1419 2196 Quae
1450 2160 1509 2185 res

112 2214 233 2240 novas
253 2203 340 2241 lites
365 2209 403 2241 et
428 2202 704 2241 contentiones
730 2203 836 2252 apud
863 2209 1016 2241 nostros
1046 2201 1161 2240 simul
1189 2210 1226 2240 et
1252 2201 1349 2240 alios
1379 2202 1508 2250 plures

114 2255 304 2294 excitavit.
379 2257 629 2306 Quapropter
660 2256 860 2306 publicam
899 2269 1039 2306 pacem
1079 2255 1177 2294 tueri
1217 2263 1254 2292 et
1292 2254 1509 2292 discordias

113 2311 219 2359 apud
249 2317 440 2348 nostrates
471 2323 491 2348 e
521 2310 654 2348 medio
684 2312 818 2348 tollere
850 2311 971 2348 nostri
1005 2309 1122 2348 officii
1158 2323 1242 2348 esse
1274 2308 1508 2358 putavimus.

116 2364 237 2402 Unde
257 2377 337 2414 quo
358 2364 610 2404 dissidiorum
632 2364 770 2404 turbae
791 2364 918 2403 sedari
939 2373 976 2403 et
1005 2365 1217 2403 multorum
1239 2362 1438 2401 vanissimi
1460 2364 1510 2401 de

116 2417 230 2456 nobis
269 2431 468 2457 sermones
507 2418 705 2469 compesci
746 2427 916 2469 possent,
962 2420 1121 2457 alteram
1172 2416 1297 2468 (quod
1338 2416 1507 2455 faustum

116 2472 284 2521 felixque
304 2471 368 2523 sit)
391 2474 586 2521 synodum
608 2472 925 2512 convocavimus.
