1715 2780
125 72 180 120 38
223 72 342 110 THE
365 67 946 110 EXCOMMUNICATION
967 67 1039 106 OF
1061 67 1309 113 LUTHER,
1335 78 1436 116 1520
1483 78 1530 116 79

128 176 302 228 singulos
322 174 507 214 articulos
528 187 597 213 seu
617 185 765 213 errores
783 201 791 210 .
809 201 816 210 .
834 201 842 211 .
861 172 1109 218 damnamus,
1132 170 1390 221 reprobamus
1413 179 1533 221 atque

127 230 292 270 omnino
312 229 521 269 reiicimus.
539 259 546 267 .
566 259 573 267 .
593 259 600 266 .

182 287 202 335 ᾗ
224 296 259 336 5.
291 286 468 336 Insuper,
493 283 585 334 quia
614 295 762 322 errores
789 280 953 333 praefati
974 287 1012 319 et
1038 280 1169 330 plures
1195 278 1260 318 alii
1281 278 1533 318 continentur

129 339 170 378 in
190 338 331 378 libellis
353 352 422 378 seu
444 337 596 389 scriptis
628 336 791 376 Martini
820 337 978 382 Luther,
1003 334 1131 374 dictos
1161 334 1317 373 libellos
1339 342 1377 372 et
1399 333 1533 372 omnia

128 393 225 434 dicti
247 392 410 431 Martini
431 391 596 443 scripta.
617 422 623 430 .
645 422 651 430 .
671 390 847 430 similiter
864 391 1112 436 damnamus,
1137 389 1396 439 reprobamus
1413 395 1532 438 atque

131 447 295 487 omnino
316 446 513 486 reiicimus
532 477 539 486 .
558 477 565 485 .
586 477 592 484 .
611 447 845 485 mandantes
864 475 871 483 .
892 475 898 482 .
919 474 926 483 .
945 442 1131 483 omnibus
1153 450 1192 482 et
1213 442 1375 494 singulis
1396 442 1535 481 utrius-

130 516 208 554 que
237 515 351 541 sexus
382 500 717 541 Christifidelibus
735 530 742 538 .
761 531 768 538 .
789 529 797 537 .
816 513 866 538 ne
896 497 1126 537 huiusmodi
1156 497 1323 548 scripta.
1343 528 1371 535 ..
1392 498 1531 547 legere,

130 569 312 604 asserere,
322 554 559 606 praedicare,
573 555 744 602 laudare,
756 553 990 604 imprimere,
1004 551 1216 602 publicare,
1227 552 1307 590 sive
1321 552 1534 590 defendere

132 641 138 650 .
158 641 165 649 .
185 640 193 650 .
211 617 487 662 praesumant:
513 608 693 660 quinimo
714 608 779 646 illa
795 607 925 646 statim
948 614 1036 658 post
1053 607 1191 644 harum
1208 605 1533 656 publicationem,

131 665 374 715 ubicumque
422 663 576 710 fuerint,
616 676 686 714 per
734 661 965 702 Ordinarios
992 692 998 699 .
1024 692 1030 698 .
1056 691 1061 698 .
1087 659 1294 710 diligenter
1343 659 1532 710 quaesita,

130 719 288 770 publice
306 749 314 757 .
333 749 340 758 .
361 749 368 757 .
391 718 637 757 comburant.
656 747 663 755 .
683 747 691 755 .
709 748 716 755 .

184 774 203 823 ξ
228 787 285 812 10.
318 803 325 812 .
345 803 352 811 .
374 803 381 811 .
400 773 585 812 Eundem
608 771 825 810 Martinum
847 770 1011 820 eiusque
1038 770 1297 809 adhaerentes
1315 798 1323 807 .
1345 799 1351 806 .
1371 800 1376 806 .
1399 776 1535 808 tenore

132 827 396 878 praesentium
414 825 647 877 requirimus
664 833 701 865 et
716 838 925 864 monemus
941 855 948 862 .
965 855 972 862 .
990 855 996 862 .
1012 832 1208 875 quatenus
1224 823 1323 861 infra
1336 822 1536 874 sexaginta

131 881 215 921 dies
232 912 239 920 .
259 912 266 920 .
287 912 294 919 .
311 881 362 920 ab
378 880 560 920 affixione
573 880 838 931 praesentium
856 879 895 917 in
912 878 1008 918 locis
1025 877 1289 928 infrascriptis,
1308 877 1536 916 immediate

132 943 342 987 sequentes
380 936 658 982 numerandos,
700 934 784 985 ipse
831 933 1038 981 Martinus,
1083 932 1311 983 complices,
1352 933 1534 978 fautores,

132 992 392 1029 adhaerentes
432 997 470 1029 et
509 996 772 1039 receptatores
811 987 1013 1039 praedicti,
1044 1001 1067 1025 a
1105 986 1288 1037 praefatis
1327 985 1534 1032 erroribus,

133 1058 350 1095 eorumque
398 1043 692 1094 praedicatione
715 1073 720 1079 .
739 1074 746 1081 .
768 1074 774 1080 .
797 1042 962 1081 omnino
1011 1041 1214 1088 desistant,
1255 1040 1455 1091 librosque
1474 1071 1479 1078 .
1500 1070 1506 1077 .
1527 1070 1532 1077 .

133 1099 420 1138 comburant..
441 1129 448 1136 .
482 1099 574 1148 Ipse
614 1097 731 1136 etiam
774 1096 969 1135 Martinus
1019 1108 1166 1134 errores
1214 1102 1252 1133 et
1299 1094 1535 1133 assertiones

134 1152 363 1192 huiusmodi
388 1151 553 1191 omnino
574 1158 741 1199 revocet,
764 1164 810 1189 ac
841 1152 892 1190 de
921 1148 1173 1189 revocatione
1203 1148 1436 1188 huiusmodi
1466 1161 1535 1199 per

133 1208 293 1257 publica
312 1208 554 1246 documenta
575 1205 614 1244 in
639 1207 765 1244 forma
794 1204 886 1243 iuris
907 1204 1060 1243 valida.
1081 1204 1178 1242 ..ad
1208 1216 1280 1242 nos
1311 1202 1410 1241 infra
1439 1202 1536 1241 alios

135 1261 281 1300 similes
311 1260 511 1312 sexaginta
539 1261 624 1299 dies
655 1259 967 1307 transmittenda,
991 1259 1052 1296 vel
1083 1271 1151 1308 per
1180 1257 1394 1307 ipsummet
1416 1256 1464 1308 (si
1485 1257 1535 1295 ad

133 1328 205 1354 nos
235 1314 367 1355 venire
398 1314 573 1361 voluerit,
605 1315 714 1364 quod
745 1313 868 1363 magis
897 1312 1087 1364 placeret)
1116 1325 1229 1350 cum.
1250 1342 1257 1349 .
1278 1342 1284 1348 .
1303 1310 1535 1361 plenissimo

135 1371 241 1408 salvo
275 1370 477 1409 conductu
512 1382 631 1419 quem
671 1382 717 1407 ex
756 1381 863 1406 nunc
902 1366 1171 1413 concedimus,
1206 1366 1430 1412 deferenda,
1464 1378 1536 1403 nos

134 1423 317 1463 certiores
338 1423 490 1470 efficiat,
514 1430 556 1461 ut
578 1424 628 1461 de
650 1422 732 1461 eius
754 1436 844 1461 vera
864 1420 1093 1461 obedientia
1117 1421 1248 1459 nullus
1276 1418 1536 1459 dubitationis

135 1480 339 1530 scrupulus
361 1479 487 1516 valeat
507 1490 720 1516 remanere.

188 1532 289 1581 §IL
322 1531 429 1570 Alias
462 1531 493 1570 si
526 1531 653 1583 (quod
686 1530 806 1581 absit)
839 1529 1034 1568 Martinus
1066 1531 1274 1580 praefatus,
1308 1527 1535 1580 compliceS,

135 1594 220 1634 etc„
243 1586 444 1638 praedicti,
468 1599 581 1625 secus
602 1585 775 1636 egerint.
797 1615 804 1623 .
825 1615 832 1622 .
851 1585 1023 1624 eundem
1055 1584 1284 1630 Martinum,
1308 1583 1534 1633 complices,

135 1648 221 1689 etc.,
245 1672 252 1679 .
273 1672 279 1680 .
306 1672 313 1679 .
335 1641 511 1680 notorios
551 1647 589 1679 et
627 1639 846 1690 pertinaces
880 1638 1098 1678 haereticos
1122 1667 1129 1676 .
1154 1669 1160 1675 .
1185 1668 1193 1676 .
1216 1637 1336 1676 fuisse
1375 1645 1413 1675 et
1453 1649 1538 1675 esse

135 1696 391 1742 declarantes,
414 1695 576 1734 eosdem
599 1702 640 1733 ut
661 1695 757 1733 tales
778 1695 917 1732 harum
939 1692 1037 1732 serie
1058 1694 1374 1731 condemnamus
1393 1721 1399 1729 .
1420 1722 1427 1730 .
1447 1722 1453 1729 .

800 1872 876 1909 XX

205 1985 324 2023 THE
356 1984 493 2022 DIET
523 1984 594 2022 OF
624 1983 842 2029 WORMs
879 1994 923 2030 27
955 1982 1179 2031 JAN.—25
1214 1982 1335 2019 MAY
1371 1991 1466 2029 1521

187 2071 342 2106 Charles
369 2071 415 2114 V,
449 2070 542 2106 after
568 2070 626 2104 his
654 2069 872 2104 coronation
904 2075 941 2103 at
975 2068 1131 2102 Aachen
1163 2076 1206 2111 23
1240 2067 1324 2101 Oct.
1359 2074 1459 2110 1520,
1491 2075 1537 2099 on

144 2127 157 2152 Ι
180 2117 277 2153 Nov.
295 2118 517 2153 summoned
544 2118 608 2152 the
629 2119 779 2152 Estates
797 2123 834 2151 to
853 2116 1017 2150 Worms.
1067 2115 1268 2156 Aleander,
1293 2113 1540 2156 1480-†1542,

140 2165 263 2200 whose
283 2165 373 2210 [No.
390 2164 450 2211 39]
476 2165 754 2200 instructions
772 2175 821 2198 as
839 2164 968 2207 Papal
984 2162 1142 2206 Legate
1160 2173 1255 2196 were
1275 2160 1410 2205 simply
1423 2166 1461 2194 to
1478 2170 1538 2193 see

140 2212 218 2247 that
246 2213 384 2247 Luther
409 2224 483 2247 was
509 2212 651 2247 treated
677 2222 718 2246 as
740 2223 762 2246 a
789 2210 927 2245 heretic
954 2209 1107 2252 already
1126 2208 1360 2243 condemned
1388 2207 1537 2251 (Balan‚

140 2259 390 2294 Monumenta
422 2260 717 2305 Refformationis
750 2257 1003 2300 Lutheranae,
1032 2256 1053 2290 i.
1088 2257 1108 2291 8
1143 2255 1253 2301 sqq),
1281 2266 1356 2289 was
1389 2255 1538 2288 favour-

141 2306 226 2350 ably
238 2306 443 2352 impressed
456 2307 505 2352 by
518 2307 607 2352 [No.
623 2305 683 2350 40]
697 2306 763 2341 his
780 2306 873 2340 first
884 2304 1109 2340 interview
1123 2304 1227 2339 with
1240 2303 1313 2338 the
1325 2302 1537 2344 Emperor,

141 2361 160 2386 2
164 2362 255 2397 3—29
271 2354 371 2399 Sept.
377 2380 385 2397 ,
397 2360 434 2389 at
448 2355 625 2399 Antwerp
636 2353 807 2399 (Quellen
822 2353 904 2386 und
913 2351 1181 2396 Forsclzungen
1194 2362 1264 2384 aus
1278 2347 1539 2384 italiem‘sclzen

143 2400 347 2445 Archiven,
378 2402 405 2435 1.
434 2401 455 2435 i.
485 2409 546 2446 151
588 2412 654 2446 sq.‚
693 2402 828 2443 Rome,
866 2401 990 2444 1897),
1017 2398 1092 2433 and
1128 2397 1274 2433 arrived
1312 2396 1349 2430 in
1385 2395 1538 2428 Worms

143 2455 188 2490 30
205 2447 300 2483 Nov.
353 2449 414 2483 He
431 2459 507 2483 was
525 2454 562 2483 at
581 2459 673 2484 once
692 2453 767 2484 met
785 2448 834 2492 by
853 2447 917 2482 the
935 2445 1120 2491 objection
1140 2444 1257 2479 based
1276 2455 1323 2478 on
1343 2443 1423 2477 Art.
1444 2441 1538 2474 XIX
