1715 2780
99 97 172 135 214
239 86 360 124 THE
390 86 772 124 ANABAP'rls'rs
804 85 864 123 IN
896 76 1127 130 lumel-1,
1165 95 1342 133 1525132
1418 95 1492 133 457

97 188 399 239 rebaptizantur,
429 188 630 229 Christum
662 189 794 226 denuo
825 189 1068 238 crucifigunt,
1103 188 1162 226 vel
1197 186 1421 226 contumaci
1457 194 1494 225 et

97 256 276 294 perversa
308 243 530 282 animorum
565 241 778 294 pertinacia
809 243 869 281 vel
901 255 1029 281 rerum
1061 243 1334 281 novandarum
1362 240 1494 280 studio

97 296 299 336 commoti.

153 351 446 402 Propositiones
476 352 556 398 has,
591 350 710 389 firmis
740 358 777 390 et
807 350 1039 390 indubitatis
1069 349 1286 389 rationibus
1313 362 1335 388 e
1363 362 1495 388 sacrae

98 405 319 456 Scripturae
340 405 483 444 scrinio
504 404 759 456 depromptis,
781 404 836 443 sic
865 405 1149 444 demonstrabo
1181 403 1429 454 firmaboque
1452 411 1494 441 ut

98 473 217 498 nemo
248 459 470 499 mortalium
500 473 542 499 se
570 460 644 497 illis
674 472 876 510 opponere
905 459 1038 510 possit.
1100 461 1192 497 Hoc
1213 458 1346 508 itaque
1366 459 1497 496 adver-

99 513 207 552 sariis
242 514 383 553 nostris
414 515 465 553 de
496 514 612 552 nobis
647 521 795 552 certum
829 521 866 552 et
900 513 1166 553 indubitatum
1200 512 1259 560 sit,
1282 513 1391 563 quod
1423 525 1497 550 nec

99 567 254 606 illorum
275 567 724 621 protervitaticessurus,
744 581 817 606 nec
837 576 878 606 ut
900 581 1047 607 errores
1068 567 1108 606 hi
1129 567 1168 605 in
1189 566 1355 606 ecclesia
1376 565 1497 616 sparsi

101 629 337 670 excrescant,
371 623 505 673 quoad
536 621 666 661 vixero
702 636 876 672 unquam
909 622 1168 673 permissurus
1207 635 1306 659 sum.
1377 622 1497 660 Certo

101 676 206 714 enim
226 676 318 715 novi
339 676 492 715 infinita
521 689 607 715 esse
636 677 849 715 commoda
880 684 916 715 et
946 677 1093 715 fructus
1115 676 1342 714 innumeros
1364 674 1431 725 qui
1452 688 1497 712 ex

99 732 348 781 parvulorum
377 730 576 781 baptismo
603 731 654 769 ad
689 730 958 770 Christianum
988 732 1179 781 populum
1211 730 1336 769 redire
1358 730 1498 768 solent.

100 787 304 824 Praeterea
353 784 512 824 firmiter
563 785 683 823 credo
738 787 868 823 Deum
920 785 1235 835 omnipotentem
1290 796 1496 834 nunquam

98 838 373 887 admissurum,
396 846 438 878 ut
459 840 536 877 hoc
556 838 711 878 sublato
732 840 1029 889 anabaptismus
1051 839 1331 878 introducatur.
1358 869 1363 875 .
1389 867 1395 874 .
1420 868 1425 875 .

118 949 204 992 No.
243 961 332 1003 215.
382 949 537 993 From
576 949 836 1002 Zwingli’s
878 952 889 972 ‘
907 949 965 991 In
1010 947 1478 1003 Catabaptistarum

321 1007 561 1062 strophas
603 1008 899 1059 Elenchus',
930 1018 978 1060 31
1009 1007 1129 1062 July
1158 1018 1270 1060 1531.

155 1130 161 1137 .
186 1130 191 1137 .
213 1130 219 1137 .
246 1101 493 1150 Baptismum
515 1098 722 1137 infantium
745 1099 849 1137 miris
866 1098 1126 1149 proscindunt
1148 1098 1288 1145 modis,
1303 1109 1497 1136 summam

98 1153 449 1201 abominationem,
482 1166 528 1192 ex
558 1155 852 1192 cacodaemone
883 1153 1156 1203 Pontificeque
1187 1154 1373 1191 Romano
1402 1164 1499 1189 esse.

100 1208 355 1248 Occurrimus
394 1220 557 1258 propere
596 1215 634 1246 et
673 1207 765 1246 huic
804 1207 1017 1246 incursioni
1059 1207 1226 1245 amicam
1266 1207 1499 1257 pollicemur

100 1263 364 1302 collationem.
422 1261 655 1302 Condicitur
674 1263 725 1300 ad
745 1275 945 1312 quemque
966 1261 1070 1300 diem
1091 1261 1229 1299 Martis
1245 1274 1313 1310 per
1329 1260 1500 1309 singulas

101 1316 374 1356 hebdomades
403 1317 723 1355 conveniendum
754 1329 851 1355 esse.
910 1316 1041 1354 Prima
1070 1314 1347 1366 congressione
1369 1326 1500 1364 pugna

101 1372 172 1409 fuit
214 1370 312 1410 acris
336 1401 342 1408 .
366 1400 374 1408 .
398 1401 406 1408 .
427 1371 609 1410 Secunda
650 1369 797 1409 acrior:
847 1370 1009 1420 quidam
1049 1371 1155 1409 enirn
1195 1383 1242 1409 ex
1281 1368 1336 1408 eis
1376 1381 1499 1418 quum

102 1424 308 1476 Scripturis
330 1425 426 1463 nihil
447 1432 622 1475 possent,
642 1426 785 1474 apertis
806 1425 1056 1463 contumeliis
1077 1438 1159 1463 rem
1181 1431 1346 1462 tentant.
1407 1424 1500 1460 Post

102 1480 265 1518 multam
286 1478 618 1518 conflictationem
641 1492 763 1528 quum
785 1492 825 1518 se
847 1478 1048 1517 inferiores
1070 1478 1257 1526 viderent,
1281 1485 1319 1516 et
1340 1490 1412 1515 nos
1432 1489 1500 1515 eos

101 1533 227 1572 amice
267 1535 574 1579 dehortaremur,
621 1532 675 1571 sic
714 1532 931 1571 discessum
972 1541 1030 1571 est
1069 1540 1110 1571 ut
1149 1532 1325 1582 plerique
1365 1545 1410 1570 ex
1456 1530 1499 1568 iis

102 1587 374 1638 promitterent
403 1601 444 1626 se
471 1587 567 1625 nihil
596 1594 798 1635 moturos,
833 1589 949 1626 etiam
983 1587 1013 1625 si
1042 1600 1122 1625 non
1151 1587 1429 1636 pollicerentur
1460 1598 1500 1622 se

102 1655 280 1681 cessuros
319 1655 404 1681 esse
443 1642 649 1680 sententia.
723 1643 830 1680 Intra
869 1641 1042 1680 triduum
1091 1648 1158 1679 aut
1200 1641 1251 1679 ad
1300 1652 1499 1678 summum

102 1696 355 1746 quatriduum
381 1695 589 1734 nunciatur
619 1708 685 1734 eos
716 1697 783 1745 qui
814 1695 929 1733 huius
961 1703 1089 1733 sectae
1111 1693 1320 1744 coryphaei
1345 1694 1501 1732 fuerunt

103 1750 330 1800 quindecim
361 1751 494 1788 fratres
524 1749 694 1788 tinxisse.
755 1749 815 1787 Ibi
847 1749 1016 1799 primum
1050 1748 1262 1787 sentiscere
1294 1747 1498 1797 coepimus

102 1803 213 1842 cuius
234 1817 353 1842 causa
368 1811 406 1843 et
420 1817 562 1842 novam
584 1802 790 1842 ecclesiam
805 1803 987 1854 colligere
1008 1803 1217 1841 institerint
1234 1810 1271 1842 et
1293 1802 1500 1840 infantium

104 1858 343 1908 baptismum
359 1866 564 1908 tantopere
578 1857 901 1908 oppugnaverint.
945 1859 1159 1896 Monemus
1173 1871 1265 1907 ergo
1281 1855 1500 1903 ecclesiam,

104 1913 250 1950 factum
272 1912 375 1951 istud
396 1911 557 1951 defendi
580 1925 658 1950 non
681 1925 808 1962 posse,
832 1920 872 1950 ut
894 1912 1002 1950 bono
1023 1911 1200 1959 consilio,
1224 1912 1370 1950 nedum
1394 1911 1501 1949 bono

104 1965 239 2017 spiritu
269 1975 454 2017 coeptum
485 1967 544 2005 sit.
604 1967 680 2004 His
702 1965 949 2016 potissimum
982 1965 1132 2005 causis:
1164 1965 1374 2004 tentavisse
1396 1966 1501 2015 ipsos

103 2021 292 2060 ecclesiae
311 2020 545 2060 divisionem
566 2033 612 2058 ac
628 2020 890 2070 partitionem,
906 2021 1015 2070 quod
1032 2020 1195 2070 perinde
1211 2021 1261 2059 ad
1278 2018 1502 2069 hypocrisin

104 2076 296 2125 pertineat
339 2082 458 2125 atque
497 2075 783 2113 monachorum
832 2074 1068 2124 superstitio.
1116 2075 1328 2113 Secundo:
1378 2086 1501 2123 quum

105 2129 280 2168 ecclesiis
314 2142 428 2168 suum
460 2128 662 2167 arbitrium
695 2130 745 2167 de
777 2130 956 2167 doctrina
988 2128 1201 2167 iudicanda
1235 2127 1427 2165 illibatum
1451 2128 1500 2165 sit

104 2184 351 2230 servandum,
371 2196 480 2221 orsos
495 2196 580 2222 esse
596 2183 924 2232 catabaptismum
939 2184 1033 2221 citra
1049 2195 1209 2221 omnem
1226 2180 1475 2220 collationem
1494 2195 1503 2227 ς

104 2236 201 2274 nihil
221 2237 327 2276 enim
348 2250 416 2288 per
436 2250 596 2275 omnem
619 2238 668 2275 de
689 2236 897 2275 infantium
918 2237 1116 2287 baptismo
1138 2248 1309 2286 pugnam
1331 2236 1381 2273 de
1402 2242 1503 2272 cata-

106 2290 302 2340 baptismo
340 2291 602 2342 proposuisse.
665 2292 824 2329 Tertio:
864 2290 986 2330 videri
1027 2293 1131 2328 hunc
1170 2288 1499 2339 catahaptismum

105 2343 380 2384 seditiosorum
401 2345 609 2384 hominum
630 2357 715 2383 esse
735 2346 854 2383 veluti
877 2353 1075 2384 tesseram.
1135 2345 1330 2388 Protinus,
1347 2350 1387 2381 ut
1405 2343 1502 2381 haec

105 2397 329 2446 resciscunt,
352 2398 503 2449 magnis
525 2398 771 2438 examinibus
793 2399 832 2437 in
858 2399 995 2437 urbem
1017 2399 1214 2444 advolant,
1240 2398 1367 2447 posita
1387 2411 1496 2444 zona,

106 2451 224 2491 salice
249 2461 315 2491 aut
340 2462 439 2492 reste
469 2453 598 2499 cincti,
625 2453 662 2490 in
695 2454 777 2492 foro
805 2461 924 2502 atque
955 2453 1084 2499 triviis,
1113 2460 1152 2490 ut
1185 2451 1255 2500 ipsi
1290 2451 1497 2497 iactabant,
