1715 2780
141 133 188 170 28
371 130 489 167 THE
532 124 898 165 NINETY-FIVE
939 120 1166 166 THESES,
1208 130 1305 168 1517
1491 127 1535 155 12

139 234 398 280 sanctitatem,
416 233 486 271 sed
506 229 785 270 tantummodo
805 239 974 278 poenam
997 233 1208 271 externam,
1230 223 1324 262 olim
1345 221 1536 262 canonice

140 288 292 340 imponi
313 286 480 333 solitam,
502 285 689 323 auferant.

196 343 381 392 Denique
401 353 520 391 opera
535 337 690 389 pietatis
711 344 749 375 et
768 334 966 375 charitatis
987 341 1078 373 sunt
1097 333 1138 371 in
1158 331 1356 371 infinitum
1376 330 1539 371 meliora

140 395 406 446 indulgentiis,
427 402 465 433 et
485 401 617 432 tamen
638 393 735 430 haec
756 403 838 429 non
867 396 976 428 tanta
1001 400 1150 438 pompa
1175 400 1250 426 nec
1275 393 1386 425 tanto
1406 384 1538 424 studio

142 450 370 502 praedicant
390 464 396 487 :
426 448 507 486 imo
528 454 685 498 propter
708 444 841 483 venias
868 442 1152 494 praedicandas
1173 441 1238 479 illa
1263 447 1417 479 tacent:
1447 452 1538 478 cum

141 514 275 545 tamen
295 503 474 543 omnium
496 501 786 551 Episcoporum
802 499 878 536 hoc
899 496 948 536 sit
968 495 1140 535 officium
1161 494 1332 546 primum
1352 501 1391 532 et
1410 494 1539 533 solum

142 568 184 599 ut
204 559 374 610 populus
395 554 655 605 Evangelium
676 553 801 592 discat
826 559 945 602 atque
972 549 1202 588 charitatem
1222 547 1382 589 Christi.
1440 548 1542 587 Nus-

143 626 263 664 quam
302 611 409 651 enim
445 608 644 661 praecepit
683 607 863 646 Christus
901 603 1166 654 indulgentias
1204 601 1429 654 praedicari,
1471 602 1541 640 sed

145 666 402 717 Evangelium
443 665 696 703 vehementer
729 659 919 711 praecipit
950 657 1177 709 praedicari.
1226 658 1409 706 Quantus
1448 668 1540 705 ergo

144 724 279 760 horror
305 728 374 767 est,
402 726 593 769 quantum
622 715 839 766 periculum
870 712 1070 764 Episcopi,
1103 712 1147 760 si,
1167 711 1287 750 tacito
1312 709 1539 760 Evangelio,

144 790 225 814 non
251 774 325 813 nisi
353 772 535 823 strepitus
560 768 891 820 indulgentiarum
913 766 1112 817 permittat
1137 766 1178 804 in
1198 766 1392 816 populum
1411 777 1539 812 suum,

145 838 183 869 et
199 831 269 868 has
290 830 377 879 plus
393 835 502 866 curet
516 838 635 876 quam
653 821 942 873 Evangelium?
964 823 1110 860 Nonne
1126 819 1231 859 dicet
1252 818 1326 858 illis
1343 818 1540 858 Christus:

145 885 320 923 colantes
342 881 509 920 culicem
531 888 568 918 et
589 877 798 929 glutientes
819 876 1044 915 camelum?

199 937 366 976 Accedit
386 937 437 974 ad
464 936 572 981 haec,
597 930 919 972 reverendissime
940 932 1054 968 Pater
1080 928 1121 967 in
1151 927 1340 974 Domino,
1367 927 1476 977 quod
1503 926 1543 964 in

145 991 402 1030 instructione
418 989 481 1027 illa
498 985 881 1032 Commissariorum,
899 984 973 1023 sub
986 986 1032 1022 T.
1050 985 1098 1022 R.
1120 981 1367 1021 Paternitatis
1382 979 1545 1019 nomine

146 1046 261 1092 edita,
291 1045 432 1084 dicitur
451 1042 606 1093 (utique
636 1041 719 1079 sine
744 1048 834 1078 tuae
856 1037 1103 1077 Paternitatis
1133 1035 1480 1075 reverendissimae
1506 1041 1545 1073 et

147 1099 310 1139 scientia
326 1107 363 1137 et
385 1096 598 1146 consensu)
620 1108 738 1134 unam
761 1092 1037 1145 principalium
1057 1091 1266 1142 gratiarum
1288 1102 1373 1128 esse
1393 1089 1544 1128 donum

147 1155 242 1192 illud
262 1153 338 1191 Dei
358 1150 644 1190 inaestimabile
665 1162 745 1199 quo
765 1146 1039 1187 reconcilietur
1058 1147 1180 1185 homo
1203 1146 1315 1183 Deo:
1348 1151 1386 1182 et
1406 1155 1546 1181 omnes

148 1221 300 1258 poenae
316 1208 497 1246 delentur
516 1203 727 1255 purgatorii
743 1219 750 1242 :
780 1202 885 1248 item,
909 1202 1018 1251 quod
1039 1214 1121 1239 non
1148 1199 1197 1238 sit
1216 1197 1436 1237 necessaria
1455 1210 1545 1236 con-

148 1262 252 1301 tritio
274 1261 318 1300 iis
339 1260 406 1311 qui
426 1259 578 1299 animas
599 1259 660 1297 vel
681 1256 983 1296 confessionalia
1003 1254 1214 1294 redimunt.

202 1317 280 1355 Sed
310 1315 406 1365 quid
438 1313 590 1360 faciam,
624 1312 773 1362 optime
804 1311 963 1349 Praesul
992 1317 1031 1348 et
1059 1307 1316 1347 illustrissime
1346 1306 1545 1355 Princeps,

150 1370 222 1408 nisi
252 1370 361 1419 quod
390 1382 458 1418 per
490 1368 708 1406 Dominum
740 1367 874 1404 Iesum
900 1363 1103 1404 Christum
1123 1364 1172 1400 T.
1195 1363 1243 1400 R.
1266 1359 1547 1409 Paternitatem

149 1437 270 1471 orem,
293 1430 487 1473 quatenus
517 1422 677 1460 oculum
709 1427 896 1470 paternae
923 1431 1040 1457 curae
1067 1416 1248 1467 dignetur
1274 1416 1486 1460 advertere,
1509 1421 1546 1452 et

151 1479 320 1517 eundem
352 1477 528 1515 libellum
558 1474 714 1525 penitus
745 1474 891 1521 tollere,
915 1480 953 1511 et
981 1470 1317 1522 praedicatoribus
1346 1467 1547 1507 veniarum

151 1533 353 1583 imponere
379 1530 495 1569 aliam
526 1527 780 1579 praedicandi
807 1528 997 1566 formam:
1027 1538 1078 1564 ne
1098 1526 1197 1564 forte
1216 1523 1357 1574 aliquis
1387 1522 1548 1561 tandem

152 1593 341 1636 exsurgat,
364 1584 431 1634 qui
461 1583 575 1622 editis
605 1582 746 1621 libellis
776 1589 814 1620 et
843 1581 931 1619 illos
958 1588 996 1619 et
1023 1579 1200 1619 libellum
1224 1578 1334 1616 illum
1358 1577 1547 1622 confutet,

151 1641 201 1679 ad
221 1638 456 1690 vituperium
478 1650 678 1676 summum
699 1635 982 1674 illustrissimae
996 1642 1088 1673 tuae
1108 1631 1376 1672 Sublimitatis.
1427 1630 1549 1679 Quod

151 1707 224 1744 ego
245 1695 499 1732 vehementer
521 1691 683 1741 quidem
701 1690 781 1729 fieri
798 1689 1002 1736 abhorreo,
1022 1696 1060 1727 et
1076 1696 1208 1726 tamen
1225 1688 1398 1725 futurum
1415 1684 1548 1731 timeo,

153 1762 225 1786 n1S1
247 1757 326 1786 cito
347 1753 601 1785 succurratur.
1483 1772 1485 1775 .
1538 1772 1541 1775 .

210 1803 324 1839 Haec
352 1814 462 1839 meae
493 1798 693 1850 parvitatis
723 1797 853 1837 fidelia
885 1796 1023 1843 officia,
1060 1809 1165 1846 rogo,
1197 1803 1264 1834 tua
1292 1791 1552 1832 illustrissima

154 1857 288 1895 Gratia
315 1855 496 1904 dignetur
523 1853 700 1903 accipere
726 1853 848 1891 modo
876 1849 1079 1902 principali
1100 1858 1138 1888 et
1164 1847 1389 1900 episcopali,
1412 1846 1453 1886 id
1480 1853 1549 1893 est,

155 1908 486 1949 clementissimo:
535 1906 633 1945 sicut
674 1919 746 1956 ego
787 1919 831 1944 ea
879 1904 1047 1943 exhibeo
1086 1904 1205 1942 corde
1243 1901 1475 1941 fidelissimo
1513 1908 1552 1938 et

154 1966 200 2002 T.
221 1965 261 2000 P.
282 1963 330 2000 R.
350 1960 596 2000 deditissimo
614 1976 620 1998 :
651 1973 737 1998 sum
754 1959 858 1998 enim
877 1967 914 1997 et
931 1972 1004 2008 ego
1018 1970 1105 2008 pars
1118 1958 1229 1996 ovilis
1245 1956 1314 1996 tui.
1356 1953 1553 1994 Dominus

158 2020 268 2057 Iesus
288 2015 484 2054 custodiat
506 2016 551 2052 T.
577 2016 623 2051 R.
648 2013 926 2051 Paternitatem
955 2012 992 2049 in
1018 2019 1233 2050 aeternum.
1292 2012 1434 2048 Amen.
1495 2009 1552 2046 Ex

158 2070 434 2119 Wittenberga‚
459 2069 497 2106 in
519 2067 645 2117 vigilia
667 2067 858 2106 Omnium
882 2068 1126 2112 Sanctorum,
1149 2077 1254 2103 anno
1277 2075 1443 2101 Mvan.

211 2126 249 2164 Si
279 2132 368 2162 tuae
394 2121 739 2161 reverendissimae
767 2123 807 2158 P.
833 2121 970 2170 placet,
992 2118 1133 2168 poterit
1153 2119 1223 2156 has
1251 2130 1357 2156 meas
1383 2115 1554 2166 disputa-

156 2182 283 2218 tiones
304 2177 448 2223 videre,
471 2183 513 2214 ut
541 2174 740 2224 intelligat,
767 2187 885 2224 quam
914 2172 1034 2211 dubia
1062 2185 1120 2210 res
1149 2172 1196 2210 sit
1222 2169 1551 2220 indulgentiarum

156 2233 302 2284 opinio,
326 2244 442 2281 quam
466 2230 517 2267 illi
541 2237 581 2267 ut
606 2228 861 2267 certissimam
883 2226 1090 2265 somniant.

528 2294 720 2343 Indignus
751 2292 861 2330 filius.

286 2361 479 2400 Martinus
501 2359 659 2405 Luther,
683 2357 887 2407 Augustin.
913 2358 1062 2394 Doctor
1084 2356 1118 2392 S.
1141 2356 1175 2391 T
1179 2354 1280 2392 heol.
1302 2360 1474 2391 vocatus.
