1715 2780
222 109 298 147 504
546 97 729 134 FAREL
760 97 820 134 IN
852 97 1095 142 GENEVA,
1131 99 1284 146 1532-6
1538 108 1616 146 247

221 201 291 240 des
331 199 597 251 Chirurgiens.
658 201 715 238 Le
756 200 898 250 Mardy
931 212 1043 249 apres
1078 199 1144 250 qui
1184 203 1300 239 estoit
1340 203 1454 241 Feste
1492 202 1616 241 sainct

223 255 402 293 Bernabe
433 256 490 293 fut
517 255 608 292 faict
630 267 707 292 une
728 254 817 292 voix
844 255 894 292 de
919 260 1131 305 trompette
1151 268 1229 305 que
1256 257 1342 305 plus
1366 257 1435 294 nul
1456 270 1506 295 ne
1527 256 1617 295 mist

220 310 292 348 tels
332 310 522 359 placards,
558 322 622 346 sur
654 308 769 358 peine
803 309 853 346 de
887 307 980 347 trois
1012 315 1119 347 tours
1151 310 1201 348 de
1235 311 1364 358 corde,
1406 318 1444 349 et
1478 311 1618 350 d'estre

220 363 353 414 banny
369 364 420 402 de
440 364 477 401 la
496 363 586 401 ville
606 375 705 412 pour
725 375 780 400 un
798 375 860 400 an.

233 461 325 508 No.
357 462 459 515 248.
506 460 613 503 The
644 460 851 503 Council
884 460 1145 504 disclaims
1178 461 1459 518 sympathy
1488 463 1618 507 with

424 523 432 542 ‘
452 518 813 561 Lutheranism
831 525 857 570 '‚
879 518 1010 571 June
1031 521 1133 562 and
1152 519 1274 574 July
1295 531 1414 573 1532.

278 599 335 651 (a)
365 601 481 637 From
521 599 570 637 iss
605 600 766 637 decrees:
797 597 853 649 (α)
896 612 943 648 29
982 600 1109 649 June:
1155 601 1403 639 Defendatur
1433 602 1619 651 magistro

222 654 441 692 scolarum¹
462 654 571 703 quod
592 666 672 691 non
693 652 892 702 praedicet
913 653 1073 692 ulterius
1090 684 1097 692 .
1117 684 1123 692 .
1146 684 1152 692 .
1170 654 1245 693 nisi
1266 654 1399 694 habita
1419 654 1577 694 licentia
1597 669 1620 694 a

223 710 320 746 Rev.
346 709 395 747 D.
419 707 576 746 Vicario
596 714 663 745 aut
686 706 881 745 Dominis,
940 706 1003 758 (β)
1026 721 1076 757 30
1096 709 1223 757 June:
1246 710 1307 747 De
1328 709 1620 759 praedicatione

225 761 439 812 Evangelii.
499 762 735 800 Resolutum
768 762 877 811 quod
909 774 980 811 pro
1018 762 1214 812 praesenti
1246 763 1399 802 differat
1437 763 1619 813 magister

223 818 417 854 scolarum
439 817 566 865 legere
589 815 859 865 Evangeliuln.
915 817 966 854 Et
986 815 1202 865 requiratur
1222 816 1418 855 Dominus
1439 817 1618 856 Vicarius

225 871 333 920 quod
367 870 500 908 iubeat
532 882 600 919 per
632 868 802 919 singulas
836 869 1079 919 parochiales
1112 868 1336 924 [ecclesias]
1369 878 1407 910 et
1446 871 1620 921 singulos

224 931 442 963 conventus
475 924 720 973 evangelium
756 930 793 962 et
822 923 1027 973 epistolam
1063 923 1141 963 diei
1174 925 1225 963 ad
1257 925 1459 964 veritatem
1502 925 1618 963 nullis

226 978 355 1016 mixtis
395 977 547 1016 fabellis
587 990 660 1015 nec
699 977 783 1015 aliis
824 977 1119 1016 inventionibus
1159 978 1352 1026 humanis,
1389 979 1618 1029 praedicari.

226 1034 275 1070 Et
296 1032 472 1070 vivamus
494 1039 534 1069 ut
556 1032 690 1070 fratres
712 1030 931 1078 unanimes,
958 1031 1074 1069 nullis
1096 1032 1389 1071 inventionibus
1409 1033 1616 1072 adiunctis.

280 1085 334 1136 (b)
365 1087 482 1123 From
507 1087 567 1123 the
591 1091 718 1135 repert
736 1083 777 1137 [6
799 1083 909 1137 July]
931 1085 978 1134 of
988 1086 1037 1124 its
1055 1087 1276 1135 deputation
1304 1093 1340 1126 2⁴0
1365 1088 1618 1137 Freiburg.—

226 1141 280 1179 Le
318 1140 435 1190 Jeudi
478 1137 520 1192 [4
549 1137 670 1191 July],
702 1140 828 1178 fumes
867 1139 998 1189 apeles
1035 1153 1085 1178 au
1119 1141 1304 1188 Consel2‚
1340 1142 1376 1179 la
1407 1143 1486 1180 oud
1519 1155 1619 1180 nous

224 1195 449 1244 esposames
488 1202 620 1232 nostre
666 1194 819 1243 charge,
863 1207 912 1231 en
951 1195 1033 1232 leur
1080 1202 1321 1234 remontrant
1367 1196 1423 1234 les
1470 1195 1616 1246 peines,

224 1249 396 1287 travaulx
418 1261 495 1298 que
515 1261 592 1286 une
620 1260 739 1297 povre
759 1247 848 1286 ville
875 1249 925 1286 de
946 1247 1108 1286 Geneve
1135 1248 1240 1287 avoit
1265 1250 1415 1288 andure
1436 1249 1618 1299 dempuis

224 1302 273 1339 xii
301 1316 371 1340 ans
396 1316 446 1340 an
477 1302 517 1340 sa
542 1310 579 1340 et
607 1303 705 1351 plus,
729 1308 767 1339 et
795 1302 844 1340 de
870 1303 905 1340 la
932 1301 1144 1340 detencion
1169 1303 1240 1341 des
1265 1317 1398 1353 vyvres
1428 1303 1619 1342 derniere-

225 1357 362 1402 mant,3
383 1364 421 1395 et
445 1362 605 1394 comant
630 1368 709 1404 ung
736 1368 854 1404 povre
879 1357 1022 1405 peuple
1043 1356 1093 1394 de
1118 1357 1279 1395 Geneve
1296 1357 1422 1397 ,estoit
1451 1354 1620 1409 fo[u]le';

225 1418 263 1448 et
298 1423 375 1459 que
405 1411 527 1447 Leurs
561 1410 801 1447 Excelances
837 1409 963 1447 usient
997 1408 1191 1461 [eussentrj
1223 1410 1317 1460 pitie
1347 1412 1397 1449 de
1425 1424 1550 1450 nous:
1581 1419 1619 1449 et

224 1476 302 1513 que
331 1463 379 1501 ilz
407 1462 523 1502 estoit
550 1476 650 1501 nous
679 1463 801 1512 peres,
832 1476 931 1501 nous
961 1471 1215 1512 protecteurs,
1241 1478 1318 1514 que
1347 1477 1446 1503 nous
1475 1467 1618 1503 avoent

224 1517 417 1567 proteges,
440 1518 633 1556 defandus
654 1524 692 1555 et
712 1516 830 1566 garde
849 1518 1011 1567 jusques
1032 1530 1081 1556 au
1103 1518 1260 1568 presant
1282 1549 1289 1556 .
1314 1549 1321 1557 .
1345 1548 1353 1557 .
1376 1526 1414 1556 et
1435 1548 1442 1556 .
1466 1548 1473 1557 .
1499 1549 1505 1557 .
1529 1532 1617 1568 que,

225 1569 453 1624 to[u]chant
492 1573 527 1610 la
567 1570 757 1618 lute'rerie‚
799 1570 919 1609 volie's
958 1570 1062 1609 vivre
1099 1579 1136 1610 et
1176 1571 1293 1610 morir
1324 1580 1484 1611 comant
1519 1586 1620 1611 nous

226 1625 515 1676 prede'ce'seurs.
535 1656 541 1663 .
566 1656 572 1663 .
597 1656 604 1663 .

280 1679 327 1730 (c)
360 1681 475 1718 From
514 1694 537 1717 α
577 1680 719 1717 mimate
757 1679 804 1727 of
831 1679 930 1716 their
967 1681 1068 1729 replv
1107 1685 1142 1717 lo
1181 1681 1240 1718 the
1286 1681 1420 1729 Papal
1453 1681 1618 1727 Nemczb,

233 1747 274 1771 12
308 1733 640 1783 July.—Litterae
681 1732 816 1783 Legati
853 1733 904 1771 ad
943 1733 1178 1771 Sabandos4
1207 1735 1363 1772 fuerunt
1415 1735 1549 1781 lectae,
1582 1743 1619 1773 et

225 1789 486 1837 respondetur
506 1787 652 1825 nuncio
672 1787 793 1826 verbo
815 1794 939 1834 tenuS,
962 1800 1035 1825 nos
1056 1789 1154 1826 velle
1180 1787 1403 1828 Christiane
1425 1796 1462 1827 et
1483 1802 1619 1827 secun-

226 1843 321 1880 dum
345 1842 473 1880 Deum
495 1849 532 1879 et
554 1843 679 1891 legem
703 1840 846 1880 Christi
868 1840 1006 1879 vivere.

226 1930 316 1972 No.
335 1940 441 1982 249.
475 1928 688 1983 Antony
708 1929 1007 1972 Fromment
1026 1929 1226 1972 arrives
1247 1930 1348 1972 and
1370 1929 1620 1982 preaches

674 1990 725 2027 in
750 1985 973 2040 Geneva,
995 1998 1173 2040 1532-3.

281 2061 339 2111 (a)
370 2060 413 2097 F
410 2073 489 2098 rom
511 2060 570 2097 ln‘s
586 2060 697 2097 Actes
716 2065 751 2096 et
763 2065 890 2108 gestes,
909 2073 929 2108 3
949 2061 1143 2098 Nov.—Il
1165 2066 1223 2098 est
1237 2071 1339 2098 venu
1360 2072 1440 2110 ung
1459 2061 1621 2101 homme

227 2130 276 2154 en
305 2122 409 2153 ceste
435 2113 523 2151 ville
544 2112 610 2162 qui
640 2115 745 2152 veult
770 2115 973 2162 enseigner
997 2114 1019 2151 a
1043 2113 1110 2151 lire
1135 2120 1172 2152 et
1195 2114 1217 2151 ἓι
1239 2113 1406 2163 escripre
1430 2127 1479 2153 en
1506 2117 1622 2154 Fran-

228 2182 320 2220 coys
347 2170 446 2207 dans
467 2181 546 2217 ung
570 2167 670 2205 mois
690 2168 712 2204 a
739 2175 827 2204 tous
849 2168 960 2205 ceulx
981 2174 1019 2205 et
1041 2168 1156 2205 celles
1178 2166 1244 2216 qui
1265 2168 1475 2206 vouldront
1500 2170 1618 2217 venir,

272 2251 280 2268 ¹
306 2248 432 2281 Claude
450 2247 605 2289 Bigotier,
622 2246 696 2277 who
712 2246 778 2277 had
795 2246 967 2277 embraced
985 2246 1039 2278 the
1057 2246 1292 2278 Reformatiou.
1340 2246 1395 2278 He
1412 2247 1537 2284 retired,
1556 2248 1619 2279 and

227 2305 292 2324 was
309 2293 387 2324 with
404 2291 500 2323 Farel
519 2296 551 2322 at
568 2291 687 2328 Morat,
711 2298 748 2328 13
765 2290 846 2321 Dec.
870 2298 948 2329 1532
970 2290 1205 2330 «Herminjard,
1225 2291 1257 2329 ii,
1276 2290 1342 2322 No.
1361 2291 1452 2332 399).

271 2338 281 2355 ²
305 2347 347 2368 sc.
365 2336 402 2366 of
416 2335 585 2375 Freiburg.

271 2381 282 2397 ³
306 2380 342 2411 In
367 2379 437 2420 Jan.
459 2387 537 2419 1532
564 2378 618 2409 the
642 2377 740 2409 Duke
764 2377 801 2407 os
820 2376 926 2417 Savoy
951 2375 1016 2407 had
1041 2376 1212 2409 forbidden
1236 2377 1287 2409 his
1310 2376 1449 2418 subjects
1473 2381 1507 2410 to
1525 2378 1620 2419 bring

227 2423 310 2455 their
326 2423 431 2463 goods
449 2427 483 2453 to
500 2421 626 2452 market
643 2422 674 2452 in
693 2421 834 2452 Geneva.

270 2468 280 2484 ⁴
305 2466 358 2498 Cf.
378 2465 596 2506 Herminjard,
616 2465 648 2505 ii,
668 2465 731 2495 No.
751 2466 823 2504 383,
842 2464 925 2495 from
942 2463 1138 2504 Chambery.
