1715 2780
134 107 183 144 61
442 102 580 140 DIET
611 100 682 139 OF
712 89 1043 144 Nt‘JRNBERG‚
1081 107 1233 146 1522-3
1467 107 1534 132 121

191 221 253 258 93.
297 207 494 256 Quomodo
531 203 765 243 ecclesiastici
799 201 1045 248 razom'bmzdzk,
1086 205 1131 238 ut
1165 213 1251 238 suos
1287 205 1324 237 et
1359 199 1541 248 legitimos

135 263 310 302 haeredes
339 261 576 310 dqfraudent,
600 259 873 309 persuadeant.
901 286 909 295 .
939 285 947 294 .
970 286 976 292 .
998 254 1225 305 Regionum
1254 261 1539 304 pervagatores,

137 330 237 368 quos
253 316 371 366 vulgo
391 313 658 353 Terminarios
677 314 739 351 vel
759 309 1017 350 stationarios
1038 316 1190 356 vocant,
1211 338 1218 346 .
1238 339 1245 347 .
1263 337 1271 346 .
1288 308 1464 345 infirmos
1483 338 1489 344 .
1507 337 1514 344 .
1533 337 1540 346 .

137 385 184 410 ac
204 368 432 421 praesertim
457 382 525 408 eos
547 368 690 418 quibus
715 380 781 405 aes
802 378 887 404 esse
912 364 952 402 in
974 364 1071 402 cista
1091 371 1237 401 norunt
1259 393 1265 400 .
1289 393 1295 401 .
1321 393 1327 400 .
1348 361 1542 400 blandilo-

138 424 329 476 quentia.
353 436 458 462 ..eo
487 423 692 461 adducunt
722 421 831 471 quod
861 419 935 458 sibi
967 417 1160 469 potiorem
1192 448 1200 457 .
1234 445 1243 455 .
1275 447 1282 454 .
1314 424 1464 468 partem
1500 417 1539 453 in

137 479 382 518 testamentis
402 479 545 527 legant.

198 547 282 572 100.
317 533 529 571 Peroratio.
559 562 566 568 .
594 561 601 569 .
630 560 637 568 .
665 530 786 579 Quod
808 528 838 567 si
860 535 1116 566 enumerata.
1144 557 1152 564 .
1179 557 1185 565 .
1209 525 1436 576 gravamina
1461 556 1467 562 .
1496 556 1503 562 .
1533 556 1539 562 .

141 589 328 637 abrogata
356 599 438 624 non
468 585 622 632 fuerint,
646 586 683 623 S.
712 586 761 621 R.
785 585 815 621 I.
844 584 975 622 Status
1006 580 1093 619 laici
1122 580 1379 619 Sanctitatem
1411 579 1541 617 Ponti-

140 642 269 681 ficiam
290 642 409 680 latere
425 641 577 686 nolunt,
601 638 801 689 praedicta
824 669 830 676 .
854 668 862 676 .
887 668 894 676 .
917 649 1038 675 onera
1060 667 1066 674 .
1090 666 1098 674 .
1122 666 1129 674 .
1153 635 1301 674 diutius
1323 648 1391 673 eos
1413 647 1543 683 neque

140 697 308 748 perferre
329 696 428 734 velle
445 707 574 744 neque
601 695 766 732 tolerare
792 705 932 743 posse:
964 692 1034 729 sed
1056 720 1063 728 .
1088 721 1094 728 .
1119 720 1126 728 .
1150 691 1228 728 huc
1249 703 1317 728 eos
1344 687 1449 738 adigi
1469 718 1477 726 .
1502 718 1509 725 .
1534 718 1541 725 .

142 752 193 790 de
212 749 296 789 aliis
320 780 327 788 .
349 780 357 788 .
381 780 389 788 .
412 748 553 788 mediis
566 746 766 798 cogitandi
784 778 791 785 .
810 777 817 785 .
838 777 844 784 .
865 744 1008 796 quibus
1026 745 1186 783 tandem
1209 745 1338 782 modis
1355 756 1433 793 qua
1448 749 1542 789 arte,

143 818 220 855 qua
236 802 409 854 denique
426 802 582 842 solertia
598 815 762 841 onerum
784 808 903 850 atque
924 798 1194 849 gravaminum
1217 811 1333 848 supra
1356 809 1544 836 memora-

143 866 272 898 torum
293 856 343 897 ab
364 855 640 897 ecclesiasticis
661 887 668 895 .
694 886 700 894 .
725 886 731 894 .
762 853 916 893 liberari
939 883 947 892 .
967 885 974 892 .
1001 884 1007 892 .
1032 852 1194 904 possint.

196 913 549 960 Quemadmodum
568 910 702 950 omnia
718 911 826 957 haee,
844 908 1070 959 priusquam
1088 938 1095 946 .
1115 939 1121 946 .
1143 938 1149 945 .
1169 908 1340 957 Legatus
1360 920 1382 944 a
1404 907 1545 944 Norm-

141 969 260 1018 berga
286 966 474 1014 solvisset,
498 965 628 1004 eidem
660 995 667 1003 .
702 995 708 1003 .
740 995 746 1003 .
779 965 828 1002 ad
858 965 1021 1013 longum
1052 969 1142 1000 sunt
1173 992 1180 1000 .
1214 992 1220 999 .
1254 992 1260 999 .
1291 967 1520 999 enumerata
1538 974 1547 1006 3

142 1028 352 1071 essentque
384 1051 391 1059 .
425 1051 432 1059 .
464 1050 471 1059 .
504 1020 665 1058 ferenda
692 1032 826 1057 secum
853 1019 1025 1055 Romam
1053 1015 1205 1063 tradita,
1228 1015 1259 1053 si
1279 1028 1371 1062 non,
1395 1021 1548 1065 praeter

143 1075 323 1115 omnium
351 1074 696 1125 exspectationem,
726 1072 943 1111 abitionem
973 1084 1084 1109 suam
1115 1070 1208 1108 hinc
1237 1077 1442 1119 tantopere
1470 1081 1548 1106 ma-

143 1137 309 1169 turasset
324 1142 370 1168 ac
392 1129 597 1179 inopinato
613 1127 667 1166 ita
682 1126 936 1166 discessisset.
982 1127 1141 1171 Verum,
1158 1138 1208 1162 ne
1225 1124 1277 1163 ob
1299 1123 1339 1162 id
1360 1137 1407 1161 eo
1423 1123 1548 1172 magis

144 1186 433 1224 Germanorum
448 1214 455 1221 .
471 1212 479 1221 .
497 1213 503 1220 .
522 1181 727 1221 conclusio
744 1183 907 1220 Sanctffl.
926 1209 933 1218 .
952 1210 957 1217 .
978 1209 984 1217 .
1004 1181 1149 1217 Pomm.
1168 1180 1288 1217 latere
1304 1185 1448 1228 posset,
1468 1185 1549 1215 tan-

144 1240 235 1278 dem
271 1237 417 1288 placuit
448 1268 455 1276 .
489 1267 495 1275 .
530 1264 537 1275 .
567 1235 793 1287 gravamina
825 1265 831 1272 .
865 1266 872 1273 .
905 1263 912 1272 .
946 1247 1014 1284 per
1043 1232 1172 1283 capita
1200 1246 1246 1271 ac
1275 1231 1470 1282 sigillatim
1497 1230 1549 1269 ita

146 1292 288 1343 scripta
309 1290 451 1331 Sancti.
476 1293 628 1330 Pontssss.
657 1289 920 1328 transmittere
946 1289 1196 1337 eandemque
1228 1318 1235 1325 .
1269 1317 1275 1324 .
1309 1316 1317 1325 .
1348 1299 1419 1336 pro
1439 1286 1550 1324 abro-

145 1346 283 1397 gandis
304 1346 412 1385 hisce
433 1345 619 1385 oneribus
641 1375 647 1383 .
673 1375 680 1383 .
705 1375 711 1383 .
735 1345 941 1382 obsecrare
962 1356 1012 1381 ne
1033 1341 1226 1380 deteriora
1247 1340 1489 1390 contingant.

215 1428 306 1471 No.
339 1429 415 1470 62.
477 1426 586 1470 The
617 1425 857 1479 Imperial
886 1423 1044 1475 Ediet,
1076 1424 1106 1466 6
1139 1422 1329 1474 March,
1361 1433 1482 1475 1523.

200 1495 239 1551 [ξ
259 1495 324 1549 13]
357 1496 528 1535 Proinde
552 1495 652 1534 serio
673 1494 785 1534 vobis
807 1493 993 1533 omnibus
1017 1506 1063 1531 ac
1084 1492 1256 1542 singulis,
1280 1499 1318 1530 et
1348 1491 1387 1529 in
1418 1490 1552 1542 primis

148 1551 381 1591 auctoritate
411 1552 627 1591 Caesareae
654 1548 755 1587 Mtis.
785 1550 862 1587 hoc
892 1547 1054 1598 publico
1085 1547 1217 1586 edicto
1247 1547 1483 1585 mandamus
1514 1552 1552 1583 et

148 1608 329 1646 volumus
363 1612 405 1644 ut
435 1618 503 1643 vos
534 1603 705 1644 Ordines
742 1602 902 1653 Imperii
938 1601 1111 1640 Romani
1142 1614 1281 1639 omnes
1313 1608 1350 1638 et
1385 1599 1554 1649 quisque

150 1673 219 1711 pro
236 1673 277 1699 se
308 1659 348 1698 in
383 1673 454 1698 suo
488 1658 681 1698 territorio
716 1665 824 1696 curet
858 1670 903 1695 ac
937 1655 1149 1706 prospiciat
1183 1662 1226 1693 ut
1265 1654 1365 1692 intra
1396 1662 1552 1703 tempus

149 1714 267 1753 futuri
289 1713 458 1754 Concilii
479 1713 758 1752 tantummodo
778 1724 931 1750 sacrum
955 1709 1225 1759 Evangelium,
1245 1709 1350 1746 iuxta
1371 1707 1555 1757 interpre-

151 1768 341 1807 tationem
363 1767 584 1818 Scripturae
611 1767 662 1804 ab
685 1765 863 1804 Ecclesia
888 1764 1114 1805 Christiana
1141 1763 1218 1802 iam
1246 1763 1488 1813 approbatae
1516 1769 1553 1799 et

151 1830 340 1873 receptae,
360 1821 608 1873 praedicetur
627 1834 672 1859 ac
695 1822 895 1859 doceatur.
919 1850 926 1858 .
951 1850 958 1859 .
983 1849 990 1858 .

780 1908 921 1945 XXIV

232 1976 352 2014 THE
384 1976 507 2014 NEW
541 1973 1020 2014 ECCLESIASTICAL
1050 1972 1280 2017 SYSTEM,
1319 1982 1474 2020 1523-4

203 2053 258 2097 By
288 2060 374 2097 1523
402 2052 464 2086 the
489 2051 631 2096 growth
658 2051 697 2085 of
731 2050 919 2084 Lutheran
947 2047 1206 2083 communities
1233 2047 1308 2081 had
1341 2046 1462 2081 raised
1492 2045 1555 2079 the

155 2099 321 2144 question
347 2099 386 2134 of
408 2099 469 2134 the
497 2099 628 2143 supply
653 2097 692 2133 of
714 2104 880 2143 pastors3
917 2097 980 2131 the
1007 2095 1132 2130 disuse
1158 2096 1195 2130 of
1219 2094 1367 2129 Private
1397 2095 1554 2132 Masses,

156 2147 235 2181 that
261 2147 302 2181 of
326 2146 511 2192 provision
537 2146 594 2180 for
619 2145 714 2180 their
741 2151 916 2190 support;
952 2145 1015 2178 the
1041 2144 1205 2186 changes
1224 2142 1258 2176 in
1280 2141 1451 2185 worship,
1471 2151 1555 2185 pro-

156 2194 270 2239 posed
296 2194 345 2238 by
372 2193 560 2229 Carlstadt
585 2193 658 2227 and
687 2192 844 2227 resisted
869 2192 917 2236 by
946 2191 1095 2234 Luther‚
1122 2192 1202 2225 that
1227 2190 1268 2224 of
1294 2189 1474 2232 liturgical
1501 2199 1556 2222 re-

158 2240 395 2286 adjustment.
455 2241 515 2275 All
555 2241 658 2275 three
692 2239 881 2285 questions
916 2250 997 2273 now
1031 2237 1203 2272 received
1243 2236 1436 2271 attention.
1497 2235 1556 2268 On

162 2296 199 2322 11
222 2289 355 2323 March
378 2297 465 2333 1523
486 2288 578 2333 [No.
592 2286 652 2331 63]
672 2287 830 2322 Luther
848 2297 957 2330 gave
975 2286 1117 2321 notice
1132 2286 1179 2320 of
1193 2285 1264 2319 the
1281 2282 1559 2318 substitution

159 2336 205 2369 of
225 2336 387 2380 weekly
412 2335 477 2370 for
503 2335 616 2380 daily
647 2335 762 2369 Mass
794 2333 945 2379 (quoted
976 2333 1013 2367 in
1044 2331 1246 2374 Rietscliel,
1269 2330 1463 2365 Leltrbuclz
1494 2328 1561 2362 der

159 2382 351 2427 Liturgik,
372 2382 395 2417 i.
415 2383 482 2426 398
500 2393 535 2416 n.
553 2382 603 2426 6).
651 2382 777 2416 About
798 2382 860 2415 the
883 2392 984 2415 same
1003 2379 1092 2415 time
1111 2378 1337 2423 regulations
1358 2388 1450 2411 were
1477 2387 1557 2419 pre-

161 2430 274 2473 pared
293 2429 378 2463 with
399 2430 455 2463 his
473 2429 603 2463 advice
620 2429 676 2463 for
691 2428 780 2472 [No.
794 2427 854 2472 64]
871 2429 941 2463 the
953 2428 1249 2462 maintenance
1268 2426 1313 2459 of
1326 2425 1397 2458 the
1416 2424 1558 2466 clergy

161 2477 207 2511 at
224 2476 394 2519 Leisnig
413 2477 471 2520 (E.
486 2476 650 2520 Sehfing,
670 2477 744 2510 Die
760 2475 1040 2521 evangelisclzen
1059 2472 1463 2515 lx’ircllenm‘dnlcngem
1486 2470 1514 2503 Ι.
1537 2469 1558 2503 i.
