1715 2780
233 116 309 152 606
511 112 629 149 THE
660 107 1134 150 ECCLESIASTICAL
1163 105 1340 145 STATE
1541 110 1622 150 304

233 223 432 257 exerceat:
464 223 545 254 tum
577 227 668 252 vero
698 213 813 251 simul
843 224 981 250 omnes
1008 210 1217 260 praecipue
1244 209 1382 247 sedulo
1411 206 1624 246 conciones

234 273 494 322 frequentent,
517 268 585 307 ubi
605 267 739 306 salutis
760 265 939 305 doctrina
960 265 1000 302 in
1020 270 1136 303 coetu
1158 261 1334 302 fidelium
1355 260 1581 311 explicatur.

288 326 350 363 M
383 326 513 374 Negas
544 334 635 372 ergo
664 334 749 360 esse
773 319 878 366 satis,
905 319 935 357 si
963 317 1073 357 domi
1099 329 1276 356 seorsum
1306 314 1447 366 singuli
1481 314 1622 364 legant,

236 378 310 418 nisi
330 391 468 418 omnes
489 377 604 415 simul
619 375 658 412 in
675 386 888 413 commune
901 373 951 411 ad
968 372 1136 411 eandem
1150 369 1370 410 doctrinam
1385 367 1624 407 audiendam

237 432 503 472 conveniant?

292 488 338 524 P.
371 483 593 525 Convenire
614 494 775 521 necesse
805 488 863 520 est
892 479 960 518 ubi
989 479 1090 526 licet,
1113 479 1189 517 hoc
1217 483 1286 523 est,
1313 489 1435 527 quum
1466 475 1627 514 facultas

239 541 363 579 datur.

293 595 353 631 M.
387 591 590 630 Poterisne
610 590 706 628 mihi
728 591 803 628 hoc
825 588 1019 639 probare?

294 649 340 684 P.
373 646 557 684 Sufficere
573 646 623 684 ad
636 643 911 694 probationem
928 641 1089 679 abunde
1104 639 1219 678 nobis
1235 638 1355 678 debet
1372 649 1450 675 una
1467 634 1630 675 Domini

240 702 431 739 voluntas.
493 700 615 736 Hunc
635 705 767 736 autem
789 696 968 735 ordinem
991 693 1192 733 Ecclesiae
1212 705 1305 732 suae
1325 689 1629 736 commendavit,

242 767 322 793 non
343 767 462 804 quem
484 754 564 792 duo
584 760 651 790 aut
679 760 754 790 tres
781 751 971 789 duntaxat
1000 754 1208 794 servarent,
1231 747 1301 786 sed
1331 744 1394 783 cui
1424 744 1630 783 subessent

243 806 505 846 communiter
528 819 678 844 omnes.
729 805 792 842 Ad
814 805 902 851 hoc,
921 802 1022 840 illius
1042 809 1126 840 tum
1146 799 1417 839 aedificandae
1438 805 1521 836 tum
1542 809 1632 835 con-

243 862 457 901 servandae
486 861 590 898 hanc
619 872 705 898 esse
735 857 891 896 unicam
924 855 1115 894 rationem
1146 853 1389 905 pronunciat.
1450 850 1506 890 Sit
1541 863 1631 900 ergo

245 917 342 954 haec
362 914 478 953 nobis
495 920 630 952 sancta
650 920 688 951 et
708 909 944 950 inviolabilis
965 910 1096 959 regula
1113 923 1119 946 :
1150 921 1224 947 nec
1251 906 1325 946 sibi
1345 907 1402 944 fas
1423 904 1632 955 quisquam

245 982 329 1008 esse
350 969 468 1007 ducat
489 980 604 1017 supra
624 966 851 1016 magistrum
872 976 1017 1013 sapere.

300 1023 360 1061 M.
393 1023 516 1060 Estne
537 1020 651 1070 igitur
671 1032 833 1058 necesse
853 1029 1033 1067 praeesse
1055 1014 1243 1054 Ecclesiis
1264 1014 1468 1064 pastores?

301 1078 347 1113 P.
381 1075 488 1122 Quin
509 1074 625 1113 etiam
642 1085 804 1112 necesse
825 1079 882 1111 est
903 1071 1038 1110 audire
1061 1070 1178 1119 ipsos,
1201 1076 1239 1107 et
1261 1081 1379 1118 quarn
1406 1071 1633 1116 proponunt

248 1129 394 1170 Christi
420 1128 640 1167 doctrinam
663 1141 708 1166 ex
729 1139 864 1165 eorum
891 1138 957 1163 ore
988 1137 1079 1162 curn
1106 1123 1247 1162 timore
1275 1128 1313 1160 et
1339 1118 1554 1159 reverentia
1575 1131 1635 1157 ex-

248 1184 388 1234 cipere.
440 1184 580 1232 Itaque
596 1181 662 1231 qui
679 1181 784 1231 ipsos
800 1178 1019 1218 contemnit
1034 1177 1218 1216 audireve
1230 1177 1421 1215 detrectat
1435 1172 1635 1213 Christum

249 1236 467 1276 contemnit
493 1249 538 1274 ac
568 1234 851 1274 discessionem
879 1232 969 1271 facit
996 1245 1019 1270 a
1045 1230 1232 1269 societate
1259 1228 1446 1268 fidelium.
1502 1225 1633 1276 (Matt.

250 1305 283 1329 x.
305 1290 387 1340 40.)

303 1345 364 1382 M.
396 1345 555 1389 Verum,
579 1343 754 1381 semelne
774 1355 795 1379 a
817 1347 971 1390 pastore
992 1351 1064 1377 suo
1084 1337 1202 1376 fuisse
1223 1335 1445 1387 institutum
1466 1333 1558 1373 satis
1580 1339 1637 1371 est

251 1397 401 1435 homini
423 1396 659 1441 Christiano,
681 1409 731 1433 an
752 1407 908 1432 cursum
930 1394 1036 1431 hunc
1057 1399 1138 1430 tota
1159 1391 1236 1428 vita
1257 1397 1389 1428 tenere
1409 1388 1558 1427 debet?

305 1452 352 1488 P.
384 1449 573 1499 Coepisse
612 1462 749 1499 parum
779 1455 836 1486 est
871 1446 944 1484 nisi
973 1457 1207 1495 perseveres.
1275 1441 1420 1482 Christi
1450 1440 1555 1480 enim
1585 1439 1637 1478 di-

253 1504 424 1554 scipulos
443 1516 568 1552 usque
595 1502 635 1540 in
662 1503 780 1539 finem
809 1502 869 1539 vel
894 1499 1024 1549 potius
1048 1498 1131 1537 sine
1159 1499 1236 1536 fine
1263 1509 1349 1536 esse
1377 1508 1449 1534 nos
1471 1500 1637 1544 oportet.

255 1559 372 1596 Hanc
393 1570 484 1595 vero
504 1556 748 1594 functionem
770 1553 970 1592 mandavit
987 1551 1188 1591 Ecclesiae
1205 1549 1399 1595 ministris,
1419 1555 1460 1587 ut
1476 1561 1548 1587 suo
1569 1558 1639 1585 nos

253 1613 342 1651 loco
362 1618 399 1650 et
420 1610 581 1649 nomine
602 1610 783 1648 doceant.

724 1695 741 1743 ξ
759 1706 792 1743 5.
825 1695 887 1731 De
908 1692 1178 1731 Sacramentis.

310 1770 370 1806 ill.
406 1770 495 1805 Non
527 1775 584 1805 est
612 1766 719 1804 aliud
749 1778 771 1802 a
797 1764 931 1802 Verbo
960 1762 1145 1808 medium,
1176 1768 1216 1799 ut
1244 1761 1468 1810 loquuntur,
1493 1769 1572 1806 quo
1602 1768 1642 1794 se

256 1822 464 1860 nobiscum
484 1820 593 1859 Deus
613 1817 908 1858 communicet?

310 1877 357 1913 P.
389 1874 511 1913 Verbi
531 1871 811 1924 praedicationi
833 1870 1010 1909 adiunxit
1031 1871 1294 1908 Sacramenta.

313 1930 372 1965 ill.
407 1928 515 1976 Quid
537 1934 594 1965 est
615 1928 910 1965 Sacramentum
929 1925 941 1961 ?

315 1984 359 2018 Ρ.
394 1982 565 2018 Externa
585 1980 740 2018 divinae
760 1991 848 2027 erga
870 1991 941 2016 nos
963 1974 1262 2015 benevolentiae
1289 1970 1521 2017 testificatio,
1545 1981 1644 2020 quae

259 2034 400 2073 visibili
421 2034 531 2084 signo
553 2032 770 2082 spirituales
791 2031 929 2080 gratias
946 2031 1094 2080 figurat,
1109 2029 1158 2067 ad
1175 2026 1439 2076 obsignandas
1459 2023 1644 2062 cordibus

261 2087 401 2126 nostris
420 2087 495 2125 Dei
511 2085 800 2136 promissiones,
820 2098 900 2133 quo
916 2097 1048 2121 earum
1067 2082 1206 2121 veritas
1224 2079 1362 2118 melius
1379 2078 1642 2116 confirmetur.

315 2142 376 2179 M.
407 2142 588 2178 Tantane
617 2138 673 2176 vis
702 2138 835 2175 subest
863 2136 1002 2174 visibili
1030 2136 1141 2185 signo
1169 2141 1209 2171 ut
1237 2131 1497 2171 conscientias
1527 2130 1568 2168 in
1591 2141 1645 2167 sa-

262 2195 352 2233 lutis
373 2193 517 2232 fiducia
537 2192 734 2231 stabiliat?

318 2249 361 2285 P.
396 2248 444 2285 Id
474 2247 633 2296 quidem
665 2259 686 2282 a
717 2244 846 2293 seipso
876 2256 955 2281 non
988 2242 1116 2287 habet,
1152 2241 1220 2279 sed
1251 2253 1296 2277 ex
1327 2238 1403 2277 Dei
1432 2237 1642 2281 voluntate,

264 2308 467 2351 propterea
487 2301 596 2350 quod
617 2299 664 2337 sit
685 2298 723 2336 in
745 2299 850 2335 hunc
872 2298 989 2334 finem
1012 2295 1243 2333 institutum.

318 2356 378 2392 M
412 2355 547 2402 Quum
578 2351 756 2403 propriae
785 2350 860 2389 sint
892 2349 1055 2399 Spiritus
1085 2347 1208 2386 sancti
1238 2353 1365 2396 partes
1387 2343 1462 2383 Dei
1489 2340 1647 2392 promis—

265 2408 393 2446 siones
415 2407 453 2444 in
474 2406 613 2444 animis
628 2405 768 2444 nostris
785 2403 1001 2452 obsignare,
1021 2403 1096 2439 hoc
1113 2409 1153 2439 tu
1170 2398 1429 2439 Sacramentis
1446 2395 1647 2446 quomodo

266 2460 402 2498 tribuis
416 2462 431 2496 P
