1715 2780
222 60 298 105 448
436 58 555 96 THE
589 58 1011 98 REFORMATION
1043 58 1392 98 COMPLETED
1529 61 1615 98 206

209 163 292 212 fide
320 167 356 200 et
381 163 495 212 officio
521 168 662 201 mutuo.
725 165 885 202 Oremus
909 176 993 213 ergo
1021 164 1238 202 Dominum
1267 169 1312 202 ut
1332 177 1510 202 amaram
1539 165 1618 203 eins

222 222 378 255 mortem
407 217 460 255 sic
495 219 574 255 alto
602 222 750 267 pectore
789 223 981 256 teneamus
1019 224 1064 256 ut
1092 218 1257 268 quotidie
1280 219 1440 268 peccatis
1467 219 1616 268 quidem

220 272 443 318 moriamur,
467 271 639 310 omnibus
658 277 784 309 autem
805 272 1013 311 virtutibus
1033 273 1085 312 sic
1090 272 1313 321 fulciamur
1329 286 1374 311 ac
1398 285 1615 321 crescamus,

215 326 349 374 gratia
379 331 415 363 et
442 339 596 363 mamre
625 327 796 375 Spiritus
825 327 913 373 eius,
937 331 983 364 ut
1009 340 1140 366 nomen
1160 327 1330 365 Domini
1345 326 1386 364 in
1408 327 1511 365 nobis
1529 340 1616 365 san-

219 380 406 429 clzficellcr,
430 380 638 429 proximus
667 385 792 418 antem
819 386 971 419 ametur
999 387 1036 418 et
1061 382 1224 421 iuvetur.
1280 381 1476 419 Dominus
1514 382 1617 420 mise-

220 439 355 472 reatur
386 434 512 472 nostrl
539 439 576 471 el
610 435 799 472 benedicat
827 435 940 482 nobis,
967 435 1160 474 illmm'net
1190 436 1339 473 vultum
1369 447 1480 473 sunm
1505 442 1618 486 super

220 501 286 526 nos
314 493 350 526 et
367 488 592 526 ῃιίςενειιίιιν
610 489 740 536 nostrl,
764 490 899 527 Amen.
959 489 1108 529 Oratio.
1167 491 1305 528 Pastor
1334 488 1474 527 iterum
1505 496 1614 529 orat:

224 543 390 582 Gratias
418 544 567 592 agimus
595 544 674 591 tibi,
705 543 883 590 Domine,
906 550 984 594 pro
1014 545 1202 583 universis
1229 543 1338 582 donis
1366 556 1410 581 ac
1437 544 1616 593 beneficiis

220 598 305 643 ίῑιίς,
336 597 407 646 qui
435 597 532 636 viva&
561 610 605 635 ac
630 610 767 647 regnas
796 599 906 636 Dens
926 604 1003 648 per
1033 599 1161 637 omnia
1190 600 1338 637 saecula
1366 599 1613 645 saeculorum,

217 652 354 690 Amen.

274 707 411 744 Pastor
430 720 437 744 :
471 707 530 744 Ite
550 706 591 744 m
601 712 707 756 pace,
729 707 865 744 Amen.

624 783 781 821 Deinde
801 781 1016 833 digreditur
1037 782 1212 822 ecclesia.

522 902 613 945 No.
637 912 741 956 207.
788 902 895 946 The
926 903 1322 958 Prophesyings.

274 982 463 1021 Brevibus
485 982 753 1021 enarrabimus
775 996 894 1032 quem
923 982 1102 1022 ordinem
1125 984 1164 1021 in
1185 982 1326 1034 linguis
1348 990 1386 1021 et
1405 983 1613 1033 prophetia

217 1037 409 1084 observet,
442 1044 699 1075 restauratore
735 1036 857 1075 felicis
896 1038 1109 1076 memoriae
1149 1039 1203 1075 H.
1224 1036 1418 1087 Zuinglio‚
1446 1037 1612 1076 ecclesia

217 1091 415 1141 Tigurina.
475 1093 522 1129 In
547 1090 681 1141 primis
703 1090 921 1130 exturbavit
946 1091 1011 1130 illa
1036 1093 1178 1139 Horas,
1203 1105 1300 1141 quas
1321 1098 1463 1130 vocant
1484 1093 1610 1132 Cano-

216 1145 338 1193 nicas,
358 1152 519 1184 cantum
541 1158 701 1195 quoque
721 1145 877 1196 linguae
904 1145 1129 1196 peregrinae
1156 1153 1193 1184 et
1214 1144 1444 1184 theatricam
1465 1145 1610 1185 obstre-

217 1213 430 1250 peramque
471 1198 686 1238 musicam:
736 1212 818 1238 non
856 1201 964 1249 quod
1004 1213 1111 1238 sacra
1149 1199 1354 1250 displiceat
1391 1198 1509 1238 lectio
1541 1207 1609 1238 aut

216 1253 353 1300 oratio,
385 1253 468 1292 illas
503 1253 609 1292 enim
644 1253 759 1292 unice
794 1254 991 1293 restitutas
1022 1253 1153 1304 cupit:
1193 1254 1263 1293 sed
1301 1254 1409 1303 quod
1444 1254 1610 1304 plurima

217 1307 257 1345 in
281 1307 442 1358 publico
469 1315 584 1346 coetu
612 1314 769 1346 cantata
792 1321 838 1346 ac
863 1307 1023 1346 recitata
1046 1315 1149 1355 sunt,
1172 1320 1274 1358 quae
1294 1307 1488 1357 dogmatis
1516 1307 1608 1346 fidei

217 1361 462 1401 Christianae
489 1370 598 1400 erant
627 1363 800 1409 adversa,
824 1361 918 1400 item
940 1374 1041 1412 quae
1061 1369 1171 1400 erant
1192 1360 1460 1412 superstitiosa
1489 1369 1527 1400 et
1556 1363 1607 1400 ad

216 1422 424 1465 quaestum
454 1422 607 1454 tantum
638 1415 836 1454 instituta:
868 1415 1040 1466 denique
1070 1417 1179 1466 quod
1209 1415 1274 1454 illa
1302 1428 1472 1465 quoque,
1505 1428 1606 1466 quae

216 1482 262 1508 ex
291 1468 408 1508 sacris
438 1470 538 1508 lecta
568 1476 658 1507 sunt
689 1469 838 1516 Bibliis,
861 1470 936 1508 isto
961 1482 1118 1520 prorsus
1140 1470 1260 1509 modo
1280 1469 1487 1519 abusuque
1506 1470 1608 1508 lecta

215 1531 316 1570 sunt,
340 1537 420 1574 quo
450 1523 592 1562 sciolos
620 1522 914 1563 Corinthiorum
950 1537 1058 1562 sacra
1082 1523 1122 1562 in
1152 1531 1268 1562 coetu
1303 1531 1439 1562 sancto
1468 1524 1607 1573 legisse

216 1585 383 1616 constat.
440 1577 587 1616 Omnia
620 1577 751 1627 itaque
781 1579 902 1616 semel
933 1578 1136 1617 exturbata
1167 1586 1268 1625 sunt,
1305 1578 1374 1616 sed
1405 1577 1445 1615 in
1470 1590 1604 1616 eorum

214 1633 347 1670 locum
368 1631 522 1670 utiliora
542 1633 639 1670 haec
660 1631 840 1682 reposita.

270 1685 478 1736 Principio,
510 1685 688 1736 quotidie
718 1685 949 1725 convenitur
977 1686 1176 1725 exoriente
1209 1686 1291 1725 sole
1321 1686 1372 1725 ad
1401 1698 1535 1735 preces
1567 1693 1605 1724 et

215 1739 428 1778 conciones
450 1739 638 1790 publicas,
658 1741 696 1778 in
718 1739 862 1790 quibus
883 1747 921 1779 et
942 1741 1052 1779 Deus
1073 1747 1204 1779 oratur
1225 1753 1292 1791 pro
1309 1739 1367 1778 his
1388 1752 1490 1790 quae
1510 1746 1604 1778 tem-

214 1793 318 1843 poris
349 1795 446 1832 ratio
476 1795 681 1833 ecclesiam
710 1807 818 1833 orare
847 1794 965 1841 iubet,
990 1802 1027 1833 et
1057 1793 1220 1833 traditur
1248 1793 1371 1844 pietas
1400 1792 1604 1844 proposito

213 1846 347 1897 aliquo
377 1862 422 1886 ex
453 1847 658 1897 Scripturis
688 1849 790 1895 loco,
816 1847 883 1898 qui
913 1855 951 1887 et
981 1849 1125 1899 vulgari
1155 1847 1287 1898 lingua
1314 1847 1465 1898 absque
1494 1848 1602 1886 omni

213 1902 432 1950 linguarum
454 1901 656 1940 involucro
677 1901 901 1952 explicatur.

272 1955 428 1994 Deinde
457 1968 560 2001 vero,
592 1957 700 2005 quod
735 1955 886 2006 linguas
921 1969 966 1994 ac
1000 1955 1246 2006 prophetiam
1280 1955 1419 1994 attinet
1456 1955 1602 1994 abstru-

214 2008 367 2055 siorem,
391 2021 437 2047 ea
460 2009 555 2046 hora
582 2022 660 2058 qua
688 2009 793 2058 prius
817 2010 1059 2048 canebantur
1081 2011 1216 2048 Horae
1237 2008 1474 2056 Canonicae,
1496 2022 1602 2047 nunc

214 2062 391 2112 quotidie
406 2064 485 2101 coit
501 2070 636 2101 coetus
656 2064 864 2101 doctorum
885 2063 1063 2102 maxime.
1115 2065 1162 2101 In
1178 2076 1226 2101 eo
1241 2070 1373 2102 autem
1390 2070 1602 2102 tractantur

214 2130 368 2154 summa
397 2130 487 2154 cum
514 2116 716 2166 diligentia
743 2130 789 2155 ac
819 2116 1033 2156 reverentia
1062 2116 1150 2155 libri
1170 2116 1322 2156 Veteris
1343 2115 1598 2156 Testamenti.

215 2170 318 2208 Novi
336 2170 441 2209 enim
458 2170 701 2209 Testamenti
717 2172 907 2220 opuscula
928 2170 1054 2210 indies
1074 2184 1144 2221 pro
1165 2170 1332 2221 publicis
1353 2178 1600 2221 exponuntur

213 2223 500 2263 concionibus.¹
557 2224 741 2264 Ceterum
765 2224 861 2262 nihil
883 2224 946 2262 hic
966 2232 1112 2263 temere
1131 2232 1198 2263 aut
1214 2226 1376 2263 confuse
1392 2223 1596 2275 peragitur.

212 2278 338 2317 Series
365 2292 455 2317 cum
482 2277 669 2317 librorum
692 2286 773 2316 tum
798 2278 970 2328 capitum
995 2279 1232 2325 observatur,
1255 2292 1384 2329 neque
1412 2278 1520 2317 aliud
1547 2278 1599 2315 in-

211 2331 352 2382 cipitur
378 2332 452 2371 nisi
479 2333 717 2383 praecedens
744 2333 969 2372 absolutum
995 2332 1065 2371 sit:
1095 2332 1217 2372 immo
1238 2345 1287 2371 ne
1307 2333 1417 2383 plura
1437 2332 1597 2382 quidem

344 2428 354 2447 ¹
377 2431 425 2472 By
441 2431 575 2463 Oswald
594 2431 776 2472 Myconius,
793 2438 824 2462 at
844 2441 861 2471 5
879 2442 965 2473 p.m.,
985 2432 1017 2462 in
1034 2433 1102 2463 Our
1119 2431 1238 2472 Lady’s
1256 2431 1401 2464 Minster.
