1715 2780
230 126 306 173 658
355 123 672 164 CALVINISM
695 123 755 161 IN
778 122 1198 168 SWITZERLAND,
1222 120 1518 168 HUNGARY,
1552 131 1623 168 321

284 229 548 288 Nequaquam
567 243 573 265 :
612 240 746 266 verum
768 234 811 265 ut
829 238 933 276 aqua
954 224 1146 276 Baptismi
1165 224 1205 262 in
1225 223 1456 275 sanguinem
1479 223 1625 264 Christi

228 295 309 320 non
331 282 570 321 convertitur
590 294 663 320 nec
683 288 742 320 est
762 280 846 331 ipsa
865 287 1118 330 peccatorum
1138 279 1289 317 ablutio
1309 279 1379 317 sed
1399 279 1623 329 symbolum

227 343 381 376 tantum
412 344 450 375 et
479 335 620 387 pignus
649 348 783 374 earum
813 347 941 373 rerum
971 346 1072 384 quae
1102 332 1247 372 nobis
1237 346 1278 371 1n
1299 331 1504 394 Baptismo
1525 331 1625 371 obsi-

226 399 418 441 gnantur:
457 390 510 429 ita
540 404 614 429 nec
643 389 755 440 panis
786 389 948 428 Coenae
979 386 1216 426 Dominicae
1245 393 1304 425 est
1333 387 1462 437 ipsum
1482 399 1624 437 corpus

228 444 398 484 Christi:
447 457 688 495 quanquam,
730 455 801 495 pro
839 441 990 481 ratione
1032 448 1367 481 sacramentorum
1406 448 1445 479 et
1483 441 1625 480 usitata

227 498 384 550 Spiritui
414 507 552 538 sancto
582 499 633 537 de
663 497 722 536 his
752 495 943 547 loquendi
977 497 1114 543 forma,
1149 496 1261 546 panis
1300 493 1446 536 Christi
1483 507 1624 546 corpus

225 554 455 604 appellatur.

284 607 446 646 LXXX.
482 607 592 657 Quid
625 606 783 644 mterest
824 605 928 643 mter
973 605 1138 644 Coenam
1175 603 1346 643 Domi'm
1377 608 1414 641 et
1456 603 1625 642 Affissam

227 662 463 712 Papi'stzcam
476 663 492 699 ?

282 716 421 755 Coena
455 713 620 754 Domini
654 713 770 753 nobis
804 720 970 752 testatur
1003 725 1075 752 nos
1109 712 1323 763 perfectam
1353 710 1626 750 remissionem

228 769 407 807 omnium
438 778 660 807 nostrorum
690 776 944 819 peccatorum
974 766 1121 805 habere
1149 774 1308 817 propter
1336 764 1498 804 unicum
1528 764 1625 803 illud

228 823 373 863 Christi
402 823 636 862 sacrificium
666 823 775 873 quod
805 821 972 873 ipsemet
992 819 1143 859 5611161
1133 833 1173 858 111
1195 833 1310 859 611166
1330 818 1502 870 peregit.
1541 827 1625 857 tum

227 877 346 916 etiam
368 891 440 916 nos
461 890 530 928 per
550 876 738 927 Spiritum
759 884 940 914 sanctum
963 874 1080 913 1115611
1101 873 1271 921 Christo,
1295 873 1364 923 qui
1389 873 1466 911 iam
1491 886 1626 911 secun-

227 933 323 971 dum
345 941 523 971 naturam
546 944 655 970 suam
678 931 891 969 humanam
914 937 1066 968 tantum
1088 929 1128 966 in
1141 927 1260 967 coelis
1281 935 1339 967 est
1358 928 1409 967 ad
1425 928 1624 966 dexteram
1672 973 1674 979 y

230 985 354 1025 Patris
375 985 510 1035 ibique
531 987 613 1024 vult
633 999 656 1023 a
677 985 792 1023 nobis
813 984 977 1022 adorari.

283 1041 332 1079 In
363 1041 488 1078 Missa
516 1048 649 1078 autem
679 1046 843 1088 negatur
872 1037 934 1075 viv
937 1051 980 1075 os
1010 1044 1049 1075 et
1073 1043 1249 1075 mortuos
1269 1035 1415 1075 habere
1436 1033 1626 1074 remissio-

226 1107 318 1133 nem
346 1101 598 1144 peccatorum
618 1101 777 1143 propter
797 1091 955 1130 unicam
977 1090 1122 1131 Christi
1141 1090 1376 1141 passionem,
1399 1088 1473 1128 nisi
1494 1088 1627 1127 etiam·

228 1161 323 1187 num
354 1147 532 1198 quotidie
563 1146 742 1187 Christus
768 1159 840 1197 pro
868 1145 962 1196 ipsis
990 1159 1013 1183 a
1043 1144 1268 1183 sacrificulis
1298 1144 1505 1191 offeratur3
1541 1150 1625 1181 tum
1713 1184 1715 1197 k

215 1202 345 1241 >etiam
384 1203 548 1241 docetur
587 1201 788 1241 Christum
823 1199 1074 1250 corporaliter
1107 1199 1180 1237 sub
1210 1197 1417 1249 speciebus
1446 1196 1558 1247 panis
1588 1203 1626 1234 et
1671 1203 1675 1217 ²
1709 1215 1715 1245 ;

227 1257 306 1294 vini
336 1269 421 1295 esse
450 1255 622 1306 ideoque
650 1255 690 1293 in
721 1254 794 1292 illis
823 1254 1072 1292 adorandum
1102 1265 1198 1291 esse.
1256 1254 1388 1302 Atque
1417 1251 1470 1290 ita
1496 1250 1625 1301 ipsum

228 1310 377 1349 Missae
414 1311 718 1349 fundamentum
756 1307 854 1346 nihil
886 1306 992 1346 aliud
1027 1314 1086 1345 est
1123 1319 1242 1356 quam
1281 1304 1491 1356 abnegatio
1521 1305 1626 1343 unici

226 1363 329 1403 illius
359 1363 538 1403 sacrificii
567 1371 603 1402 et
636 1361 829 1413 passionis
864 1362 954 1399 Iesu
990 1359 1148 1408 Christi,
1171 1368 1209 1399 et
1237 1360 1476 1403 exsecranda
1504 1358 1627 1397 idolo-

225 1419 345 1457 latria.

328 1504 418 1547 No.
451 1515 552 1556 322.
608 1502 715 1546 The
749 1500 1046 1545 consensus
1078 1498 1524 1549 Sendomiriensis‚

738 1572 788 1614 14
817 1559 962 1613 April
990 1568 1117 1612 1570.

282 1637 547 1687 Posteaquam
603 1635 670 1675 diu
725 1636 972 1684 multumque
1026 1647 1115 1671 cum
1170 1631 1353 1678 sectariis,
1408 1630 1622 1678 Tritheitis‚

229 1689 437 1738 Ebionitis‚
470 1689 742 1740 Anabaptistis
777 1688 1045 1727 conflictatum
1081 1694 1196 1733 esset,
1222 1699 1268 1724 ac
1298 1686 1459 1724 tandem
1490 1684 1625 1724 divino

227 1744 358 1783 favore
389 1758 435 1782 ex
464 1752 522 1783 tot
551 1744 750 1794 tantisque
772 1741 1052 1781 certaminibus
1074 1749 1112 1779 et
1134 1738 1386 1790 deplorandis
1407 1739 1626 1777 contentio-

229 1797 344 1836 nibus
375 1798 628 1837 emersimus:
668 1798 794 1836 visum
821 1804 878 1834 est
903 1796 1043 1834 iisdem
1074 1793 1250 1833 ecclesiis
1281 1792 1480 1832 Polonicis
1510 1794 1626 1831 refor-
1663 1818 1666 1819 ν

229 1851 343 1890 1113115
373 1861 411 1891 61
440 1854 668 1891 orthodoxis
698 1864 799 1910 quae
830 1850 869 1888 in
899 1849 1137 1899 quibusdam
1169 1846 1362 1907 capitibus
1392 1854 1430 1886 et
1450 1846 1625 1885 formulis

229 1905 431 1945 doctrinae
463 1906 659 1955 (hostibus
690 1903 859 1943 veritatis
881 1911 919 1942 et
950 1901 1171 1953 Exangelii)
1206 1900 1368 1939 minime
1403 1899 1625 1939 consentire

229 1959 474 2007 ridebantur,
506 1959 613 2019 pacis
653 1966 690 1997 et
725 1957 962 1997 concordiae
998 1956 1139 2002 studio,
1172 1956 1366 2005 synodum
1407 1967 1625 1993 convocare
1668 1982 1691 2002 4

228 2021 348 2063 atque
369 2014 671 2052 consensionem
698 2021 875 2050 mutuam
904 2010 1045 2049 testari.
1106 2010 1238 2069 Quare
1260 2008 1394 2047 habita
1414 2009 1624 2047 collatione

227 2066 355 2105 amica
376 2075 413 2106 et
436 2067 667 2113 Christiana,
692 2066 747 2104 sic
772 2065 914 2104 iunctis
936 2063 1244 2114 compositisque
1265 2061 1406 2101 animis
1427 2060 1624 2100 consensi-

229 2134 316 2160 mus
337 2121 377 2159 in
397 2122 495 2160 haec
516 2120 655 2171 capita.
1658 2150 1683 2169 >-

284 2174 459 2213 Primum
499 2174 836 2234 quemadmodum
878 2181 915 2211 et
956 2185 1027 2210 nos
1062 2172 1129 2221 qui
1164 2170 1202 2209 in
1237 2169 1432 2220 praesenti
1472 2170 1624 2219 synodo
1663 2175 1691 2215 ”⁵3

229 2237 401 2267 nostram
432 2227 721 2267 confessionem
753 2226 950 2265 edidimus
978 2233 1016 2263 et
1046 2226 1198 2262 Fratres
1229 2236 1431 2274 nunquam
1462 2222 1624 2261 credidi·
1653 2221 1690 2251 ἶ

231 2295 317 2320 111115
356 2296 423 2321 605
457 2282 524 2333 qui
554 2284 823 2332 Augustanam
860 2279 1161 2319 Confessionem
1194 2279 1484 2327 amplectuntur
1515 2276 1625 2314 aliter
1651 2258 1689 2331 ji}

230 2349 348 2385 quarn
370 2337 432 2386 pie
454 2344 492 2374 et
513 2337 732 2375 orthodoxe
756 2333 898 2373 sentire
920 2334 969 2371 de
993 2334 1084 2370 Deo
1105 2340 1143 2370 et
1164 2344 1271 2370 sacra
1291 2330 1483 2369 Trinitate
1503 2337 1622 2380 atque
1655 2313 1689 2379 fis]

231 2390 507 2428 Incarnatione
530 2390 615 2427 Filii
640 2389 714 2427 Dei
731 2395 769 2426 et
785 2385 1060 2425 iustificatione
1079 2392 1211 2424 nostra
1223 2384 1387 2434 aliisque
1404 2382 1621 2434 praecipuis
1648 2432 1651 2433 ⁷
1686 2423 1689 2436 ἱ

229 2443 422 2501 capitibus
455 2443 564 2482 Fidei
596 2451 772 2481 nostrae:
814 2441 865 2479 ita
890 2440 1005 2478 6113111
1030 2439 1053 2476 11
1079 2439 1145 2488 qui
1167 2441 1437 2488 Augustanam
1460 2437 1620 2496 Confes-

228 2509 377 2534 510116111
405 2504 621 2547 sequuntur
647 2494 808 2545 professi
834 2502 922 2532 511111
944 2492 1113 2531 candide
1142 2501 1179 2530 et
1210 2492 1359 2530 51116616
1390 2504 1430 2528 56
1452 2489 1618 2528 1161551111
1669 2495 1688 2511 ³
