1715 2780
137 120 209 158 154
393 108 511 145 THE
544 105 897 145 BEGINNINGS
928 104 999 144 OF
1030 104 1267 142 REFORM
1477 112 1527 151 75

131 212 357 262 religionem
388 220 521 250 tenere
550 217 688 261 potest.
751 217 792 248 2a
821 222 907 259 pars
939 207 1217 258 propositionis
1243 214 1301 246 est
1321 208 1371 247 de
1391 207 1528 246 ritibus

132 266 333 306 ecclesiae.
366 265 446 315 Qui
466 265 560 304 ritus
574 265 635 303 vel
651 263 953 302 constitutiones
969 275 1051 301 non
1071 269 1162 300 sunt
1176 262 1394 301 contrariae
1408 261 1528 300 verbo

134 323 288 372 scripto,
312 321 477 359 omnino
498 326 725 358 serventur:
755 317 951 367 siquidem
981 323 1072 355 sunt
1096 317 1346 366 apostolicae.
1404 315 1529 354 Novi-

134 389 221 414 mus
241 383 374 414 autem
395 375 519 413 multa
544 386 630 412 esse
650 373 700 411 ab
721 372 911 422 apostolis
929 370 1143 409 constituta
1163 383 1264 420 quae
1285 368 1428 420 scripta
1447 383 1529 408 non

135 437 236 477 sunt,
259 438 358 468 teste
374 429 580 479 Apostolo,
605 441 619 464 1
641 427 732 466 Cor.
753 427 801 464 xi.
832 423 919 478 [34]
943 429 951 445 ‘
967 427 1075 464 Dum
1095 424 1223 473 venio,
1246 424 1483 463 constituam
1497 425 1505 442 '
1521 439 1531 472 3

133 492 172 523 et
203 485 374 523 Ioannes
406 482 512 530 dicit,
547 495 568 531 3
598 482 670 531 Ep.
698 478 766 533 [13
802 478 876 532 sq.]
909 479 1038 517 ‘Nolo
1068 479 1236 517 scribere
1265 479 1430 526 calamo,
1461 479 1531 517 sed

134 539 288 577 tradere
316 550 385 587 per
415 549 637 575 sermonem
655 536 674 573 '.
733 536 836 573 Item
867 535 955 572 Act.
979 534 1039 571 xvi
1062 530 1122 586 [4]
1157 540 1195 571 et
1229 532 1305 571 xvii
1328 534 1472 571 Paulus
1493 540 1532 570 et

135 593 233 631 Silas
249 591 445 630 iusserunt
459 591 595 629 fideles
616 602 768 628 servare
783 587 1085 627 constitutiones
1100 588 1382 638 apostolorum.
1427 587 1531 636 Ergo

136 654 336 685 serventur
365 644 595 683 traditiones
620 652 659 683 et
687 643 781 681 ritus
803 643 853 682 ab
873 641 1061 692 apostolis
1087 649 1125 680 et
1146 640 1313 680 ecclesia
1336 639 1533 691 primitiva

138 699 350 739 constituti.
411 700 534 739 Unde
554 697 800 748 Augustinus
821 696 915 735 dicit
937 694 1035 749 [Ep.
1058 694 1181 742 xxxvi,
1204 695 1222 745 ξ
1246 693 1286 748 2]
1307 696 1358 734 ad
1386 694 1530 742 Casul.,

137 767 239 805 quae
259 753 455 793 sententia
475 752 593 792 etiam
607 751 746 802 legitur
766 751 805 790 in
826 752 975 790 Decret.
999 751 1105 788 Dt’st.
1128 751 1205 797 XI,
1222 763 1255 787 c.
1273 748 1334 796 vii,
1356 751 1364 766 ‘
1379 749 1533 789 Consti-

137 808 309 847 tutiones
331 807 520 847 ecclesiae
541 819 642 857 quae
663 806 702 843 in
731 805 869 843 Bibliis
896 804 1062 854 scriptae
1089 817 1169 841 non
1197 810 1298 850 sunt,
1320 804 1410 842 loco
1437 801 1532 852 legis

138 863 334 901 habentur
352 876 376 900 a
396 861 523 912 plebe,
548 862 723 910 dantque
744 858 969 898 rudioribus
991 858 1138 897 bonam
1159 857 1501 896 informationem!

191 918 376 967 Exceptio
406 917 466 954 M.
506 916 608 955 olai.
682 914 875 953 Concedo
905 912 1267 963 interpretationem
1299 913 1337 950 S.
1372 913 1533 949 Patrum

138 984 223 1010 esse
243 970 522 1020 recipiendam,
547 969 613 1007 ubi
641 982 723 1006 non
749 967 917 1007 discedit
941 980 964 1005 a
990 965 1135 1016 scripto
1155 966 1287 1005 verbo.
1348 966 1451 1004 Nam
1479 964 1533 1003 ibi

138 1039 218 1063 non
257 1026 360 1063 valet
397 1023 608 1063 auctoritas
649 1025 819 1068 Patrum,
861 1022 931 1060 sed
970 1020 1091 1071 ipsius
1129 1019 1237 1059 verbi
1281 1019 1356 1058 Dei
1394 1019 1534 1058 veritas

138 1078 363 1118 infallibilis.
423 1079 471 1116 In
505 1077 589 1116 aliis
624 1074 973 1115 constitutionibus
1012 1076 1170 1113 Patrum
1211 1087 1233 1112 a
1266 1075 1303 1112 S.
1339 1072 1536 1123 Scriptura

139 1132 475 1179 dissentientibus,
508 1131 623 1171 etiam
657 1143 728 1169 nos
749 1129 991 1168 discedimus
1020 1129 1071 1167 ab
1105 1127 1189 1167 illis.
1259 1129 1354 1166 Hoc
1388 1129 1419 1166 si
1453 1139 1535 1165 non

141 1189 259 1234 fieret,
299 1188 407 1225 nulla
445 1194 546 1225 esset
585 1184 805 1224 differentia
843 1183 942 1222 inter
980 1183 1143 1221 verbum
1184 1182 1260 1221 Dei
1299 1189 1338 1221 et
1379 1182 1536 1220 decreta

140 1245 311 1280 Patrum.
379 1242 547 1281 Constat
585 1239 702 1278 etiarn
742 1237 926 1287 antiquos
965 1244 1093 1287 patres
1127 1244 1316 1286 tanquam
1355 1234 1536 1274 homines

141 1308 299 1335 errasse.
323 1325 330 1332 .
351 1325 358 1333 .
383 1326 389 1333 .
413 1296 513 1334 Ideo
541 1307 622 1332 non
647 1306 746 1343 opus
768 1301 826 1331 est
850 1291 1027 1342 pluribus
1057 1291 1224 1341 probare
1253 1289 1456 1328 veritatem
1483 1302 1536 1327 re-

140 1350 293 1400 ligionis
324 1363 405 1387 non
435 1349 606 1399 pendere
633 1348 683 1386 ab
715 1345 1034 1396 interpretatione
1067 1347 1238 1383 Patrum.
1272 1347 1281 1383 .’
1313 1373 1319 1381 .
1351 1373 1360 1382 .
1390 1343 1537 1382 Probat

144 1406 192 1442 D.
208 1404 321 1442 Galle
334 1402 522 1441 inutiliter
538 1402 733 1452 quaedam
747 1401 914 1439 obscura
927 1398 1120 1437 contineri
1141 1398 1180 1436 in
1202 1401 1238 1437 S.
1255 1399 1463 1448 Scriptura.
1483 1427 1512 1435 ..
1529 1426 1536 1434 .

142 1457 318 1497 Verbum
342 1456 417 1496 Dei
434 1487 461 1495 ..
480 1487 487 1495 .
504 1456 544 1494 in
561 1469 678 1494 causa
699 1453 832 1493 salutis
848 1467 894 1492 ac
909 1452 1104 1503 religionis
1125 1453 1300 1490 lucidum
1317 1460 1355 1491 et
1375 1453 1535 1490 clarum.

143 1511 372 1552 Obscuritas
397 1511 597 1561 dependet
617 1523 639 1547 a
666 1507 1006 1558 contemptoribus
1026 1506 1161 1546 Verbi.
1185 1535 1192 1544 .
1216 1535 1222 1543 .
1246 1536 1253 1544 .
1275 1505 1338 1545 Sic
1359 1506 1536 1545 Verbum

142 1575 199 1605 est
233 1566 446 1605 obscurum
478 1596 485 1604 .
515 1595 522 1603 .
551 1595 558 1603 .
588 1563 821 1610 carnalibus,
850 1560 1075 1612 praesertim
1108 1574 1190 1599 non
1223 1559 1378 1607 renatis,
1411 1559 1537 1610 qualis

142 1622 214 1659 fuit
234 1619 332 1658 ratio
354 1618 572 1670 Aethiopis.
596 1647 602 1655 .
625 1648 632 1656 .
656 1647 663 1654 .
685 1618 750 1656 Ad
780 1624 853 1655 2am
883 1623 1032 1666 partem
1054 1615 1325 1665 Respensz'om's
1353 1614 1467 1653 Galle
1487 1614 1538 1652 de

141 1675 278 1714 ritibus
294 1673 483 1713 ecclesiae
498 1672 714 1723 antiquitus
736 1670 920 1709 institutis
937 1670 1094 1720 replico,
1107 1682 1223 1719 posse
1243 1667 1356 1707 facile
1372 1667 1539 1706 concedi
1566 1706 1579 1718 ,

143 1730 338 1779 quaedam
359 1729 478 1767 fuisse
504 1727 680 1766 instituta
699 1726 750 1764 ab
770 1725 958 1775 apostolis
979 1732 1017 1762 et
1037 1723 1203 1762 ecclesia
1222 1721 1418 1773 primitiva
1438 1734 1539 1771 quae

142 1783 285 1832 scripta
314 1796 394 1820 non
425 1790 527 1820 sunt.
585 1782 663 1820 Sed
693 1779 780 1830 quis
810 1779 915 1818 dicat
942 1779 1057 1816 Gallo
1077 1777 1239 1827 quinam
1260 1775 1337 1815 sint
1357 1775 1411 1814 illi
1431 1775 1537 1821 ritus,

143 1838 237 1875 dum
261 1838 300 1874 in
321 1838 405 1886 ipsa
422 1835 619 1885 Scriptura
646 1847 727 1872 non
748 1833 943 1872 habentur
961 1847 968 1878 ;
995 1839 1062 1870 aut
1082 1831 1286 1881 quomodo
1306 1830 1447 1880 probet
1466 1830 1539 1868 hos

143 1891 249 1938 ritus,
271 1891 322 1928 de
342 1889 485 1939 quibus
507 1889 817 1935 controvertitur,
837 1900 922 1926 esse
942 1887 1105 1925 eosdem
1125 1883 1396 1935 apostolicos?
1452 1884 1539 1922 Nec

143 1945 322 1983 videmus
352 1942 615 1982 necessarium
647 1956 730 1981 esse
760 1950 801 1980 ut
831 1940 1000 1980 sciamus
1030 1952 1131 1990 quae
1160 1940 1317 1977 fuerunt
1345 1939 1410 1976 illa
1439 1949 1540 1987 quae

145 2011 275 2037 coram
311 1997 727 2047 tractarunt-apostoli
769 1997 913 2033 Paulus
952 2007 1041 2032 cum
1076 1992 1302 2039 Corinthiis,
1340 1993 1540 2030 Iohannes

145 2066 235 2091 cum
257 2051 369 2099 Gaio,
393 2053 488 2089 dum
515 2065 596 2090 non
627 2058 758 2089 extant
788 2050 941 2099 scripta.
999 2048 1038 2086 Si
1068 2047 1133 2085 illa
1161 2047 1325 2084 fuissent
1351 2044 1542 2084 ecclesiae

146 2107 244 2145 scitu
278 2105 507 2152 necessaria,
545 2114 648 2143 certe
677 2106 895 2154 legeremus
925 2101 1079 2151 scripta.
1138 2099 1290 2139 Scimus
1323 2098 1454 2149 aliqua
1486 2112 1541 2137 re-

147 2159 348 2207 mansisse,
388 2172 488 2209 quae
527 2159 576 2197 ab
616 2159 781 2198 ecclesia
819 2156 1013 2206 primitiva
1052 2162 1160 2193 erant
1199 2153 1423 2200 constituta,
1464 2153 1539 2191 vid.

145 2214 342 2253 celebrare
374 2214 489 2252 Diem
522 2212 778 2250 Dominicum
808 2212 898 2249 loco
928 2208 1081 2248 sabbati
1114 2207 1265 2246 Iudaici
1298 2238 1303 2244 .
1337 2237 1343 2244 .
1376 2236 1383 2244 .
1410 2205 1541 2256 aliqua

146 2277 235 2308 sunt
267 2276 426 2314 mutata,
458 2275 499 2304 ut
529 2266 605 2304 iam
636 2266 841 2304 videantur
870 2278 915 2303 ex
947 2277 1019 2301 usu
1049 2263 1153 2300 licita
1182 2274 1282 2311 quae
1312 2270 1406 2299 tunc
1433 2267 1542 2298 erant

146 2322 354 2374 prohibita,
377 2321 457 2359 scil.
479 2333 567 2359 esus
588 2319 786 2370 sanguinis
816 2327 853 2357 et
883 2317 1072 2356 suffocati.
1095 2345 1102 2352 .
1125 2346 1131 2353 .
1156 2345 1163 2352 .
1185 2317 1354 2353 Possunt
1379 2313 1539 2364 quidem

147 2378 243 2416 tales
282 2376 387 2422 ritus,
424 2376 516 2414 data
549 2376 767 2420 occasione,
804 2381 908 2411 recte
943 2370 1092 2417 mutari,
1130 2382 1220 2407 curn
1254 2368 1352 2407 ratio
1385 2375 1542 2406 nostrae

148 2432 281 2469 salutis
303 2430 341 2468 in
363 2429 470 2468 hisce
491 2442 570 2467 non
588 2427 786 2465 consistat.
805 2459 810 2465 .
836 2457 841 2464 .
864 2456 871 2465 .
899 2426 1140 2474 Habentque
1161 2423 1334 2472 singulae
1355 2421 1543 2461 ecclesiae

149 2485 279 2534 aliqua
309 2482 517 2533 singularia
547 2495 647 2532 quae
677 2480 768 2519 alibi
810 2494 890 2518 non
930 2486 1138 2518 servantur.
1217 2476 1340 2526 Igitur
1373 2475 1542 2514 rationes
