1715 2780
204 102 277 140 114
589 90 811 131 ADRIAN
841 88 900 127 VI
930 87 1050 127 AND
1079 84 1202 126 THE
1545 82 1594 125 61

199 201 468 233 numeraretur
487 193 648 244 aliquid,
671 177 793 232 modo
814 191 955 230 tinniat
975 192 1121 230 dextra.
1170 192 1303 240 Atque
1323 189 1383 229 his
1404 189 1594 228 mercium

200 248 554 288 nundinationibus
576 247 690 286 51111111
712 254 750 285 et
771 245 935 296 spoliata
963 252 1021 284 est
1047 258 1135 283 aere
1157 243 1369 283 Germania
1389 251 1427 283 et
1449 243 1595 284 Christi

199 303 323 354 pietas
345 302 544 349 exstincta,
568 303 730 352 quando
751 300 915 350 quilibet
936 312 1006 349 pro
1027 298 1140 349 pretii
1161 298 1299 349 quod
1290 312 1331 336 111
1354 299 1424 337 has
1445 310 1595 337 merces

201 358 439 407 expenderat
460 357 581 395 modo
601 354 793 406 peccandi
814 353 1090 404 impunitatem
1112 352 1186 391 sibi
1207 352 1507 402 pollicebatur.

255 424 289 458 4.
325 413 376 449 Et
397 410 486 449 licet
507 408 774 459 indulgentiae
794 409 869 446 hae
890 420 970 446 non
992 406 1143 445 5611161
1134 420 1175 444 111
1198 408 1275 445 1106
1299 407 1351 445 ad
1376 381 1594 445 Germanos

202 466 343 503 missae
364 464 441 503 sint
457 463 597 514 quasi.
652 464 818 501 .fideles
836 469 972 500 contra
992 461 1178 499 barbaros
1195 468 1325 499 essent
1346 459 1530 499 tutandi.

201 526 344 557 eventu
383 526 515 557 tamen
554 494 800 567 compertum
837 516 985 554 habent
1020 515 1207 554 Germani
1245 513 1455 565 pecuniam
1493 491 1597 552 hanc

202 585 284 610 non
313 572 353 611 in
382 585 464 611 rem
495 571 587 610 fidei
618 601 626 609 .
659 601 667 609 .
700 602 706 609 .
739 571 810 608 sed
840 569 880 608 in
906 568 1218 620 propinquorum
1249 571 1382 607 luxum
1413 598 1420 606 .
1444 597 1482 606 ..
1511 581 1596 607 esse

202 639 362 664 versam.
386 657 392 665 .
415 657 421 664 .
447 656 453 664 .
472 627 563 675 Quo
580 638 660 663 uno
680 624 774 663 bina
793 625 891 662 haec
912 631 1003 661 nata
1024 631 1137 661 sunt.
1158 653 1165 661 .
1184 652 1191 660 .
1208 623 1473 669 incommoda,
1489 623 1597 672 quod

202 687 241 719 et
270 679 508 718 offendicula
537 686 620 718 orta
650 686 741 716 sunt
770 677 1014 727 simplicibus
1046 684 1084 715 et
1115 678 1224 727 quod
1255 690 1362 715 nunc
1395 675 1596 722 Germani,

202 733 317 772 toties
356 733 569 772 sentientes
607 734 733 771 lusam
772 733 902 778 fidem,
945 730 1061 769 nullis
1109 730 1326 769 rationibus
1373 729 1598 780 persuaderi

202 801 243 826 se
268 789 468 837 patiuntur
498 795 540 825 ut
569 788 731 825 credant
753 817 760 824 .
784 816 791 823 .
816 815 823 823 .
847 787 990 823 instare
1011 784 1228 823 cervicibus
1249 784 1393 823 nostris
1418 785 1597 823 crudeles

202 842 362 887 Turcas,
387 843 631 891 suspicantes
652 853 805 890 semper
825 838 1018 889 prioribus
1038 838 1165 877 simile
1185 837 1389 889 quippiam
1408 837 1482 888 agi.
1506 868 1513 876 .
1538 868 1545 876 .
1569 867 1578 875 .

259 907 291 944 5.
326 897 530 934 Praeterea
562 895 714 945 Papalis
744 892 937 932 Sanctitas
967 894 1189 942 caeterique
1224 891 1412 943 Episcopi
1445 905 1491 930 ac
1526 893 1600 930 Ec-

204 948 345 987 clesiae
383 951 590 987 Romanae
629 949 837 986 columnae
877 960 990 985 casus
1031 946 1181 1006 aliquot
1223 959 1317 984 suae
1350 953 1504 984 tantum
1533 946 1598 984 ab·

203 1002 387 1041 solutioni
427 1002 598 1052 reliquos
640 1003 840 1048 fecerunt,
888 1013 1056 1050 quorum
1095 1000 1127 1038 si
1166 1013 1289 1038 unum
1327 1007 1395 1038 aut
1433 1001 1597 1038 alterum

203 1056 457 1103 commiseris,
481 1056 558 1093 iam
588 1062 655 1093 aut
684 1055 975 1093 numerandum
1004 1061 1071 1092 aut
1100 1053 1351 1093 absolutione
1377 1053 1449 1093 tibi
1469 1067 1600 1092 caren-

204 1111 300 1148 dum
335 1117 403 1148 est.
464 1111 620 1160 Nempe
656 1110 765 1159 quod
799 1108 840 1146 in
873 1109 949 1147 hoc
984 1107 1166 1146 reservati
1199 1107 1287 1155 sint,
1324 1115 1366 1146 ut
1404 1108 1466 1147 vel
1504 1107 1598 1146 inde

204 1176 456 1202 nummorum
477 1163 627 1213 aliquid
648 1163 702 1201 eis
722 1169 929 1200 accrescat.
953 1192 960 1199 .
985 1192 992 1200 .
1017 1191 1024 1200 .

262 1229 293 1266 7.
325 1219 390 1255 De
410 1218 741 1267 praedicatoribus
770 1217 1098 1265 indulgentiarum
1134 1216 1396 1255 Stationariztc.
1456 1217 1527 1254 Est
1561 1221 1600 1254 et

203 1271 310 1310 aliud
340 1271 593 1321 indulgentiis
623 1270 843 1309 vendendis
871 1269 1076 1309 addictum
1106 1269 1314 1309 hominurn
1342 1283 1477 1320 genus,
1500 1282 1600 1319 quos

206 1325 462 1363 Stationarios
500 1327 617 1375 vulgo
655 1331 808 1363 vocant.
870 1323 926 1362 Hi
965 1323 1199 1362 rusticorum
1239 1353 1246 1362 .
1280 1353 1295 1362 ..
1337 1354 1345 1361 .
1385 1324 1601 1362 abutuntur

204 1379 464 1429 simplicitate,
505 1380 601 1417 dum
639 1391 778 1417 omnes
816 1377 924 1416 vicos
959 1408 966 1415 .
1004 1408 1011 1416 .
1049 1408 1056 1416 .
1093 1384 1298 1428 peragrant
1328 1377 1600 1427 praedicantes

206 1432 338 1471 Sancti
368 1432 586 1483 cuiuspiam
608 1463 614 1471 .
639 1463 645 1471 .
670 1463 677 1470 .
702 1431 1003 1470 sanctimoniam
1031 1445 1078 1470 ac
1107 1438 1299 1482 quantum
1320 1432 1371 1470 ad
1391 1444 1472 1470 rem
1493 1430 1600 1469 fami-

204 1486 338 1524 liarem
368 1487 488 1525 addat
518 1486 548 1524 si
579 1485 790 1536 quotannis
820 1487 926 1524 hunc
954 1487 1016 1524 vel
1045 1485 1155 1524 illum
1185 1486 1421 1524 munusculo
1454 1484 1598 1535 aliquo,

205 1541 313 1590 quod
343 1540 398 1578 eis
430 1540 672 1579 Stationariis
693 1539 841 1578 scilicet
861 1539 1181 1578 incommodum
1203 1540 1327 1586 cedat,
1351 1540 1600 1578 demulceas:

204 1593 542 1644 inscribentesque
572 1595 717 1633 dehinc
748 1593 955 1644 simplices,
988 1593 1062 1632 sub
1092 1592 1225 1632 Sancti
1255 1623 1262 1631 .
1296 1623 1304 1631 .
1337 1623 1344 1631 .
1376 1605 1524 1631 numen
1553 1605 1600 1630 ac

205 1649 379 1694 tutelam,
403 1647 756 1708 promittentesque
786 1655 828 1685 ut
858 1648 935 1686 hoc
963 1654 1031 1685 aut
1054 1648 1176 1686 altero
1204 1647 1432 1686 morborum
1459 1659 1601 1697 genere

205 1709 410 1740 vacaturus
442 1701 500 1748 sit,
533 1702 601 1752 qui
632 1701 687 1740 eis
726 1714 903 1740 annuum
942 1714 1105 1739 censum
1144 1702 1418 1760 pependerit.
1474 1702 1600 1739 ,Hoc

206 1754 419 1804 negotium,
442 1769 465 1793 a
493 1762 630 1794 sancto
660 1754 837 1793 Antonio
864 1762 1060 1805 coeptum,
1084 1754 1124 1792 in
1145 1754 1351 1792 innumera
1371 1730 1599 1792 morborum

205 1821 347 1857 genera
376 1809 521 1847 dehinc
550 1809 675 1848 suevit
705 1808 863 1848 diduci:
902 1808 955 1846 ita
981 1816 1024 1846 ut
1043 1807 1106 1846 vix
1126 1807 1292 1858 supersit
1312 1808 1473 1847 morbus
1494 1820 1600 1846 nunc

205 1861 344 1910 aliquis
374 1862 436 1899 cui
467 1862 690 1901 Stationarii
725 1876 806 1901 non
837 1869 875 1901 et
909 1861 1147 1912 peculiarem
1180 1860 1379 1910 Sanctum,
1411 1868 1599 1911 tanquam

209 1915 394 1953 tabernae
415 1917 474 1954 vel
496 1916 763 1966 negotiationi,
787 1915 1094 1966 praeposuerint.
1119 1946 1126 1954 .
1150 1946 1157 1954 .
1182 1946 1190 1953 .

263 1970 296 2005 8.
338 1970 424 2007 Ν66
463 1969 592 2008 minus
631 1978 668 2008 et
707 1970 746 2008 in
786 1971 862 2008 hoc
900 1983 923 2008 a
961 1969 1148 2019 religiosis
1185 1975 1392 2019 gravantur
1433 1967 1600 2019 profani,

208 2021 376 2061 maxime
392 2035 582 2073 pauperes
599 2054 606 2061 .
625 2053 631 2060 .
651 2054 669 2071 .‚
693 2037 838 2074 nempe
859 2025 966 2073 quod
988 2022 1220 2062 mendicitas
1238 2022 1422 2062 ordinum
1443 2022 1599 2061 Mendi-

208 2075 381 2113 cantium
416 2076 512 2114 1111111
546 2077 585 2115 in
620 2091 706 2116 rure
738 2091 867 2127 neque
901 2077 941 2115 in
973 2077 1069 2115 urbe
1103 2076 1195 2115 sinit
1229 2090 1309 2115 non
1339 2083 1597 2127 peragratum,

208 2129 303 2168 dum
317 2142 339 2166 a
352 2129 526 2168 terminis
541 2144 639 2180 quos
653 2138 910 2181 pervagantur
923 2129 1156 2169 Terminarii
1172 2129 1365 2169 dicuntur.
1382 2160 1389 2168 .
1412 2161 1418 2167 .
1435 2160 1442 2167 .
1460 2131 1600 2179 Itaque

208 2189 345 2232 rogant
367 2213 373 2220 .
398 2213 405 2220 .
430 2214 436 2220 .
462 2184 622 2233 Imperii
644 2185 846 2235 Principes
869 2215 875 2222 .
899 2215 906 2222 .
932 2215 938 2222 .
962 2191 1156 2234 quatenus
1179 2184 1214 2221 S.
1231 2185 1267 2222 S.
1292 2214 1299 2222 .
1319 2214 1326 2221 .
1347 2214 1353 2222 .
1374 2183 1599 2233 gravamina

209 2237 306 2274 haec
333 2235 674 2285 indulgentiarum,
699 2238 1049 2288 dispensationum,
1079 2237 1394 2276 stationariorum
1421 2236 1600 2275 termina-

209 2289 433 2340 riorumque
472 2304 492 2328 e
527 2291 659 2330 medio
693 2293 828 2330 tollere
857 2322 864 2330 .
897 2322 904 2330 .
940 2322 946 2329 .
977 2291 1079 2338 velit,
1111 2305 1161 2330 ne
1190 2290 1347 2329 libertas
1377 2289 1601 2330 Christiana

209 2343 392 2382 servitute
418 2345 678 2382 humanarum
699 2345 1027 2384 constitutionum
1047 2344 1202 2394 penitus
1223 2343 1499 2394 exstinguatur,
1522 2343 1601 2382 illa-

209 2404 481 2447 queenturque
508 2398 771 2437 conscientiae
797 2398 942 2438 Christi
962 2398 1138 2437 fidelium
1165 2397 1360 2437 mandatis
1380 2397 1597 2444 hominum,

210 2451 354 2501 quibus
376 2452 525 2489 nullum
548 2459 605 2490 est
627 2459 832 2501 peccatum
854 2452 978 2491 maius
999 2465 1118 2502 quam
1140 2451 1311 2490 nummis
1332 2464 1472 2490 carere.
