1715 2780
177 111 254 147 414
328 97 448 135 THE
481 93 899 135 DISPUTATIONS
927 93 1000 130 AT
1030 82 1258 138 Zi'JRICH‚
1295 102 1393 141 1523
1493 89 1567 127 186

231 215 292 249 41.
326 201 462 249 Quum
483 198 557 237 illis
587 210 658 248 pro
679 196 823 247 quibus
848 195 1039 234 rationem
1060 194 1224 234 reddere
1252 201 1456 244 coguntur,
1479 206 1570 232 con-

180 255 266 295 silia
294 261 333 293 et
356 253 498 293 auxilia
531 252 704 303 legitime
732 251 1018 296 administrant,
1042 248 1191 288 debent
1212 255 1250 287 et
1274 247 1329 285 illi
1355 247 1429 298 ipsi
1453 246 1570 298 magi-

181 308 364 349 stratibus
385 307 562 347 subsidia
582 304 810 356 corporalia.

232 377 295 412 42.
327 363 502 412 Quando
531 373 622 399 vero
652 359 801 409 perfide
830 364 868 396 et
897 364 1003 397 extra
1030 357 1203 407 regulam
1235 355 1381 396 Christi
1409 355 1568 406 egerint,

180 424 347 470 possunt
367 430 458 455 cum
481 418 569 454 Deo
589 412 748 464 deponi.

234 485 297 521 43.
330 470 463 509 Huius
483 482 646 519 regnum
667 466 862 517 optimum
889 472 947 504 est
973 472 1012 503 et
1041 464 1308 503 firmissimum
1328 463 1395 514 qui
1416 477 1462 502 ex
1485 465 1573 502 Deo

181 534 220 565 et
241 539 330 564 cum
346 526 435 563 Deo
456 530 590 574 regnat
609 537 618 569 ;
646 521 763 559 huius
779 533 870 559 vero
887 519 1101 570 pessimum
1123 526 1161 558 et
1181 517 1489 557 infirmissimum
1506 517 1573 567 qui

180 593 250 619 sua
269 578 445 617 libidine.

236 633 317 681 44.ι
344 632 438 670 Veri
461 633 687 670 adoratores
716 629 902 667 invocant
927 629 1059 666 Deum
1093 627 1133 665 in
1160 626 1296 677 spiritu
1329 633 1368 665 et
1401 625 1573 673 veritate,

182 689 301 727 corde
322 693 489 733 orantes,
512 698 592 724 non
614 686 785 723 clamore
806 695 937 721 coram
958 681 1198 720 hominibus.

237 754 298 792 45.
342 739 586 791 Hypocritae
620 737 753 777 omnia
784 750 904 787 opera
935 749 1004 774 sua
1035 735 1183 774 faciunt
1215 741 1258 773 ut
1289 734 1494 773 videantur
1525 734 1576 771 ab

185 795 413 834 hominibus
432 809 441 843 3
469 800 675 845 propterea
695 792 919 830 mercedem
940 803 1051 828 suam
1071 789 1135 828 hic
1156 788 1359 839 recipiunt.

238 852 300 898 46.
333 848 550 889 Cantiones
579 860 682 897 ergo,
708 859 776 885 seu
805 845 931 884 verius
961 845 1114 890 boatus,
1142 842 1206 893 qui
1238 843 1278 880 in
1308 841 1464 892 templis
1493 841 1577 880 sine

185 903 397 943 devotione
432 916 502 953 pro
537 902 719 940 mercede
753 901 862 946 fiunt,
899 906 965 937 aut
999 899 1159 938 laudem
1187 904 1254 935 aut
1286 903 1494 947 quaestum
1527 896 1577 933 ab

186 958 413 997 hominibus
435 963 639 1006 quaerunt.

240 1012 321 1061 47.2
350 1011 485 1049 Potius
507 1017 674 1047 mortem
696 1008 837 1057 eligere
865 1008 984 1046 debet
1012 1007 1134 1044 homo
1161 1018 1280 1055 quam
1309 1003 1577 1044 Christianum

187 1067 388 1105 offendere
407 1073 474 1103 aut
495 1064 740 1114 pudefacere.

242 1123 304 1167 48.
346 1119 425 1168 Qui
458 1132 503 1157 ex
536 1117 761 1155 infirmitate
799 1123 865 1153 aut
904 1114 1123 1164 ignorantia
1160 1113 1311 1163 absque
1349 1125 1467 1150 causa
1499 1112 1581 1150 vult

189 1173 347 1220 offendi,
371 1186 451 1211 non
472 1171 666 1222 patiamur
690 1178 732 1208 ut
758 1169 789 1208 is
819 1169 996 1207 infirmus
1028 1174 1066 1206 et
1094 1167 1277 1217 ignorans
1301 1172 1458 1205 maneat
1473 1180 1483 1214 3
1511 1166 1580 1203 sed

189 1230 329 1267 demus
350 1240 510 1277 operam
530 1233 572 1264 ut
593 1225 664 1263 rite
690 1225 856 1262 edoctus
887 1224 1019 1260 firmus
1046 1223 1208 1260 tandem
1228 1221 1379 1268 evadat,
1402 1233 1475 1259 nec
1495 1232 1582 1270 pec-

190 1290 321 1322 catum
343 1283 461 1320 ducat
482 1280 590 1330 quod
611 1285 817 1329 peccatum
840 1291 919 1315 non
938 1284 1007 1315 est.

245 1350 307 1385 49.
340 1335 472 1373 Maius
493 1342 531 1373 et
550 1332 703 1383 gravius
724 1332 954 1370 scandalum
976 1343 1056 1368 non
1077 1336 1184 1379 puto,
1203 1341 1320 1379 quam
1338 1329 1446 1378 quod
1463 1340 1584 1366 sacer-

191 1389 352 1428 dotibus
373 1387 623 1426 matrimonio
643 1385 818 1435 legitimo
839 1383 1083 1422 interdicitur
1097 1398 1107 1431 3
1135 1382 1377 1422 concubinas
1399 1389 1436 1420 et
1457 1388 1583 1420 scorta

193 1444 337 1482 habere
357 1449 520 1492 accepta
540 1441 590 1479 ab
611 1440 666 1478 eis
686 1438 854 1489 pecunia
874 1437 1120 1488 permittitur.

248 1498 325 1547 50.3
356 1498 470 1535 Solus
494 1497 602 1533 Deus
623 1500 785 1544 peccata
805 1491 976 1538 remittit,
999 1490 1119 1540 idque
1139 1504 1207 1541 per
1227 1491 1355 1528 solum
1383 1488 1583 1529 Christum

195 1553 327 1590 Iesum
350 1549 567 1588 Dominum
589 1555 779 1586 nostrum.

250 1617 311 1655 51.
353 1603 433 1653 Qui
463 1601 734 1641 remissionem
764 1606 1017 1650 peccatorum
1047 1605 1246 1638 creaturae
1275 1597 1424 1645 tribuit,
1454 1598 1584 1635 Deum

194 1658 315 1710 gloria
335 1671 405 1696 sua
425 1656 566 1707 spoliat
585 1663 623 1694 et
644 1655 850 1694 idololatra
871 1661 940 1692 est.

252 1725 313 1763 52.
346 1710 554 1751 Confessio
584 1723 686 1760 ergo,
708 1721 810 1758 quae
837 1707 1030 1746 sacerdoti
1056 1714 1124 1745 aut
1143 1705 1321 1757 proximo
1341 1706 1395 1753 fit,
1417 1718 1498 1743 non
1517 1717 1587 1754 pro

197 1766 426 1806 remissione
447 1772 709 1815 peccatorum,
733 1763 803 1801 sed
823 1775 894 1812 pro
914 1760 1202 1800 consultatione
1229 1758 1364 1798 haberi
1384 1760 1515 1797 debet.

254 1833 313 1870 53,
346 1821 478 1870 Opera
498 1816 773 1857 satisfactionis
793 1829 816 1854 a
836 1816 1040 1854 sacerdote
1060 1814 1244 1865 imposita
1272 1815 1468 1851 humanae
1498 1819 1588 1850 sunt

198 1874 418 1913 traditionis
436 1875 615 1923 <excepta
631 1868 1056 1919 excommunicatione)
1073 1883 1082 1917 3
1111 1875 1316 1919 peccatum
1337 1880 1418 1905 non
1434 1868 1587 1913 tollunt,

200 1929 269 1967 sed
289 1927 374 1965 aliis
395 1928 435 1964 in
455 1934 640 1965 terrorem
662 1925 928 1974 imponuntur.

255 1982 333 2031 54⁴
363 1980 542 2020 Christus
563 1980 719 2018 dolores
739 1985 894 2015 nostros
915 1984 952 2015 et
973 1989 1111 2016 omnes
1132 1976 1285 2014 labores
1305 1981 1459 2013 nostros
1479 1973 1566 2013 tulit
1581 1987 1591 2021 3

201 2036 268 2086 qui
289 2047 380 2073 vero
401 2033 586 2084 operibus
615 2030 962 2081 poenitentialibus
992 2029 1126 2068 tribuit
1156 2030 1264 2079 quod
1295 2028 1441 2068 Christi
1471 2027 1590 2066 solius

202 2097 271 2136 est,
294 2096 393 2126 errat
421 2095 458 2125 et
480 2089 611 2125 Deum
632 2085 894 2134 blasphemat.

258 2154 318 2193 55.
353 2141 433 2190 Qui
454 2142 515 2179 vel
543 2139 704 2177 unicum
734 2145 941 2188 peccatum
969 2136 1187 2187 poenitenti
1212 2135 1408 2175 remittere
1424 2142 1540 2186 negat
1560 2134 1592 2173 is

204 2211 283 2235 non
308 2195 382 2234 Dei
403 2208 476 2234 nec
497 2193 599 2232 Petri
621 2193 691 2231 sed
711 2191 858 2230 diaboli
879 2190 1004 2229 vicem
1026 2198 1143 2229 tenet.

260 2253 319 2300 56.
353 2249 433 2298 Qui
467 2248 663 2298 quaedam
696 2252 847 2283 tantum
879 2251 1040 2294 peccata
1069 2244 1189 2294 idque
1217 2257 1288 2294 pro
1317 2243 1500 2283 mercede
1527 2249 1593 2281 aut

205 2303 373 2353 pecunia
387 2302 600 2347 remittunt,
616 2298 787 2338 Simonis
804 2306 841 2336 et
858 2298 1031 2336 Balaami
1049 2298 1144 2337 socii
1166 2305 1266 2345 sunt,
1281 2304 1319 2336 et
1338 2297 1416 2335 veri
1437 2303 1594 2335 satanae

207 2358 333 2407 legati.

252 2427 259 2444 ¹
287 2428 415 2467 Prayer.
677 2423 689 2440 ²
713 2422 855 2454 Offence.
1120 2422 1131 2439 ³
1156 2421 1368 2462 Forgiveness
1384 2420 1506 2454 ossius.

252 2471 261 2487 ⁴
284 2471 356 2501 The
372 2468 501 2511 passion
519 2468 556 2499 of
570 2467 681 2499 Christ
699 2467 725 2497 is
741 2475 885 2507 penance
900 2465 949 2496 sor
965 2466 1022 2496 sin.
