1715 2780
2 1859 10 2017 2—-sqq1n—-2

115 83 172 121 66
201 81 321 119 THE
345 80 471 118 NEW
494 76 971 118 ECCLESIASTICAL
994 75 1221 121 SYSTEM,
1251 85 1404 124 1523u4
1442 85 1512 121 129

171 186 338 232 Octavo,
358 183 533 234 sequitur
553 190 635 221 tota
657 182 720 220 illa
740 179 986 220 abominatio
1007 179 1069 217 cui
1091 178 1232 217 servire
1254 185 1435 215 coactum
1458 185 1515 215 est

117 238 306 291 quicquid
341 238 380 276 in
415 237 539 276 Missa
578 235 799 287 praecessit,
836 235 943 273 unde
977 241 1015 272 et
1053 232 1302 282 Offerlorium
1341 239 1512 269 vocatur.

118 296 168 333 Et
194 293 288 332 hinc
316 292 450 331 onmia
476 293 556 330 fere
585 298 727 330 sonant
757 297 796 328 et
823 290 931 327 olent
959 286 1214 326 oblationem.
1277 287 1324 323 In
1346 298 1513 334 quorum

118 348 250 387 medio
271 347 389 386 verba
409 346 474 384 illa
493 345 594 384 vitae
615 352 654 384 et
675 343 834 383 salutis¹
857 342 912 381 sic
939 341 1066 392 posita
1094 348 1183 379 sunt
1211 353 1283 378 ceu
1309 339 1403 378 olim
1428 351 1518 377 arca

118 401 282 441 Domini
303 400 342 440 in
358 401 508 451 templo
524 399 718 438 idolorum
737 398 842 436 iuxta
864 398 1018 447 Dagon.
1041 425 1049 434 .
1074 426 1081 434 .
1106 425 1113 432 .
1137 394 1309 433 Proinde
1330 393 1517 432 omnibus

117 456 190 495 illis
215 454 428 507 repudiatis
455 467 557 504 quae
582 452 824 492 oblationem
850 458 1006 498 sonant,
1026 463 1117 488 cum
1139 448 1321 487 universo
1350 449 1514 492 canone,

117 510 355 550 retineamus
383 521 484 559 quae
511 521 608 558 pura
634 514 671 546 et
699 514 834 545 sancta
861 512 963 552 sunt,
992 517 1038 542 ac
1063 503 1119 542 sic
1148 502 1314 541 Missam
1343 508 1517 540 nostram

118 563 317 603 ordiamur
332 579 394 602 :—

171 616 233 670 (1)
262 617 345 657 Sub
363 617 536 667 Symbola
552 617 612 654 vel
629 622 717 666 post
738 616 928 654 Canonem
947 611 996 665 [v.
1011 613 1033 650 l.
1056 608 1292 662 Concionem]
1310 617 1519 662 apparetur

120 672 233 724 panis
263 679 301 711 et
329 670 466 710 vinum
495 671 547 709 ad
576 668 898 708 benedictionem
929 667 1002 705 ritu
1034 665 1161 712 solito,
1193 664 1267 704 nisi
1297 665 1407 714 quod
1436 677 1517 702 non

120 725 304 766 constitui
336 737 493 764 mecum
523 723 780 762 miscendane
810 722 858 760 sit
898 734 1001 771 aqua
1041 720 1145 767 vino,
1181 731 1410 769 quanquam
1440 718 1518 755 huc

120 780 267 819 inclino
296 787 339 818 ut
360 792 510 818 merum
531 777 663 829 potius
683 776 818 814 vinum
840 783 996 825 paretur
1015 775 1165 823 absque
1185 785 1312 822 aquae
1339 771 1517 810 mixtura.

122 866 128 873 .
153 865 160 873 .
185 865 192 872 .
217 835 375 872 Merum
407 832 542 871 vinum
572 831 677 870 enim
709 831 871 881 pulchre
902 830 1039 879 figurat
1072 828 1281 878 puritatem
1316 824 1519 865 doctrinae

123 887 393 938 Evangelicae.
427 918 433 925 .
468 918 474 924 .
508 917 515 925 .
546 888 699 924 Tamen
730 892 865 923 contra
906 883 1126 922 libertatem
1158 894 1238 919 non
1269 880 1518 918 introducam

121 944 247 993 legem
275 940 595 992 superstitiosam.
628 971 634 977 .
669 971 675 977 .
709 971 716 977 .

174 996 234 1048 (2)
264 998 465 1046 Apparato
485 1008 587 1045 pane
604 1002 641 1032 et
657 993 748 1031 vino
765 1006 856 1031 mox
877 992 1111 1041 procedatur
1131 991 1182 1028 ad
1203 990 1309 1027 hunc
1331 988 1495 1026 modum
1514 1003 1520 1025 :

124 1050 346 1089 ‘Dominus
390 1048 620 1094 vobiscum‚'
661 1049 708 1086 R.
753 1048 825 1084 ‘Et
864 1059 954 1084 cum
1001 1044 1136 1095 spiritu
1183 1045 1275 1082 tuo.'
1335 1044 1519 1081 ‘Sursum

122 1105 265 1152 corda‚'
282 1105 330 1141 R.
351 1106 360 1122 ‘
375 1103 608 1142 Habeamus
628 1102 679 1140 ad
698 1100 941 1139 Dominum!
975 1098 1150 1137 ‘Gratias
1165 1109 1327 1147 agamus
1345 1095 1522 1134 Domino

126 1160 214 1197 Deo
238 1159 396 1204 nostro,'
419 1158 466 1196 R.
493 1155 689 1206 ‘Dignum
713 1162 750 1193 et
771 1154 915 1193 iustum
938 1154 1020 1192 est.'
1080 1154 1204 1190 ‘Vere
1225 1150 1414 1200 dignum‚'
1435 1149 1523 1187 &cs2

123 1244 129 1251 .
163 1243 170 1251 .
205 1243 213 1252 .
250 1216 340 1262 ‘per
356 1210 558 1250 Christum
581 1209 801 1248 Dominum
823 1208 1026 1246 nostrum.'
1086 1205 1267 1244 Deinde:

176 1265 236 1318 (3)
268 1264 371 1315 ‘Qui
393 1264 517 1315 pridie
532 1277 651 1314 quam
670 1270 876 1313 pateretur,
895 1260 1047 1310 accepit
1062 1273 1218 1310 panem,
1233 1257 1374 1308 gratias
1389 1270 1519 1307 agens,

125 1320 234 1372 fregit
255 1319 444 1370 deditque
465 1317 668 1368 discipulis
685 1317 763 1355 suis
781 1316 917 1354 dicens
935 1332 941 1353 :
971 1318 993 1335 “
1008 1314 1198 1364 Accipite,
1218 1311 1427 1358 comedite,
1446 1312 1522 1348 hoc

124 1382 181 1414 est
201 1386 343 1424 corpus
364 1386 509 1420 meum,
532 1373 641 1422 quod
663 1385 732 1422 pro
752 1371 863 1409 vobis
885 1370 1033 1408 datur.''
1083 1367 1267 1407 Similiter
1288 1373 1326 1404 et
1347 1365 1521 1410 calicem,

125 1436 335 1479 postquam
356 1426 548 1473 coenavit,
571 1426 733 1464 dicens:
776 1424 892 1462 “Hic
923 1423 1022 1462 calix
1053 1430 1110 1461 est
1142 1420 1245 1460 Novi
1276 1419 1522 1458 Testamenti

126 1482 164 1521 in
199 1495 288 1521 meo
322 1480 511 1532 sanguine
546 1480 613 1530 qui
648 1493 717 1530 pro
751 1478 863 1517 vobis
894 1486 931 1516 et
963 1490 1033 1528 pro
1068 1475 1200 1514 multis
1235 1473 1448 1513 effunditur
1486 1472 1524 1510 in

127 1535 397 1575 remissionem
435 1541 699 1585 peccatorum.
761 1535 875 1571 Haec
914 1531 1229 1582 quotiescunque
1269 1527 1447 1574 feceritis,
1486 1526 1523 1564 in

127 1590 203 1629 mei
241 1589 472 1629 memoriam
512 1587 721 1627 faciatis.⁷⁷'
792 1588 905 1625 Haec
944 1586 1062 1624 verba
1101 1583 1247 1624 Christi
1286 1583 1403 1620 velim
1436 1612 1442 1619 .
1475 1611 1482 1619 .
1516 1611 1522 1618 .

126 1643 165 1682 in
193 1657 241 1683 eo
267 1652 364 1682 tono
390 1644 497 1682 vocis
523 1641 674 1681 recitari
702 1654 782 1691 quo
809 1639 961 1679 canitur
987 1639 1081 1677 alias
1106 1637 1231 1675 oratio
1261 1634 1463 1674 dominica
1487 1633 1525 1671 in

127 1699 303 1746 Canone,
325 1705 367 1736 ut
393 1711 416 1735 a
445 1695 790 1735 circumstantibus
818 1693 942 1744 possit
969 1692 1105 1738 audiri,
1137 1702 1366 1741 quanquam
1394 1688 1434 1726 in
1464 1687 1524 1726 his

127 1752 311 1790 omnibus
341 1751 498 1790 libertas
529 1750 576 1788 sit
606 1749 679 1799 piis
710 1748 920 1793 mentibus,
952 1748 1013 1785 vel
1043 1745 1200 1784 silenter
1229 1745 1289 1782 vel
1320 1743 1449 1792 palam
1480 1754 1525 1779 ea

127 1806 243 1844 verba
263 1805 434 1844 recitare.

182 1858 242 1911 (4)
272 1859 401 1898 Finita
420 1857 711 1905 benedictione,
735 1858 877 1895 chorus
903 1862 1033 1894 cantet
1056 1855 1229 1899 Sancfus,
1254 1859 1291 1890 et
1313 1851 1386 1889 sub
1408 1857 1525 1888 cantu

129 1914 353 1952 Benedictus
372 1914 545 1952 elevetur
566 1911 677 1962 panis
698 1918 735 1949 et
756 1910 865 1948 calix.
901 1941 908 1948 .

186 1967 242 2018 (5)
272 1969 367 2006 Post
383 1968 480 2005 haec
497 1968 646 2016 legatur
670 1966 808 2004 Oratio
824 1964 1032 2002 Domt'm'ca
1054 1962 1107 2000 sic
1125 1977 1131 1999 ;
1161 1964 1171 1980 ‘
1187 1961 1368 1999 Oremus.
1418 1960 1527 1996 Prae-

130 2021 252 2071 ceptis
300 2020 534 2060 salutaribus
582 2018 746 2065 moniti‚'
795 2019 867 2056 &o
916 2016 1061 2055 omissa
1115 2014 1292 2053 oratione
1347 2011 1526 2062 sequenti

133 2074 321 2123 ‘Libera‚'
348 2077 433 2122 δὶα,
466 2087 556 2112 cum
598 2072 783 2111 omnibus
825 2071 944 2121 signis
988 2083 1090 2121 quae
1119 2068 1201 2107 fieri
1242 2068 1369 2106 solent
1411 2079 1527 2116 super

132 2128 299 2167 hostiam
335 2136 372 2168 et
399 2141 490 2166 cum
526 2127 653 2166 hostia
687 2140 804 2176 super
837 2125 1012 2171 calicem,
1047 2136 1120 2162 nec
1154 2124 1352 2172 frangatur
1386 2118 1528 2165 hostia,

132 2194 205 2220 nec
253 2182 292 2220 in
340 2182 503 2221 calicem
553 2181 773 2220 misceatur.
850 2180 929 2218 Sed
977 2177 1108 2217 statim
1157 2183 1246 2227 post
1295 2173 1525 2214 Orationem

134 2235 385 2275 Dominicam
431 2236 584 2275 dicatur
629 2237 733 2273 ‘Pax
774 2232 962 2279 Domini‚'
1001 2234 1085 2278 δια,
1127 2243 1229 2280 quae
1272 2236 1330 2267 est
1368 2228 1527 2278 publica

133 2291 327 2338 quaedam
370 2289 568 2328 absolutio
604 2302 628 2327 a
662 2287 834 2340 peccatis
873 2284 1268 2329 communicantium,
1302 2295 1376 2319 vox
1412 2281 1528 2330 plane

178 2368 190 2387 ¹
212 2369 284 2402 The
299 2371 420 2402 Words
435 2371 473 2402 of
486 2370 683 2402 Institution.

176 2412 187 2428 ²
209 2413 381 2455 Omitting,
399 2415 419 2445 i.
431 2425 470 2453 e.‚
490 2415 613 2455 Proper
630 2413 788 2453 Prefaces,
804 2412 952 2449 Sanctus,
968 2410 1174 2447 Benedictus,
1189 2407 1264 2446 and,
1282 2407 1313 2436 in
1331 2405 1385 2436 the
1401 2404 1529 2441 Canon,

135 2456 144 2471 ⁴
156 2456 204 2486 Te
220 2456 326 2496 igitur.
346 2481 353 2489 .
372 2482 378 2489 .
398 2482 404 2489 .
422 2458 530 2498 Quam
548 2455 771 2488 oblationem.’

186 2528 249 2559 944
811 2522 837 2546 κ
