1715 2780
167 120 236 144 102
324 108 679 146 RADICALISM
710 108 783 145 AT
813 108 1206 155 WITTENBERG,
1244 119 1395 157 1521-2
1507 117 1557 156 52

161 218 219 249 est
238 212 419 260 βάσανος,
441 211 627 260 probator
647 210 786 249 unicus
809 209 1122 249 Christianorum
1144 218 1181 249 et
1202 217 1330 249 certus
1351 210 1556 261 spirituum

161 265 359 303 discretor.
432 265 502 304 Vis
542 264 639 303 scire
678 265 821 311 locum,
858 271 1025 315 tempus,
1068 265 1232 303 modum
1271 264 1558 315 colloquiorum

161 319 414 358 divinorum?
471 318 577 358 Audi
595 334 601 356 :
625 322 633 338 ‘
650 318 758 358 Sicut
779 320 841 357 leo
862 318 1044 357 contrivit
1065 317 1199 357 omnia
1219 331 1308 357 ossa
1327 320 1438 357 mea.’
1469 349 1476 357 .
1509 349 1516 357 .
1549 348 1556 357 .

162 375 255 412 Non
295 373 350 412 sic
382 373 553 423 loquitur
587 373 773 411 Maiestas
806 372 863 422 (ut
895 372 1054 423 vocant)
1092 372 1330 421 immediate,
1364 379 1407 411 ut
1437 374 1560 411 homo

162 426 317 466 videat:
351 427 442 474 imo,
478 429 592 465 ‘Non
617 426 766 466 videbit
798 441 861 465 me
892 427 1014 465 homo
1046 434 1084 465 et
1113 426 1238 465 vivet.'
1271 457 1278 464 .
1310 457 1317 465 .
1351 457 1358 465 .
1392 429 1442 466 Et
1463 426 1559 478 quid

162 483 302 531 plura?
359 481 483 531 Quasi
520 481 706 519 Maiestas
742 480 865 531 possit
896 494 987 519 cum
1018 488 1148 519 vetere
1180 480 1341 520 homine
1372 481 1481 532 loqui
1509 482 1561 519 fa-

162 535 371 583 miliariter,
402 543 440 574 et
469 548 550 574 non
580 535 685 585 prius
715 534 896 574 occidere
925 542 1044 585 atque
1073 534 1278 583 exsiccare,
1311 549 1361 574 ne
1387 536 1560 574 foeteant

162 591 304 628 odores
326 589 408 628 eius
429 589 599 640 pessimi,
623 603 714 628 cum
744 589 792 628 sit
822 588 921 639 ignis
943 603 1193 628 consumens.
1254 589 1384 628 Etiam
1407 589 1561 628 somnia

161 651 199 683 et
220 643 389 682 visiones
420 651 645 682 sanctorum
676 651 766 682 sunt
796 643 985 682 terribiles
1016 645 1153 682 saltem
1184 650 1395 694 postquam
1424 643 1561 682 intelli-

160 705 314 748 guntur.
373 699 502 737 Tenta
536 711 627 748 ergo
659 705 697 736 et
732 712 781 737 ne
812 699 945 737 Iesum
976 697 1137 747 quidem
1167 697 1304 736 audias
1333 698 1561 748 gloriosum,

160 752 233 790 nisi
256 751 397 792 videris
418 752 523 802 prius
545 752 783 791 crucifixum.

215 808 279 845 Ad
310 820 479 854 causam,
512 806 677 856 inquies,
709 806 837 856 quid?
910 808 1003 844 Hoc
1033 805 1138 844 enim
1168 814 1226 845 est
1254 806 1351 845 alios
1381 808 1559 854 refutare,

161 874 241 899 non
269 868 401 899 nostra
430 861 606 911 probare.
664 862 717 898 At
747 862 823 899 hoc
853 861 1057 910 quomodo
1091 873 1253 910 possum
1283 860 1436 909 absens,
1468 874 1559 900 cum

161 914 336 965 ignorem
358 915 455 965 quid
477 922 672 962 moveant,
691 914 721 953 si
738 914 834 952 nihil
855 914 963 953 aliud
983 914 1153 953 excitant
1169 928 1287 965 quam
1304 913 1425 954 illud:
1458 915 1561 964 ‘Qui

161 968 370 1008 crediderit
400 977 437 1007 et
467 969 685 1019 baptizatus
715 968 796 1017 fuit,
827 970 955 1007 salvus
985 968 1079 1016 erit‚'
1109 976 1147 1007 et
1176 970 1285 1019 quod
1314 968 1463 1019 parvuli
1493 982 1561 1020 per

160 1036 201 1061 se
232 1036 312 1061 non
341 1024 515 1062 credant.
574 1025 735 1061 Prorsus
765 1037 828 1061 me
858 1022 954 1060 nihil
984 1030 1155 1061 movent.
1214 1024 1432 1072 Quomodo
1456 1023 1560 1062 enirn

160 1078 386 1127 probabunt
416 1090 483 1116 eos
513 1090 593 1115 non
622 1078 814 1116 credere?
869 1079 922 1115 At
951 1077 1059 1127 quod
1089 1090 1171 1115 non
1198 1078 1414 1127 loquuntur
1442 1085 1480 1116 et
1504 1091 1562 1116 os-

160 1132 330 1170 tendunt
360 1132 491 1178 fidem,
516 1132 689 1182 pulchre.
750 1133 841 1169 Hac
870 1130 1020 1169 ratione
1047 1138 1145 1181 quot
1174 1131 1279 1170 horis
1301 1139 1339 1170 et
1359 1145 1431 1170 nos
1453 1131 1562 1172 Chri-

161 1185 276 1224 stiani
310 1185 465 1233 erimus,
498 1187 593 1225 dum
621 1184 839 1225 dormimus
869 1193 906 1224 et
933 1186 1009 1223 alia
1034 1185 1236 1224 facimus?
1292 1188 1440 1225 Annon
1470 1199 1561 1236 ergo

161 1241 303 1278 eodem
326 1241 448 1279 modo
468 1247 598 1290 potest
621 1242 730 1279 Deus
751 1247 835 1278 toto
856 1239 1042 1278 infantiae
1063 1246 1251 1289 ternpore,
1274 1253 1346 1278 ceu
1371 1239 1561 1278 continuo

162 1307 314 1341 somno,
352 1295 471 1333 fidem
507 1293 545 1332 in
581 1293 654 1332 illis
690 1295 870 1333 servare?
928 1295 1052 1340 Bene,
1081 1292 1245 1343 inquies,
1278 1295 1354 1332 hoc
1385 1295 1562 1332 confutat

161 1347 403 1387 adversarios
433 1349 483 1386 de
514 1349 592 1387 fide
621 1347 698 1386 iam
729 1347 866 1386 infusa.
925 1349 978 1385 At
1016 1348 1091 1386 hoc
1126 1348 1281 1386 interim
1320 1347 1462 1386 sufficit
1494 1362 1561 1386 eos

162 1401 326 1440 inveniri
351 1403 447 1440 tales
476 1401 544 1452 qui
575 1401 670 1440 nihil
697 1402 864 1452 probent
895 1409 932 1440 et
962 1402 1059 1439 falso
1089 1400 1224 1450 spiritu
1254 1401 1443 1440 commoti
1472 1401 1559 1440 sint.

164 1456 273 1505 Quid
304 1456 353 1495 de
383 1456 629 1495 infundenda
658 1455 785 1495 dicis?
844 1455 951 1494 Nihil
986 1462 1044 1493 est
1075 1454 1267 1505 reliquum
1301 1469 1456 1505 prorsus
1488 1455 1562 1494 nisi

163 1511 261 1549 fides
282 1511 410 1549 aliena
430 1524 549 1561 quam
571 1509 602 1548 si
623 1518 791 1549 statuere
813 1524 892 1548 non
915 1522 1136 1559 possumus,
1159 1509 1255 1547 nihil
1277 1509 1560 1560 disputandum

162 1572 219 1603 est
241 1565 310 1603 sed
332 1563 559 1615 simpliciter
579 1565 829 1604 damnandus
852 1563 1067 1614 baptismus
1088 1565 1349 1613 parvulorum.

217 1620 278 1657 Tu
314 1618 412 1657 dicis
447 1618 600 1657 infirma
638 1632 722 1658 esse
757 1620 936 1669 exempla
970 1617 1061 1656 fidei
1096 1616 1279 1656 alienae?
1345 1619 1430 1668 Ego
1466 1617 1561 1656 nihil

163 1673 311 1711 firmius
333 1686 417 1711 esse
439 1672 540 1712 dico.
564 1703 571 1711 .
595 1703 602 1711 .
628 1705 634 1712 .
667 1675 749 1712 Stat
771 1673 876 1712 enim
898 1671 1024 1711 fidelis
1046 1671 1253 1721 promissio
1270 1671 1426 1719 Christi,
1446 1673 1560 1710 Matt.

163 1726 252 1765 xviii
294 1726 379 1779 [19]
433 1727 497 1765 ‘Si
546 1728 627 1766 duo
676 1740 791 1777 super
838 1734 990 1774 terram,
1040 1726 1126 1763 etc.'
1174 1734 1212 1764 et
1263 1727 1562 1776 ‘Quaecunque

163 1781 361 1831 petieritis,
395 1781 541 1820 credite
571 1781 663 1831 quia
690 1781 900 1831 accipietis,
933 1788 971 1819 et
999 1780 1093 1818 fient
1115 1780 1225 1818 vobis
1243 1782 1261 1818 '.
1286 1811 1292 1818 .
1316 1811 1324 1818 .
1347 1810 1356 1818 .
1391 1781 1442 1818 Et
1466 1779 1562 1830 quid

164 1836 305 1885 plura?
361 1835 607 1874 Testimonia
635 1843 672 1874 et
703 1837 881 1886 exempla
908 1834 1026 1873 totius
1054 1832 1274 1885 Scripturae
1301 1841 1405 1872 stant
1433 1847 1456 1872 a
1484 1835 1562 1872 fide

163 1888 300 1936 aliena,
319 1888 340 1927 i.
357 1902 402 1937 e.‚
421 1902 443 1926 a
464 1888 619 1940 propria
640 1890 718 1928 fide
734 1903 835 1939 quae
856 1889 1037 1940 impetret
1057 1889 1166 1927 alteri
1183 1890 1302 1928 fidem
1320 1895 1358 1927 et
1373 1887 1562 1939 quicquid

164 1944 280 1981 volet.
305 1971 313 1980 .
337 1971 344 1980 .
368 1972 375 1981 .

220 1996 324 2036 Cum
358 1995 472 2047 igitur
502 1997 553 2036 ad
588 1996 826 2047 baptismum
861 1999 996 2036 afferre
1028 2013 1109 2038 non
1143 1997 1191 2037 sit
1221 1997 1328 2036 aliud
1359 2010 1478 2047 quam
1511 1997 1563 2035 ad

166 2050 367 2091 Christum
403 2058 647 2100 praesentem
683 2059 721 2089 et
756 2065 894 2090 manus
933 2052 1077 2101 gratiae
1111 2050 1352 2103 aperientem
1386 2050 1425 2089 in
1464 2057 1564 2089 terra

166 2106 314 2152 offerre,
333 2112 371 2143 et
387 2104 450 2143 ille
467 2104 655 2143 universis
677 2105 864 2155 exemplis
886 2106 1102 2145 ostenderit
1123 2119 1208 2145 sese
1228 2112 1433 2156 acceptare
1453 2105 1562 2154 quod

166 2159 345 2197 offertur:
376 2172 444 2197 cur
464 2158 527 2197 hic
544 2158 800 2197 dubitamus?
847 2160 992 2197 Saltem
1015 2161 1091 2199 hoc
1112 2158 1312 2210 prophetis
1334 2158 1414 2197 istis
1435 2158 1564 2197 abstu-

167 2213 281 2251 limus
312 2226 361 2251 ne
385 2212 536 2262 possint
563 2225 632 2250 sua
648 2213 824 2262 probare,
847 2226 937 2251 cum
959 2213 1060 2252 desit
1081 2213 1135 2252 eis
1157 2213 1379 2262 exemplum
1401 2219 1440 2250 et
1460 2211 1563 2250 testi-

168 2266 344 2306 monium
366 2265 480 2305 nobis
501 2274 633 2305 autem
654 2266 784 2305 adsint
805 2266 1029 2305 testimonia
1050 2275 1088 2305 et
1108 2267 1298 2316 exempla,
1321 2273 1405 2304 tum
1426 2278 1561 2304 eorum

167 2320 436 2359 testimonium
485 2319 599 2358 nobis
644 2334 725 2358 non
766 2327 965 2370 repugnat.
1038 2320 1137 2370 Quis
1177 2319 1282 2359 enirn
1321 2319 1376 2358 sic
1414 2327 1559 2369 arguet,

167 2375 411 2414 credendum
449 2382 507 2413 est
548 2381 585 2413 et
627 2373 917 2424 baptizandum,
954 2387 1045 2424 ergo
1083 2373 1233 2424 parvuli
1262 2386 1343 2412 non
1377 2380 1468 2412 sunt
1498 2373 1564 2412 ba-

168 2429 350 2479 ptizandi.
402 2429 495 2467 Non
516 2427 620 2467 enim
642 2442 688 2467 ex
709 2429 785 2466 hoc
806 2429 894 2467 loco
915 2427 1029 2467 istam
1047 2427 1371 2478 consequentiam
1394 2428 1559 2475 trahent,

168 2497 257 2521 cum
280 2497 359 2521 non
382 2483 520 2533 probet
537 2483 716 2532 parvulos
734 2496 812 2520 non
830 2483 998 2530 credere,
1014 2484 1122 2533 quod
1139 2481 1211 2532 ipsi
1227 2488 1560 2532 praesupponunt,
