1715 2780
231 86 303 122 188
488 84 607 121 THE
648 84 1082 123 ORGANIZATION
1123 84 1194 122 OF
1231 84 1350 121 THE
1572 95 1619 131 91

225 182 267 217 of
288 182 522 218 Ordinances
549 182 726 226 (Herzog,
745 193 775 216 x.
796 181 887 224 460;
919 181 962 216 cf.
982 181 1126 224 Ranke,
1144 182 1225 226 Res.
1243 181 1328 226 668)
1357 181 1394 216 in
1422 181 1619 226 Hamburg

229 239 330 274 1529,
352 230 501 265 Lubeck
523 238 622 274 1531,
644 228 863 263 Pomerania
884 236 985 273 1535,
1003 229 1079 263 and
1102 227 1497 273 Schleswig-Holstein
1519 237 1617 273 1542.

225 278 306 312 The
324 279 332 295 ⁴
346 277 612 312 Gotteskasten
627 276 646 320 ',
665 287 705 311 as
724 282 760 311 at
780 276 938 321 Leisnig,
953 287 1047 311 were
1065 275 1266 321 important
1282 276 1441 312 features
1460 276 1497 311 in
1515 276 1618 311 these

223 331 513 369 arrangementS.

282 427 371 470 No.
396 438 461 479 91.
525 426 764 469 Mandate
796 425 854 469 of
876 426 962 469 the
992 425 1187 480 Bishop
1219 426 1277 469 of
1301 426 1563 478 Samland‚

757 485 813 526 28
833 484 866 537 J
868 496 949 527 an.
972 495 1093 538 1524.

279 563 471 613 Georgius
492 562 612 601 solius
631 562 707 600 Dei
726 561 847 611 gratia
862 561 1084 612 Episcopus
1102 562 1343 601 Sambiensis
1361 562 1619 602 Honorandis

225 616 339 655 nobis
370 617 409 654 in
432 616 591 657 Christo
611 616 764 655 dilectis
792 615 970 667 plebanis
995 616 1034 654 in
1057 618 1088 654 F
1090 616 1351 655 ischhausen¹
1371 618 1422 656 ad
1442 617 1479 655 S.
1502 617 1620 656 Adal-

223 671 376 710 bertum
391 670 608 721 ceterisque
622 670 783 720 singulis
796 670 939 720 quibus
952 671 1028 708 hoc
1045 671 1276 710 mandatum
1289 678 1348 710 est
1361 672 1618 718 offerendum,

222 726 389 763 salutem
410 725 449 763 in
471 724 659 763 Domino.

278 780 402 817 Haud
437 792 636 829 quaquam
671 791 740 816 vos
781 778 956 828 ignorare
987 779 1220 817 arbitramur
1254 793 1372 829 (1113111
1405 781 1520 819 foede
1552 780 1620 818 mi-

224 846 386 882 sereque
415 847 438 871 a
468 832 600 870 multis
629 832 742 870 annis
772 834 946 883 collapsa
980 832 1027 871 sit
1062 833 1286 872 Christiana
1319 835 1619 884 orthodoxaque

223 886 368 936 religio,
396 888 722 936 quandoquidem
750 887 867 925 etiam
897 886 923 924 ii
953 886 1020 936 qui
1045 887 1270 926 Christiano
1299 887 1462 926 nomine
1490 890 1619 938 appel-

223 942 351 978 lantur
371 954 451 978 non
478 942 566 990 plus
594 954 699 979 nunc
726 948 861 979 tenent
884 940 1129 980 Christianae
1152 941 1432 991 intelligentiae
1453 955 1571 992 quam
1592 942 1618 980 ii

224 1048 425 1098 periuntur
451 1048 689 1098 sexagenarii
717 1056 837 1098 atque
865 1048 1054 1098 decrepiti
1078 1049 1145 1098 qui
1175 1049 1355 1088 nesciunt
1382 1050 1479 1100 quid
1508 1050 1547 1088 in
1577 1064 1619 1089 se

223 1102 423 1141 contineat
440 1102 624 1152 baptismi
638 1102 840 1153 professio.
876 1103 1008 1151 Quam
1022 1102 1183 1152 quidem
1200 1102 1460 1153 ignorantiam
1477 1117 1618 1154 magna

223 1170 269 1194 ex
302 1164 410 1206 parte
444 1156 536 1194 huic
571 1156 850 1196 consuetudini
882 1156 1156 1206 imputandam
1196 1157 1475 1206 existimamus,
1509 1159 1617 1208 quod

223 1210 355 1260 ignota
371 1212 487 1260 vulgo
508 1210 649 1261 lingua,
673 1211 712 1249 id
733 1218 791 1248 est
811 1210 930 1249 latina
947 1218 1110 1257 tantum,
1130 1212 1320 1249 hactenus
1340 1213 1446 1262 apud
1463 1219 1617 1250 nostros

223 1264 462 1314 baptizatum
483 1264 541 1302 sit.
603 1264 806 1314 Siquidem
828 1264 924 1302 nihil
945 1272 1109 1314 prosunt
1129 1264 1472 1315 circumstantibus
1493 1266 1617 1304 sancti

221 1318 407 1367 baptismi
429 1326 466 1356 et
487 1318 692 1357 exorcismi
706 1319 835 1365 verba,
851 1318 986 1368 ignoto
1007 1331 1188 1357 sermone
1202 1321 1364 1368 prolata,
1380 1333 1482 1370 quae
1498 1319 1615 1358 etiam

222 1372 394 1410 fortassis
425 1385 475 1410 ne
505 1372 589 1421 ipse
629 1372 791 1422 quidem
826 1372 893 1421 qui
929 1372 1100 1422 baptizat
1132 1374 1223 1410 satis
1258 1380 1392 1412 exacte
1425 1373 1615 1424 intelligit.

224 1425 332 1474 Quid
354 1426 459 1464 enim
481 1426 655 1464 utilitatis
680 1434 745 1464 aut
776 1427 922 1464 fructus
946 1427 1109 1464 accedat
1132 1426 1388 1474 auditoribus,
1418 1440 1508 1466 curn
1535 1441 1615 1466 non

222 1479 441 1529 intelligant
472 1479 567 1529 quid
598 1482 645 1518 sit
676 1481 784 1530 quod
815 1493 996 1518 sermone
1030 1479 1123 1530 ipsis
1159 1480 1360 1531 incognito
1394 1483 1617 1531 profertur?

224 1535 309 1571 Nec
329 1535 456 1571 solum
478 1534 615 1572 inutile
646 1547 780 1573 verum
802 1533 919 1572 etiam
942 1535 1151 1572 molestum
1173 1534 1245 1573 fuit
1271 1534 1615 1574 circumstantibus

221 1587 355 1626 audire
382 1588 651 1637 presbyterum
674 1588 792 1626 verba
815 1587 908 1637 ipsis
936 1602 1016 1625 non
1048 1588 1245 1627 intellecta
1265 1596 1484 1627 sonantem.
1542 1592 1616 1628 Par

223 1649 279 1679 est
315 1655 394 1679 non
426 1642 603 1691 ignorare
635 1642 730 1692 quid
763 1641 810 1680 sit
844 1643 895 1680 ad
929 1643 1038 1692 quod
1072 1644 1298 1692 respondes.
1358 1643 1466 1692 Quid
1501 1643 1615 1694 igitur

222 1696 519 1745 respondebunt
553 1696 861 1743 circumstantes,
899 1696 929 1734 si
969 1696 1145 1735 nesciant
1179 1697 1275 1746 quid
1307 1696 1516 1747 interroget
1548 1706 1614 1736 aut

221 1749 325 1787 dicat
356 1750 587 1799 baptizans?
644 1750 810 1788 Accedit
835 1751 885 1788 ad
917 1751 992 1788 hoc
1023 1763 1095 1788 nee
1123 1751 1294 1789 defuisse
1315 1764 1381 1789 eos
1411 1751 1477 1801 qui
1507 1751 1546 1789 in
1575 1765 1614 1790 re

221 1812 298 1840 tam
322 1803 419 1841 seria
435 1812 513 1841 tam
532 1804 595 1853 pia
615 1812 694 1842 tam
709 1811 843 1842 sancta
863 1803 1074 1854 divinaque
1095 1805 1147 1843 ob
1167 1804 1358 1843 sermonis
1379 1805 1612 1855 imperitiam

221 1856 465 1905 saepiuscule
486 1859 535 1895 ad
557 1857 754 1896 levitatem
775 1866 893 1907 atque
914 1858 1129 1896 cachinnos
1150 1858 1336 1896 concitati
1356 1866 1457 1897 sunt.

276 1910 446 1949 Proinde
468 1924 536 1948 vos
557 1924 694 1949 omnes
716 1913 916 1950 hortamur
943 1911 982 1949 in
1010 1912 1179 1959 Christo,
1202 1912 1413 1950 rebellibus
1440 1913 1612 1963 denique

220 1964 250 2001 si
285 1964 351 2013 qui
387 1965 523 2011 forent,
556 1966 664 2014 quod
695 1965 807 2011 absit,
844 1966 1090 2012 mandamus,
1122 1967 1341 2004 secundum
1376 1974 1611 2016 potestatem

220 2031 337 2067 quam
375 2018 571 2055 Dominus
598 2018 707 2056 (ledit
742 2018 856 2057 nobis
887 2019 925 2056 in
955 2019 1270 2057 aedificationem
1301 2026 1339 2057 et
1369 2033 1449 2058 non
1479 2020 1519 2058 in
1548 2021 1612 2059 de-

219 2071 485 2118 structionem,
509 2079 550 2110 ut
577 2071 615 2109 in
644 2072 903 2110 concionibus
924 2072 1059 2111 vestris
1086 2072 1364 2122 promissiones
1395 2072 1546 2112 divinas
1573 2083 1611 2113 et

219 2125 402 2174 baptismi
423 2125 498 2162 vim
523 2127 670 2175 populo
688 2134 868 2164 accurate
884 2126 1082 2175 explicetis
1099 2135 1136 2164 et
1158 2127 1379 2176 frequenter
1394 2128 1608 2176 inculcetis,

218 2187 255 2217 et
275 2180 376 2217 facta
390 2178 524 2229 populi
541 2179 794 2217 instructione
816 2181 946 2229 lingua
959 2180 1145 2229 deinceps
1166 2182 1373 2218 vernacula
1393 2180 1608 2230 baptizetis,

221 2232 387 2271 maxime
408 2234 513 2283 apud
535 2246 630 2282 quas
655 2234 875 2271 Teutonica
901 2233 1031 2282 lingua
1046 2235 1057 2253 ²
1078 2233 1188 2283 viget.
1249 2233 1312 2272 Sic
1336 2234 1467 2284 itaque
1487 2234 1609 2285 bapti-

263 2320 270 2336 ¹
297 2319 368 2350 The
385 2319 551 2360 episcopal
568 2319 729 2351 residence
746 2330 787 2350 on
804 2319 858 2351 the
876 2320 1006 2351 Frische
1024 2320 1112 2352 Hasr‘.

262 2362 274 2380 ²
297 2363 370 2393 The
385 2362 638 2401 non-Teutonic,
652 2363 670 2394 i.
684 2373 710 2394 e.
725 2363 873 2403 original,
888 2364 1088 2394 inhabitants
1101 2368 1134 2394 at
1144 2363 1210 2395 this
1224 2365 1302 2396 time
1317 2375 1395 2396 were
1410 2360 1607 2405 Masurians,

220 2407 321 2446 Letts,
338 2406 461 2442 Knres:
486 2406 535 2436 sor
551 2406 659 2437 whom
674 2408 680 2422 ‘
693 2407 918 2448 Interpreters’
937 2418 1019 2438 were
1042 2413 1075 2438 to
1092 2408 1132 2438 be
1150 2408 1306 2448 provided
1320 2408 1494 2449 according
1504 2414 1538 2440 to
1553 2410 1608 2441 the

219 2450 348 2480 Church
367 2450 471 2480 Order
489 2450 525 2480 of
541 2450 632 2490 1526.
