<?xml version="1.0" encoding="UTF-8"?>
<!DOCTYPE html PUBLIC "-//W3C//DTD XHTML 1.0 Transitional//EN"
    "http://www.w3.org/TR/xhtml1/DTD/xhtml1-transitional.dtd">
<html xmlns="http://www.w3.org/1999/xhtml" xml:lang="en" lang="en">
 <head>
  <title>
</title>
<meta http-equiv="Content-Type" content="text/html;charset=utf-8" />
  <meta name='ocr-system' content='tesseract 3.04.00' />
  <meta name='ocr-capabilities' content='ocr_page ocr_carea ocr_par ocr_line ocrx_word'/>
</head>
<body>
  <div class='ocr_page' id='page_1' title='image "./docreform00kidd_0601.png"; bbox 0 0 1715 2780; ppageno 0'>
   <div class='ocr_carea' id='block_1_1' title="bbox 100 126 1494 178">
    <p class='ocr_par' dir='ltr' id='par_1_1' title="bbox 100 126 1494 178">
     <span class='ocr_line' id='line_1_1' title="bbox 100 126 1494 178; baseline -0.005 -9"><span class='ocrx_word' id='word_1_1' title='bbox 100 131 176 178; x_wconf 86' lang='lat'>287</span> <span class='ocrx_word' id='word_1_2' title='bbox 234 128 418 167; x_wconf 89' lang='lat' dir='ltr'>FAREL</span> <span class='ocrx_word' id='word_1_3' title='bbox 447 128 566 166; x_wconf 90' lang='lat' dir='ltr'>AND</span> <span class='ocrx_word' id='word_1_4' title='bbox 597 126 811 167; x_wconf 82' lang='lat' dir='ltr'><strong>CALVIN</strong></span> <span class='ocrx_word' id='word_1_5' title='bbox 842 127 903 165; x_wconf 89' lang='lat' dir='ltr'>IN</span> <span class='ocrx_word' id='word_1_6' title='bbox 934 126 1180 173; x_wconf 83' lang='lat' dir='ltr'>GENEVA,</span> <span class='ocrx_word' id='word_1_7' title='bbox 1206 126 1361 175; x_wconf 73' lang='lat' dir='ltr'>1536-ss</span> <span class='ocrx_word' id='word_1_8' title='bbox 1420 135 1494 174; x_wconf 83' lang='lat'>573</span> 
     </span>
    </p>
   </div>
   <div class='ocr_carea' id='block_1_2' title="bbox 99 229 1499 1310">
    <p class='ocr_par' dir='ltr' id='par_1_2' title="bbox 99 229 1497 824">
     <span class='ocr_line' id='line_1_2' title="bbox 100 229 1496 279; baseline -0.006 -4"><span class='ocrx_word' id='word_1_9' title='bbox 100 236 181 276; x_wconf 75' lang='lat' dir='ltr'>este</span> <span class='ocrx_word' id='word_1_10' title='bbox 210 233 427 273; x_wconf 76' lang='lat' dir='ltr'>remonstre</span> <span class='ocrx_word' id='word_1_11' title='bbox 456 239 659 272; x_wconf 88' lang='lat' dir='ltr'>comment</span> <span class='ocrx_word' id='word_1_12' title='bbox 688 233 766 270; x_wconf 87' lang='lat' dir='ltr'>l’on</span> <span class='ocrx_word' id='word_1_13' title='bbox 796 232 851 270; x_wconf 89' lang='lat' dir='ltr'>les</span> <span class='ocrx_word' id='word_1_14' title='bbox 881 244 904 269; x_wconf 92' lang='lat' dir='ltr'>a</span> <span class='ocrx_word' id='word_1_15' title='bbox 934 229 1026 269; x_wconf 90' lang='lat' dir='ltr'>bien</span> <span class='ocrx_word' id='word_1_16' title='bbox 1057 231 1168 268; x_wconf 90' lang='lat' dir='ltr'>volsu</span> <span class='ocrx_word' id='word_1_17' title='bbox 1193 242 1270 279; x_wconf 91' lang='lat' dir='ltr'>oyr‚</span> <span class='ocrx_word' id='word_1_18' title='bbox 1302 242 1366 268; x_wconf 89' lang='lat' dir='ltr'>car</span> <span class='ocrx_word' id='word_1_19' title='bbox 1395 242 1496 267; x_wconf 91' lang='lat' dir='ltr'>nous</span> 
     </span>
     <span class='ocr_line' id='line_1_3' title="bbox 102 282 1496 340; baseline -0.005 -12"><span class='ocrx_word' id='word_1_20' title='bbox 102 302 226 340; x_wconf 90' lang='lat' dir='ltr'>oyons</span> <span class='ocrx_word' id='word_1_21' title='bbox 242 289 454 337; x_wconf 89' lang='lat' dir='ltr'>chescung,</span> <span class='ocrx_word' id='word_1_22' title='bbox 472 294 510 325; x_wconf 91' lang='lat' dir='ltr'>et</span> <span class='ocrx_word' id='word_1_23' title='bbox 526 300 604 337; x_wconf 89' lang='lat' dir='ltr'>que</span> <span class='ocrx_word' id='word_1_24' title='bbox 624 292 752 325; x_wconf 82' lang='lat' dir='ltr'>estant</span> <span class='ocrx_word' id='word_1_25' title='bbox 766 284 868 324; x_wconf 87' lang='lat' dir='ltr'>este‘s</span> <span class='ocrx_word' id='word_1_26' title='bbox 882 284 1103 323; x_wconf 90' lang='lat' dir='ltr'>entendues</span> <span class='ocrx_word' id='word_1_27' title='bbox 1125 285 1209 322; x_wconf 91' lang='lat' dir='ltr'>leur</span> <span class='ocrx_word' id='word_1_28' title='bbox 1228 282 1496 334; x_wconf 89' lang='lat' dir='ltr'>propositions</span> 
     </span>
     <span class='ocr_line' id='line_1_4' title="bbox 101 336 1496 391; baseline -0.005 -8"><span class='ocrx_word' id='word_1_29' title='bbox 101 343 285 383; x_wconf 79' lang='lat' dir='ltr'>amene&#39;es</span> <span class='ocrx_word' id='word_1_30' title='bbox 314 343 522 391; x_wconf 81' lang='lat' dir='ltr'><strong>lesquelles</strong></span> <span class='ocrx_word' id='word_1_31' title='bbox 549 340 575 379; x_wconf 94' lang='lat' dir='ltr'>il</span> <span class='ocrx_word' id='word_1_32' title='bbox 603 354 653 380; x_wconf 90' lang='lat' dir='ltr'>ne</span> <span class='ocrx_word' id='word_1_33' title='bbox 681 347 853 390; x_wconf 91' lang='lat' dir='ltr'>peuvent</span> <span class='ocrx_word' id='word_1_34' title='bbox 882 336 1093 377; x_wconf 89' lang='lat' dir='ltr'>maintenir</span> <span class='ocrx_word' id='word_1_35' title='bbox 1112 337 1320 376; x_wconf 77' lang='lat' dir='ltr'>veritables</span> <span class='ocrx_word' id='word_1_36' title='bbox 1351 350 1420 387; x_wconf 89' lang='lat' dir='ltr'>par</span> <span class='ocrx_word' id='word_1_37' title='bbox 1440 338 1496 376; x_wconf 89' lang='lat' dir='ltr'>les</span> 
     </span>
     <span class='ocr_line' id='line_1_5' title="bbox 102 391 1496 447; baseline -0.005 -11"><span class='ocrx_word' id='word_1_38' title='bbox 102 396 359 447; x_wconf 89' lang='lat' dir='ltr'>Escriptures,</span> <span class='ocrx_word' id='word_1_39' title='bbox 390 408 512 434; x_wconf 88' lang='lat' dir='ltr'>avons</span> <span class='ocrx_word' id='word_1_40' title='bbox 544 395 747 445; x_wconf 77' lang='lat' dir='ltr'>pronunce</span> <span class='ocrx_word' id='word_1_41' title='bbox 777 393 908 432; x_wconf 90' lang='lat' dir='ltr'>icelles</span> <span class='ocrx_word' id='word_1_42' title='bbox 939 400 1039 431; x_wconf 89' lang='lat' dir='ltr'>estre</span> <span class='ocrx_word' id='word_1_43' title='bbox 1069 399 1240 431; x_wconf 81' lang='lat' dir='ltr'><strong>errantes</strong></span> <span class='ocrx_word' id='word_1_44' title='bbox 1271 393 1321 430; x_wconf 91' lang='lat' dir='ltr'>de</span> <span class='ocrx_word' id='word_1_45' title='bbox 1351 391 1496 430; x_wconf 80' lang='lat' dir='ltr'>verite:</span> 
     </span>
     <span class='ocr_line' id='line_1_6' title="bbox 101 445 1495 502; baseline -0.005 -13"><span class='ocrx_word' id='word_1_46' title='bbox 101 464 199 502; x_wconf 89' lang='lat' dir='ltr'>puys</span> <span class='ocrx_word' id='word_1_47' title='bbox 226 452 309 489; x_wconf 92' lang='lat' dir='ltr'>leur</span> <span class='ocrx_word' id='word_1_48' title='bbox 328 448 527 488; x_wconf 79' lang='lat' dir='ltr'>demande</span> <span class='ocrx_word' id='word_1_49' title='bbox 552 448 583 487; x_wconf 90' lang='lat' dir='ltr'>si</span> <span class='ocrx_word' id='word_1_50' title='bbox 614 462 655 487; x_wconf 89' lang='lat' dir='ltr'>se</span> <span class='ocrx_word' id='word_1_51' title='bbox 682 449 841 486; x_wconf 89' lang='lat' dir='ltr'>veulent</span> <span class='ocrx_word' id='word_1_52' title='bbox 868 446 1025 485; x_wconf 89' lang='lat' dir='ltr'>desdire</span> <span class='ocrx_word' id='word_1_53' title='bbox 1052 453 1090 485; x_wconf 91' lang='lat' dir='ltr'>et</span> <span class='ocrx_word' id='word_1_54' title='bbox 1114 453 1317 485; x_wconf 91' lang='lat' dir='ltr'>retourner</span> <span class='ocrx_word' id='word_1_55' title='bbox 1337 458 1360 483; x_wconf 90' lang='lat' dir='ltr'>a</span> <span class='ocrx_word' id='word_1_56' title='bbox 1391 445 1495 483; x_wconf 92' lang='lat' dir='ltr'>Dieu</span> 
     </span>
     <span class='ocr_line' id='line_1_7' title="bbox 99 499 1497 556; baseline -0.005 -12"><span class='ocrx_word' id='word_1_57' title='bbox 99 507 164 556; x_wconf 91' lang='lat' dir='ltr'>luy</span> <span class='ocrx_word' id='word_1_58' title='bbox 185 504 430 544; x_wconf 89' lang='lat' dir='ltr'>demandant</span> <span class='ocrx_word' id='word_1_59' title='bbox 452 504 604 554; x_wconf 87' lang='lat' dir='ltr'>pardon</span> <span class='ocrx_word' id='word_1_60' title='bbox 624 517 631 541; x_wconf 79' lang='lat' dir='ltr'>t</span> <span class='ocrx_word' id='word_1_61' title='bbox 662 503 760 540; x_wconf 89' lang='lat' dir='ltr'>hont</span> <span class='ocrx_word' id='word_1_62' title='bbox 784 502 983 551; x_wconf 91' lang='lat' dir='ltr'>respondu</span> <span class='ocrx_word' id='word_1_63' title='bbox 1005 514 1082 550; x_wconf 85' lang='lat' dir='ltr'>que</span> <span class='ocrx_word' id='word_1_64' title='bbox 1109 499 1135 538; x_wconf 88' lang='lat' dir='ltr'>il</span> <span class='ocrx_word' id='word_1_65' title='bbox 1164 513 1233 550; x_wconf 92' lang='lat' dir='ltr'>soy</span> <span class='ocrx_word' id='word_1_66' title='bbox 1255 506 1497 538; x_wconf 91' lang='lat' dir='ltr'>soumettent</span> 
     </span>
     <span class='ocr_line' id='line_1_8' title="bbox 100 553 1496 606; baseline -0.006 -8"><span class='ocrx_word' id='word_1_67' title='bbox 100 561 124 598; x_wconf 81' lang='lat' dir='ltr'>a</span> <span class='ocrx_word' id='word_1_68' title='bbox 152 561 188 598; x_wconf 92' lang='lat' dir='ltr'>la</span> <span class='ocrx_word' id='word_1_69' title='bbox 207 559 367 597; x_wconf 76' lang='lat' dir='ltr'>volonte</span> <span class='ocrx_word' id='word_1_70' title='bbox 389 558 439 596; x_wconf 92' lang='lat' dir='ltr'>de</span> <span class='ocrx_word' id='word_1_71' title='bbox 465 558 568 595; x_wconf 90' lang='lat' dir='ltr'>Dieu</span> <span class='ocrx_word' id='word_1_72' title='bbox 593 564 631 595; x_wconf 95' lang='lat' dir='ltr'>et</span> <span class='ocrx_word' id='word_1_73' title='bbox 651 570 729 606; x_wconf 88' lang='lat' dir='ltr'>que</span> <span class='ocrx_word' id='word_1_74' title='bbox 757 555 782 594; x_wconf 94' lang='lat' dir='ltr'>il</span> <span class='ocrx_word' id='word_1_75' title='bbox 812 569 861 594; x_wconf 88' lang='lat' dir='ltr'>ne</span> <span class='ocrx_word' id='word_1_76' title='bbox 892 569 933 594; x_wconf 87' lang='lat' dir='ltr'>se</span> <span class='ocrx_word' id='word_1_77' title='bbox 962 554 1168 593; x_wconf 91' lang='lat' dir='ltr'>desdiront</span> <span class='ocrx_word' id='word_1_78' title='bbox 1197 553 1321 604; x_wconf 89' lang='lat' dir='ltr'>point.</span> <span class='ocrx_word' id='word_1_79' title='bbox 1380 555 1496 591; x_wconf 92' lang='lat' dir='ltr'>Hont</span> 
     </span>
     <span class='ocr_line' id='line_1_9' title="bbox 101 608 1497 661; baseline -0.005 -9"><span class='ocrx_word' id='word_1_80' title='bbox 101 612 298 652; x_wconf 78' lang='lat' dir='ltr'>demande</span> <span class='ocrx_word' id='word_1_81' title='bbox 319 625 397 661; x_wconf 92' lang='lat' dir='ltr'>que</span> <span class='ocrx_word' id='word_1_82' title='bbox 421 612 499 650; x_wconf 88' lang='lat' dir='ltr'>l&#39;on</span> <span class='ocrx_word' id='word_1_83' title='bbox 524 613 607 649; x_wconf 90' lang='lat' dir='ltr'>leur</span> <span class='ocrx_word' id='word_1_84' title='bbox 627 617 801 648; x_wconf 87' lang='lat' dir='ltr'>monstre</span> <span class='ocrx_word' id='word_1_85' title='bbox 830 608 1053 658; x_wconf 86' lang='lat' dir='ltr'>l&#39;injontion</span> <span class='ocrx_word' id='word_1_86' title='bbox 1074 609 1125 647; x_wconf 93' lang='lat' dir='ltr'>de</span> <span class='ocrx_word' id='word_1_87' title='bbox 1146 608 1328 658; x_wconf 84' lang='lat' dir='ltr'>baptiser.</span> <span class='ocrx_word' id='word_1_88' title='bbox 1389 608 1497 645; x_wconf 92' lang='lat' dir='ltr'>Nota</span> 
     </span>
     <span class='ocr_line' id='line_1_10' title="bbox 101 661 1496 718; baseline -0.005 -13"><span class='ocrx_word' id='word_1_89' title='bbox 101 680 179 718; x_wconf 87' lang='lat' dir='ltr'>que</span> <span class='ocrx_word' id='word_1_90' title='bbox 205 665 508 717; x_wconf 71' lang='lat' dir='ltr'>premierement</span> <span class='ocrx_word' id='word_1_91' title='bbox 537 666 615 702; x_wconf 88' lang='lat' dir='ltr'>l&#39;on</span> <span class='ocrx_word' id='word_1_92' title='bbox 645 666 700 703; x_wconf 91' lang='grc'>165</span> <span class='ocrx_word' id='word_1_93' title='bbox 721 665 909 714; x_wconf 84' lang='lat' dir='ltr'>appelloit</span> <span class='ocrx_word' id='word_1_94' title='bbox 934 663 1075 709; x_wconf 75' lang='lat' dir='ltr'>frere33</span> <span class='ocrx_word' id='word_1_95' title='bbox 1106 662 1213 709; x_wconf 90' lang='lat' dir='ltr'>mais,</span> <span class='ocrx_word' id='word_1_96' title='bbox 1238 661 1324 712; x_wconf 89' lang='lat' dir='ltr'>puis</span> <span class='ocrx_word' id='word_1_97' title='bbox 1346 674 1424 711; x_wconf 87' lang='lat' dir='ltr'>que</span> <span class='ocrx_word' id='word_1_98' title='bbox 1451 662 1496 699; x_wconf 89' lang='lat' dir='ltr'>ils</span> 
     </span>
     <span class='ocr_line' id='line_1_11' title="bbox 101 716 1496 768; baseline -0.005 -8"><span class='ocrx_word' id='word_1_99' title='bbox 101 728 191 760; x_wconf 89' lang='lat' dir='ltr'>sont</span> <span class='ocrx_word' id='word_1_100' title='bbox 211 721 419 759; x_wconf 83' lang='lat' dir='ltr'>dissonans</span> <span class='ocrx_word' id='word_1_101' title='bbox 440 719 463 757; x_wconf 74' lang='lat' dir='ltr'>a</span> <span class='ocrx_word' id='word_1_102' title='bbox 482 726 614 757; x_wconf 91' lang='lat' dir='ltr'>nostre</span> <span class='ocrx_word' id='word_1_103' title='bbox 639 718 791 768; x_wconf 90' lang='lat' dir='ltr'>esglise,</span> <span class='ocrx_word' id='word_1_104' title='bbox 813 731 890 767; x_wconf 87' lang='lat' dir='ltr'>que</span> <span class='ocrx_word' id='word_1_105' title='bbox 920 718 998 755; x_wconf 85' lang='lat' dir='ltr'>l&#39;on</span> <span class='ocrx_word' id='word_1_106' title='bbox 1019 730 1069 755; x_wconf 90' lang='lat' dir='ltr'>ne</span> <span class='ocrx_word' id='word_1_107' title='bbox 1090 718 1145 755; x_wconf 91' lang='lat' dir='ltr'>les</span> <span class='ocrx_word' id='word_1_108' title='bbox 1165 730 1188 766; x_wconf 91' lang='lat' dir='ltr'>y</span> <span class='ocrx_word' id='word_1_109' title='bbox 1208 717 1363 766; x_wconf 84' lang='lat' dir='ltr'><strong>appelle</strong></span> <span class='ocrx_word' id='word_1_110' title='bbox 1384 716 1471 765; x_wconf 90' lang='lat' dir='ltr'>plus</span> <span class='ocrx_word' id='word_1_111' title='bbox 1489 730 1496 752; x_wconf 71' lang='grc' dir='ltr'>ε</span> 
     </span>
     <span class='ocr_line' id='line_1_12' title="bbox 102 773 909 824; baseline -0.006 -10"><span class='ocrx_word' id='word_1_112' title='bbox 102 789 166 814; x_wconf 89' lang='lat' dir='ltr'>car</span> <span class='ocrx_word' id='word_1_113' title='bbox 185 775 212 813; x_wconf 93' lang='lat' dir='ltr'>il</span> <span class='ocrx_word' id='word_1_114' title='bbox 233 787 282 813; x_wconf 88' lang='lat' dir='ltr'>ne</span> <span class='ocrx_word' id='word_1_115' title='bbox 302 775 460 812; x_wconf 89' lang='lat' dir='ltr'>veulent</span> <span class='ocrx_word' id='word_1_116' title='bbox 480 773 582 824; x_wconf 86' lang='lat' dir='ltr'>prier</span> <span class='ocrx_word' id='word_1_117' title='bbox 600 785 777 821; x_wconf 88' lang='lat' dir='ltr'>avecque</span> <span class='ocrx_word' id='word_1_118' title='bbox 797 784 909 810; x_wconf 89' lang='lat' dir='ltr'>nous.</span> 
     </span>
    </p>

    <p class='ocr_par' dir='ltr' id='par_1_3' title="bbox 102 823 1499 1310">
     <span class='ocr_line' id='line_1_13' title="bbox 157 823 1499 878; baseline -0.006 -10"><span class='ocrx_word' id='word_1_119' title='bbox 157 829 297 868; x_wconf 81' lang='lat' dir='ltr'>March</span> <span class='ocrx_word' id='word_1_120' title='bbox 322 829 554 878; x_wconf 82' lang='lat' dir='ltr'>19.—C0ns.</span> <span class='ocrx_word' id='word_1_121' title='bbox 576 828 638 864; x_wconf 85' lang='lat' dir='ltr'>des</span> <span class='ocrx_word' id='word_1_122' title='bbox 661 824 1075 865; x_wconf 76' lang='lat' dir='ltr'>Denx-Cents.--Fuit</span> <span class='ocrx_word' id='word_1_123' title='bbox 1105 823 1352 874; x_wconf 87' lang='lat' dir='ltr'>propositum</span> <span class='ocrx_word' id='word_1_124' title='bbox 1383 835 1499 873; x_wconf 89' lang='lat' dir='ltr'>nego-</span> 
     </span>
     <span class='ocr_line' id='line_1_14' title="bbox 103 877 1498 930; baseline -0.006 -8"><span class='ocrx_word' id='word_1_125' title='bbox 103 883 201 922; x_wconf 89' lang='lat' dir='ltr'>tium</span> <span class='ocrx_word' id='word_1_126' title='bbox 229 882 385 920; x_wconf 88' lang='lat' dir='ltr'>illorum</span> <span class='ocrx_word' id='word_1_127' title='bbox 411 880 802 930; x_wconf 82' lang='lat' dir='ltr'>Katabaptistarum:</span> <span class='ocrx_word' id='word_1_128' title='bbox 833 893 897 918; x_wconf 89' lang='lat' dir='ltr'>sur</span> <span class='ocrx_word' id='word_1_129' title='bbox 917 880 1088 929; x_wconf 84' lang='lat' dir='ltr'>lesquelz</span> <span class='ocrx_word' id='word_1_130' title='bbox 1108 892 1132 916; x_wconf 83' lang='lat' dir='ltr'>a</span> <span class='ocrx_word' id='word_1_131' title='bbox 1158 879 1240 917; x_wconf 79' lang='lat' dir='ltr'>este&#39;</span> <span class='ocrx_word' id='word_1_132' title='bbox 1265 877 1399 916; x_wconf 78' lang='lat' dir='ltr'>advise</span> <span class='ocrx_word' id='word_1_133' title='bbox 1420 890 1498 926; x_wconf 86' lang='lat' dir='ltr'>que</span> 
     </span>
     <span class='ocr_line' id='line_1_15' title="bbox 102 931 1499 983; baseline -0.006 -7"><span class='ocrx_word' id='word_1_134' title='bbox 102 937 229 976; x_wconf 89' lang='lat' dir='ltr'>iceulx</span> <span class='ocrx_word' id='word_1_135' title='bbox 244 943 283 975; x_wconf 89' lang='lat' dir='ltr'>et</span> <span class='ocrx_word' id='word_1_136' title='bbox 302 943 391 975; x_wconf 91' lang='lat' dir='ltr'>tous</span> <span class='ocrx_word' id='word_1_137' title='bbox 410 937 553 974; x_wconf 86' lang='lat' dir='ltr'>aultres</span> <span class='ocrx_word' id='word_1_138' title='bbox 574 936 624 973; x_wconf 92' lang='lat' dir='ltr'>de</span> <span class='ocrx_word' id='word_1_139' title='bbox 644 936 727 972; x_wconf 88' lang='lat' dir='ltr'>leur</span> <span class='ocrx_word' id='word_1_140' title='bbox 747 941 853 973; x_wconf 88' lang='lat' dir='ltr'>secte</span> <span class='ocrx_word' id='word_1_141' title='bbox 873 940 1012 983; x_wconf 84' lang='lat' dir='ltr'>soyent</span> <span class='ocrx_word' id='word_1_142' title='bbox 1032 933 1385 982; x_wconf 86' lang='lat' dir='ltr'>perpetuellement</span> <span class='ocrx_word' id='word_1_143' title='bbox 1406 931 1499 968; x_wconf 84' lang='lat' dir='ltr'>ban-</span> 
     </span>
     <span class='ocr_line' id='line_1_16' title="bbox 103 985 1499 1042; baseline -0.005 -13"><span class='ocrx_word' id='word_1_144' title='bbox 103 1004 174 1042; x_wconf 91' lang='lat' dir='ltr'>nys</span> <span class='ocrx_word' id='word_1_145' title='bbox 194 992 245 1029; x_wconf 92' lang='lat' dir='ltr'>de</span> <span class='ocrx_word' id='word_1_146' title='bbox 265 997 371 1029; x_wconf 89' lang='lat' dir='ltr'><strong>ceste</strong></span> <span class='ocrx_word' id='word_1_147' title='bbox 391 989 467 1028; x_wconf 79' lang='lat' dir='ltr'>cite</span> <span class='ocrx_word' id='word_1_148' title='bbox 488 996 526 1028; x_wconf 92' lang='lat' dir='ltr'>et</span> <span class='ocrx_word' id='word_1_149' title='bbox 547 996 665 1027; x_wconf 89' lang='lat' dir='ltr'>terres</span> <span class='ocrx_word' id='word_1_150' title='bbox 686 988 849 1034; x_wconf 91' lang='lat' dir='ltr'>d&#39;icelle‚</span> <span class='ocrx_word' id='word_1_151' title='bbox 873 1000 938 1026; x_wconf 88' lang='lat' dir='ltr'>sus</span> <span class='ocrx_word' id='word_1_152' title='bbox 959 1000 1116 1037; x_wconf 90' lang='lat' dir='ltr'>poenne</span> <span class='ocrx_word' id='word_1_153' title='bbox 1137 987 1187 1025; x_wconf 92' lang='lat' dir='ltr'>de</span> <span class='ocrx_word' id='word_1_154' title='bbox 1208 987 1245 1023; x_wconf 91' lang='lat' dir='ltr'>la</span> <span class='ocrx_word' id='word_1_155' title='bbox 1257 998 1340 1034; x_wconf 94' lang='lat' dir='ltr'>vye.</span> <span class='ocrx_word' id='word_1_156' title='bbox 1392 985 1499 1034; x_wconf 91' lang='lat' dir='ltr'>Cecy</span> 
     </span>
     <span class='ocr_line' id='line_1_17' title="bbox 103 1039 1499 1094; baseline -0.006 -10"><span class='ocrx_word' id='word_1_157' title='bbox 103 1052 162 1084; x_wconf 90' lang='lat' dir='ltr'>est</span> <span class='ocrx_word' id='word_1_158' title='bbox 184 1045 328 1084; x_wconf 79' lang='lat' dir='ltr'>arreste&#39;</span> <span class='ocrx_word' id='word_1_159' title='bbox 348 1045 399 1083; x_wconf 93' lang='lat' dir='ltr'>de</span> <span class='ocrx_word' id='word_1_160' title='bbox 418 1056 641 1094; x_wconf 90' lang='lat' dir='ltr'>pronuncer</span> <span class='ocrx_word' id='word_1_161' title='bbox 661 1055 778 1080; x_wconf 89' lang='lat' dir='ltr'>ceans</span> <span class='ocrx_word' id='word_1_162' title='bbox 803 1049 934 1092; x_wconf 87' lang='lat' dir='ltr'>portes</span> <span class='ocrx_word' id='word_1_163' title='bbox 956 1048 1149 1080; x_wconf 88' lang='lat' dir='ltr'>ouvertes.</span> <span class='ocrx_word' id='word_1_164' title='bbox 1180 1040 1316 1078; x_wconf 80' lang='lat' dir='ltr'>Iceulx</span> <span class='ocrx_word' id='word_1_165' title='bbox 1329 1046 1419 1077; x_wconf 92' lang='lat' dir='ltr'>sont</span> <span class='ocrx_word' id='word_1_166' title='bbox 1435 1039 1499 1077; x_wconf 93' lang='lat' dir='ltr'>de-</span> 
     </span>
     <span class='ocr_line' id='line_1_18' title="bbox 104 1093 1499 1146; baseline -0.005 -9"><span class='ocrx_word' id='word_1_167' title='bbox 104 1098 268 1138; x_wconf 78' lang='lat' dir='ltr'>mandes</span> <span class='ocrx_word' id='word_1_168' title='bbox 298 1098 354 1136; x_wconf 89' lang='lat' dir='ltr'>s&#39;il</span> <span class='ocrx_word' id='word_1_169' title='bbox 381 1099 540 1136; x_wconf 90' lang='lat' dir='ltr'>veulent</span> <span class='ocrx_word' id='word_1_170' title='bbox 569 1109 784 1146; x_wconf 84' lang='lat' dir='ltr'>revocquer</span> <span class='ocrx_word' id='word_1_171' title='bbox 811 1097 894 1134; x_wconf 93' lang='lat' dir='ltr'>leur</span> <span class='ocrx_word' id='word_1_172' title='bbox 918 1094 1092 1145; x_wconf 85' lang='lat' dir='ltr'>opinion.</span> <span class='ocrx_word' id='word_1_173' title='bbox 1154 1095 1269 1132; x_wconf 89' lang='lat' dir='ltr'>Hont</span> <span class='ocrx_word' id='word_1_174' title='bbox 1298 1093 1499 1142; x_wconf 87' lang='lat' dir='ltr'>respondu</span> 
     </span>
     <span class='ocr_line' id='line_1_19' title="bbox 104 1145 1499 1203; baseline -0.006 -11"><span class='ocrx_word' id='word_1_175' title='bbox 104 1166 181 1203; x_wconf 90' lang='lat' dir='ltr'>que</span> <span class='ocrx_word' id='word_1_176' title='bbox 207 1154 290 1191; x_wconf 88' lang='lat' dir='ltr'>leur</span> <span class='ocrx_word' id='word_1_177' title='bbox 309 1152 544 1191; x_wconf 88' lang='lat' dir='ltr'>conscience</span> <span class='ocrx_word' id='word_1_178' title='bbox 572 1164 622 1189; x_wconf 88' lang='lat' dir='ltr'>ne</span> <span class='ocrx_word' id='word_1_179' title='bbox 651 1152 734 1188; x_wconf 87' lang='lat' dir='ltr'>leur</span> <span class='ocrx_word' id='word_1_180' title='bbox 755 1156 866 1200; x_wconf 88' lang='lat' dir='ltr'>porte</span> <span class='ocrx_word' id='word_1_181' title='bbox 897 1150 947 1188; x_wconf 91' lang='lat' dir='ltr'>de</span> <span class='ocrx_word' id='word_1_182' title='bbox 978 1148 1078 1187; x_wconf 89' lang='lat' dir='ltr'>tenir</span> <span class='ocrx_word' id='word_1_183' title='bbox 1106 1149 1342 1186; x_wconf 88' lang='lat' dir='ltr'>aultrement</span> <span class='ocrx_word' id='word_1_184' title='bbox 1371 1160 1449 1196; x_wconf 85' lang='lat' dir='ltr'>que</span> <span class='ocrx_word' id='word_1_185' title='bbox 1474 1145 1499 1183; x_wconf 92' lang='lat' dir='ltr'>il</span> 
     </span>
     <span class='ocr_line' id='line_1_20' title="bbox 103 1202 1499 1255; baseline -0.005 -10"><span class='ocrx_word' id='word_1_186' title='bbox 103 1206 292 1245; x_wconf 90' lang='lat' dir='ltr'>tiennent.</span> <span class='ocrx_word' id='word_1_187' title='bbox 354 1208 564 1255; x_wconf 87' lang='lat' dir='ltr'>Pourquoy</span> <span class='ocrx_word' id='word_1_188' title='bbox 585 1212 643 1244; x_wconf 90' lang='lat' dir='ltr'>est</span> <span class='ocrx_word' id='word_1_189' title='bbox 671 1206 874 1254; x_wconf 81' lang='lat' dir='ltr'>pronunce</span> <span class='ocrx_word' id='word_1_190' title='bbox 904 1202 951 1241; x_wconf 87' lang='lat' dir='ltr'>ilz</span> <span class='ocrx_word' id='word_1_191' title='bbox 978 1209 1116 1252; x_wconf 90' lang='lat' dir='ltr'>soyent</span> <span class='ocrx_word' id='word_1_192' title='bbox 1146 1202 1499 1252; x_wconf 87' lang='lat' dir='ltr'>perpetuellement</span> 
     </span>
     <span class='ocr_line' id='line_1_21' title="bbox 104 1260 266 1310; baseline -0.006 -11"><span class='ocrx_word' id='word_1_193' title='bbox 104 1260 266 1310; x_wconf 86' lang='lat' dir='ltr'>bannys.</span> 
     </span>
    </p>
   </div>
   <div class='ocr_carea' id='block_1_3' title="bbox 115 1351 1497 1467">
    <p class='ocr_par' dir='ltr' id='par_1_4' title="bbox 115 1351 1497 1467">
     <span class='ocr_line' id='line_1_22' title="bbox 115 1351 1497 1404; baseline -0.004 -3"><span class='ocrx_word' id='word_1_194' title='bbox 115 1358 208 1404; x_wconf 80' lang='lat' dir='ltr'>No,</span> <span class='ocrx_word' id='word_1_195' title='bbox 250 1357 351 1400; x_wconf 89' lang='lat'><strong>288.</strong></span> <span class='ocrx_word' id='word_1_196' title='bbox 418 1355 585 1400; x_wconf 86' lang='lat' dir='ltr'>Caroli</span> <span class='ocrx_word' id='word_1_197' title='bbox 625 1365 838 1399; x_wconf 84' lang='lat' dir='ltr'>accuses</span> <span class='ocrx_word' id='word_1_198' title='bbox 879 1354 1030 1398; x_wconf 84' lang='lat' dir='ltr'>Farel</span> <span class='ocrx_word' id='word_1_199' title='bbox 1070 1353 1174 1396; x_wconf 87' lang='lat' dir='ltr'>and</span> <span class='ocrx_word' id='word_1_200' title='bbox 1215 1352 1395 1397; x_wconf 83' lang='lat' dir='ltr'>Calvin</span> <span class='ocrx_word' id='word_1_201' title='bbox 1438 1351 1497 1395; x_wconf 85' lang='lat' dir='ltr'>of</span> 
     </span>
     <span class='ocr_line' id='line_1_23' title="bbox 466 1413 1140 1467; baseline -0.006 -9"><span class='ocrx_word' id='word_1_202' title='bbox 466 1413 742 1465; x_wconf 86' lang='lat' dir='ltr'>Arianism‚</span> <span class='ocrx_word' id='word_1_203' title='bbox 777 1424 823 1467; x_wconf 91' lang='lat'>17</span> <span class='ocrx_word' id='word_1_204' title='bbox 859 1413 981 1455; x_wconf 89' lang='lat' dir='ltr'>Feb.</span> <span class='ocrx_word' id='word_1_205' title='bbox 1017 1422 1140 1465; x_wconf 89' lang='lat'><strong>1537.</strong></span> 
     </span>
    </p>
   </div>
   <div class='ocr_carea' id='block_1_4' title="bbox 105 1487 1512 1651">
    <p class='ocr_par' dir='ltr' id='par_1_5' title="bbox 105 1487 1512 1651">
     <span class='ocr_line' id='line_1_24' title="bbox 160 1487 1512 1545; baseline -0.005 -13"><span class='ocrx_word' id='word_1_206' title='bbox 160 1493 219 1545; x_wconf 91' lang='lat'>(1)</span> <span class='ocrx_word' id='word_1_207' title='bbox 249 1493 371 1531; x_wconf 82' lang='lat' dir='ltr'><em>From</em></span> <span class='ocrx_word' id='word_1_208' title='bbox 396 1506 421 1530; x_wconf 87' lang='lat' dir='ltr'>a</span> <span class='ocrx_word' id='word_1_209' title='bbox 449 1494 558 1531; x_wconf 80' lang='lat' dir='ltr'>letter</span> <span class='ocrx_word' id='word_1_210' title='bbox 573 1491 621 1541; x_wconf 86' lang='lat' dir='ltr'>of</span> <span class='ocrx_word' id='word_1_211' title='bbox 631 1492 692 1529; x_wconf 75' lang='lat' dir='ltr'>tlze</span> <span class='ocrx_word' id='word_1_212' title='bbox 707 1496 865 1540; x_wconf 78' lang='lat' dir='ltr'>pastors</span> <span class='ocrx_word' id='word_1_213' title='bbox 891 1491 939 1539; x_wconf 85' lang='lat' dir='ltr'>of</span> <span class='ocrx_word' id='word_1_214' title='bbox 954 1491 1107 1530; x_wconf 76' lang='lat' dir='ltr'>Geneva</span> <span class='ocrx_word' id='word_1_215' title='bbox 1138 1494 1174 1527; x_wconf 83' lang='lat' dir='ltr'>to</span> <span class='ocrx_word' id='word_1_216' title='bbox 1198 1490 1259 1527; x_wconf 70' lang='lat' dir='ltr'>tlte</span> <span class='ocrx_word' id='word_1_217' title='bbox 1278 1493 1437 1537; x_wconf 80' lang='lat' dir='ltr'>pastors</span> <span class='ocrx_word' id='word_1_218' title='bbox 1464 1487 1512 1536; x_wconf 88' lang='lat' dir='ltr'>of</span> 
     </span>
     <span class='ocr_line' id='line_1_25' title="bbox 105 1541 1503 1594; baseline -0.006 -7"><span class='ocrx_word' id='word_1_219' title='bbox 105 1549 226 1594; x_wconf 80' lang='lat' dir='ltr'>Bern,</span> <span class='ocrx_word' id='word_1_220' title='bbox 258 1561 292 1587; x_wconf 91' lang='lat' dir='ltr'>c.</span> <span class='ocrx_word' id='word_1_221' title='bbox 318 1561 366 1586; x_wconf 92' lang='lat'>20</span> <span class='ocrx_word' id='word_1_222' title='bbox 394 1547 489 1585; x_wconf 90' lang='lat' dir='ltr'>Feb.</span> <span class='ocrx_word' id='word_1_223' title='bbox 514 1577 520 1584; x_wconf 96' lang='lat'>.</span> <span class='ocrx_word' id='word_1_224' title='bbox 544 1575 551 1583; x_wconf 92' lang='lat'><strong><em>.</em></strong></span> <span class='ocrx_word' id='word_1_225' title='bbox 574 1576 582 1584; x_wconf 90' lang='lat'>.</span> <span class='ocrx_word' id='word_1_226' title='bbox 608 1545 697 1591; x_wconf 85' lang='lat' dir='ltr'>Illi‚¹</span> <span class='ocrx_word' id='word_1_227' title='bbox 719 1544 896 1594; x_wconf 87' lang='lat' dir='ltr'>exposita</span> <span class='ocrx_word' id='word_1_228' title='bbox 924 1543 1060 1593; x_wconf 89' lang='lat' dir='ltr'>legatis</span> <span class='ocrx_word' id='word_1_229' title='bbox 1090 1542 1252 1581; x_wconf 89' lang='lat' dir='ltr'>vestris2</span> <span class='ocrx_word' id='word_1_230' title='bbox 1274 1555 1403 1589; x_wconf 88' lang='lat' dir='ltr'>causa,</span> <span class='ocrx_word' id='word_1_231' title='bbox 1435 1541 1503 1591; x_wconf 85' lang='lat' dir='ltr'>qui</span> 
     </span>
     <span class='ocr_line' id='line_1_26' title="bbox 106 1596 1504 1651; baseline -0.005 -11"><span class='ocrx_word' id='word_1_232' title='bbox 106 1608 188 1640; x_wconf 92' lang='lat' dir='ltr'>tum</span> <span class='ocrx_word' id='word_1_233' title='bbox 219 1602 271 1640; x_wconf 90' lang='lat' dir='ltr'>ad</span> <span class='ocrx_word' id='word_1_234' title='bbox 300 1614 360 1640; x_wconf 86' lang='lat' dir='ltr'>res</span> <span class='ocrx_word' id='word_1_235' title='bbox 389 1599 614 1651; x_wconf 89' lang='lat' dir='ltr'>provinciae</span> <span class='ocrx_word' id='word_1_236' title='bbox 638 1599 936 1638; x_wconf 88' lang='lat' dir='ltr'>constituendas</span> <span class='ocrx_word' id='word_1_237' title='bbox 964 1597 1041 1636; x_wconf 90' lang='lat' dir='ltr'>illic</span> <span class='ocrx_word' id='word_1_238' title='bbox 1062 1598 1190 1636; x_wconf 87' lang='lat' dir='ltr'>forum</span> <span class='ocrx_word' id='word_1_239' title='bbox 1210 1596 1391 1646; x_wconf 82' lang='lat' dir='ltr'>agebant,</span> <span class='ocrx_word' id='word_1_240' title='bbox 1415 1596 1504 1634; x_wconf 87' lang='lat' dir='ltr'>effe-</span> 
     </span>
    </p>
   </div>
   <div class='ocr_carea' id='block_1_5' title="bbox 61 1648 1502 1705">
    <p class='ocr_par' dir='ltr' id='par_1_6' title="bbox 61 1648 1502 1705">
     <span class='ocr_line' id='line_1_27' title="bbox 61 1648 1502 1705; baseline -0.003 -14"><span class='ocrx_word' id='word_1_241' title='bbox 61 1687 64 1691; x_wconf 95' lang='grc'><em>,</em></span> <span class='ocrx_word' id='word_1_242' title='bbox 107 1663 245 1694; x_wconf 89' lang='lat' dir='ltr'>cerunt</span> <span class='ocrx_word' id='word_1_243' title='bbox 267 1662 310 1694; x_wconf 91' lang='lat' dir='ltr'>ut</span> <span class='ocrx_word' id='word_1_244' title='bbox 338 1661 601 1693; x_wconf 87' lang='lat' dir='ltr'>accerseretur</span> <span class='ocrx_word' id='word_1_245' title='bbox 622 1651 723 1705; x_wconf 89' lang='lat' dir='ltr'>[scil.</span> <span class='ocrx_word' id='word_1_246' title='bbox 746 1650 940 1704; x_wconf 66' lang='lat' dir='ltr'>Carolus]</span> <span class='ocrx_word' id='word_1_247' title='bbox 1001 1653 1179 1701; x_wconf 79' lang='lat' dir='ltr'>Rogatus</span> <span class='ocrx_word' id='word_1_248' title='bbox 1209 1658 1268 1688; x_wconf 90' lang='lat' dir='ltr'>est</span> <span class='ocrx_word' id='word_1_249' title='bbox 1291 1649 1342 1688; x_wconf 88' lang='lat' dir='ltr'>ab</span> <span class='ocrx_word' id='word_1_250' title='bbox 1364 1648 1502 1687; x_wconf 88' lang='lat' dir='ltr'>illustri</span> 
     </span>
    </p>
   </div>
   <div class='ocr_carea' id='block_1_6' title="bbox 107 1702 1507 2241">
    <p class='ocr_par' dir='ltr' id='par_1_7' title="bbox 107 1702 1506 2078">
     <span class='ocr_line' id='line_1_28' title="bbox 107 1702 1503 1759; baseline -0.006 -11"><span class='ocrx_word' id='word_1_251' title='bbox 107 1709 189 1748; x_wconf 88' lang='lat' dir='ltr'>viro</span> <span class='ocrx_word' id='word_1_252' title='bbox 209 1709 371 1759; x_wconf 89' lang='lat' dir='ltr'>Gyrono</span> <span class='ocrx_word' id='word_1_253' title='bbox 384 1709 408 1756; x_wconf 79' lang='lat'>³,</span> <span class='ocrx_word' id='word_1_254' title='bbox 431 1715 581 1746; x_wconf 89' lang='lat' dir='ltr'>vestrae</span> <span class='ocrx_word' id='word_1_255' title='bbox 603 1706 768 1745; x_wconf 88' lang='lat' dir='ltr'>civitatis</span> <span class='ocrx_word' id='word_1_256' title='bbox 793 1705 1011 1751; x_wconf 88' lang='lat' dir='ltr'>secretario,</span> <span class='ocrx_word' id='word_1_257' title='bbox 1031 1712 1073 1742; x_wconf 89' lang='lat' dir='ltr'>ut</span> <span class='ocrx_word' id='word_1_258' title='bbox 1093 1718 1115 1742; x_wconf 88' lang='lat' dir='ltr'>a</span> <span class='ocrx_word' id='word_1_259' title='bbox 1142 1703 1322 1741; x_wconf 85' lang='lat' dir='ltr'>fratribus</span> <span class='ocrx_word' id='word_1_260' title='bbox 1348 1702 1503 1752; x_wconf 83' lang='lat' dir='ltr'>placide</span> 
     </span>
     <span class='ocr_line' id='line_1_29' title="bbox 108 1755 1502 1812; baseline -0.006 -10"><span class='ocrx_word' id='word_1_261' title='bbox 108 1776 149 1802; x_wconf 93' lang='lat' dir='ltr'>se</span> <span class='ocrx_word' id='word_1_262' title='bbox 163 1762 369 1802; x_wconf 89' lang='lat' dir='ltr'>admoneri</span> <span class='ocrx_word' id='word_1_263' title='bbox 385 1768 590 1812; x_wconf 87' lang='lat' dir='ltr'>pateretur.</span> <span class='ocrx_word' id='word_1_264' title='bbox 628 1761 706 1799; x_wconf 86' lang='lat' dir='ltr'>Sed</span> <span class='ocrx_word' id='word_1_265' title='bbox 728 1759 873 1797; x_wconf 89' lang='lat' dir='ltr'>omissa</span> <span class='ocrx_word' id='word_1_266' title='bbox 889 1772 1030 1797; x_wconf 84' lang='lat' dir='ltr'>causae</span> <span class='ocrx_word' id='word_1_267' title='bbox 1052 1758 1266 1808; x_wconf 83' lang='lat' dir='ltr'>praesentis</span> <span class='ocrx_word' id='word_1_268' title='bbox 1288 1755 1502 1803; x_wconf 82' lang='lat' dir='ltr'>mentione,</span> 
     </span>
     <span class='ocr_line' id='line_1_30' title="bbox 109 1811 1504 1867; baseline -0.006 -12"><span class='ocrx_word' id='word_1_269' title='bbox 109 1817 205 1867; x_wconf 89' lang='lat' dir='ltr'>quin</span> <span class='ocrx_word' id='word_1_270' title='bbox 233 1818 364 1867; x_wconf 90' lang='lat' dir='ltr'>palam</span> <span class='ocrx_word' id='word_1_271' title='bbox 395 1822 557 1854; x_wconf 87' lang='lat' dir='ltr'>testatus</span> <span class='ocrx_word' id='word_1_272' title='bbox 587 1813 780 1852; x_wconf 87' lang='lat' dir='ltr'>rationem</span> <span class='ocrx_word' id='word_1_273' title='bbox 810 1826 851 1851; x_wconf 85' lang='lat' dir='ltr'>se</span> <span class='ocrx_word' id='word_1_274' title='bbox 881 1812 964 1851; x_wconf 87' lang='lat' dir='ltr'>eius</span> <span class='ocrx_word' id='word_1_275' title='bbox 994 1812 1058 1859; x_wconf 85' lang='lat' dir='ltr'>rei,</span> <span class='ocrx_word' id='word_1_276' title='bbox 1090 1811 1164 1849; x_wconf 87' lang='lat' dir='ltr'>nisi</span> <span class='ocrx_word' id='word_1_277' title='bbox 1193 1824 1325 1849; x_wconf 85' lang='lat' dir='ltr'>coram</span> <span class='ocrx_word' id='word_1_278' title='bbox 1358 1811 1504 1848; x_wconf 81' lang='lat' dir='ltr'>Senatu</span> 
     </span>
     <span class='ocr_line' id='line_1_31' title="bbox 108 1863 1505 1920; baseline -0.006 -11"><span class='ocrx_word' id='word_1_279' title='bbox 108 1870 356 1920; x_wconf 83' lang='lat' dir='ltr'>collegioque</span> <span class='ocrx_word' id='word_1_280' title='bbox 380 1876 520 1915; x_wconf 89' lang='lat' dir='ltr'>vestro,</span> <span class='ocrx_word' id='word_1_281' title='bbox 543 1881 624 1906; x_wconf 89' lang='lat' dir='ltr'>non</span> <span class='ocrx_word' id='word_1_282' title='bbox 650 1866 906 1913; x_wconf 87' lang='lat' dir='ltr'>redditurum,</span> <span class='ocrx_word' id='word_1_283' title='bbox 930 1866 1074 1904; x_wconf 90' lang='lat' dir='ltr'>furiose</span> <span class='ocrx_word' id='word_1_284' title='bbox 1100 1865 1139 1903; x_wconf 91' lang='lat' dir='ltr'>in</span> <span class='ocrx_word' id='word_1_285' title='bbox 1164 1878 1237 1903; x_wconf 91' lang='lat' dir='ltr'>nos</span> <span class='ocrx_word' id='word_1_286' title='bbox 1267 1863 1505 1903; x_wconf 85' lang='lat' dir='ltr'>debacchari</span> 
     </span>
     <span class='ocr_line' id='line_1_32' title="bbox 108 1919 1503 1975; baseline -0.006 -12"><span class='ocrx_word' id='word_1_287' title='bbox 108 1924 239 1975; x_wconf 88' lang='lat' dir='ltr'>coepit</span> <span class='ocrx_word' id='word_1_288' title='bbox 268 1930 375 1962; x_wconf 85' lang='lat' dir='ltr'>extra</span> <span class='ocrx_word' id='word_1_289' title='bbox 403 1935 574 1961; x_wconf 86' lang='lat' dir='ltr'>causam.</span> <span class='ocrx_word' id='word_1_290' title='bbox 633 1922 786 1959; x_wconf 88' lang='lat' dir='ltr'>Multae</span> <span class='ocrx_word' id='word_1_291' title='bbox 820 1921 976 1959; x_wconf 90' lang='lat' dir='ltr'>fuerunt</span> <span class='ocrx_word' id='word_1_292' title='bbox 1007 1919 1308 1958; x_wconf 87' lang='lat' dir='ltr'>maledictorum</span> <span class='ocrx_word' id='word_1_293' title='bbox 1342 1919 1503 1964; x_wconf 86' lang='lat' dir='ltr'>formae,</span> 
     </span>
     <span class='ocr_line' id='line_1_33' title="bbox 110 1972 1506 2024; baseline -0.006 -7"><span class='ocrx_word' id='word_1_294' title='bbox 110 1980 180 2017; x_wconf 90' lang='lat' dir='ltr'>sed</span> <span class='ocrx_word' id='word_1_295' title='bbox 209 1977 388 2016; x_wconf 90' lang='lat' dir='ltr'>omnium</span> <span class='ocrx_word' id='word_1_296' title='bbox 416 1977 514 2015; x_wconf 89' lang='lat' dir='ltr'>haec</span> <span class='ocrx_word' id='word_1_297' title='bbox 541 1974 784 2014; x_wconf 88' lang='lat' dir='ltr'>atrocissima</span> <span class='ocrx_word' id='word_1_298' title='bbox 805 1981 874 2022; x_wconf 91' lang='lat' dir='ltr'>est,</span> <span class='ocrx_word' id='word_1_299' title='bbox 897 1975 1004 2024; x_wconf 88' lang='lat' dir='ltr'>quod</span> <span class='ocrx_word' id='word_1_300' title='bbox 1026 1981 1149 2012; x_wconf 87' lang='lat' dir='ltr'>totam</span> <span class='ocrx_word' id='word_1_301' title='bbox 1171 1982 1345 2011; x_wconf 86' lang='lat' dir='ltr'>nostram</span> <span class='ocrx_word' id='word_1_302' title='bbox 1366 1972 1506 2010; x_wconf 84' lang='lat' dir='ltr'>cohor-</span> 
     </span>
     <span class='ocr_line' id='line_1_34' title="bbox 109 2027 1097 2078; baseline -0.005 -8"><span class='ocrx_word' id='word_1_303' title='bbox 109 2039 189 2070; x_wconf 89' lang='lat' dir='ltr'>tem</span> <span class='ocrx_word' id='word_1_304' title='bbox 211 2031 377 2070; x_wconf 90' lang='lat' dir='ltr'>Arriano</span> <span class='ocrx_word' id='word_1_305' title='bbox 397 2043 525 2069; x_wconf 90' lang='lat' dir='ltr'>errore</span> <span class='ocrx_word' id='word_1_306' title='bbox 545 2029 791 2078; x_wconf 84' lang='lat' dir='ltr'>inquinatam</span> <span class='ocrx_word' id='word_1_307' title='bbox 812 2027 1097 2078; x_wconf 84' lang='lat' dir='ltr'>pronunciavit.</span> 
     </span>
    </p>

    <p class='ocr_par' dir='ltr' id='par_1_8' title="bbox 112 2081 1507 2241">
     <span class='ocr_line' id='line_1_35' title="bbox 165 2081 1506 2133; baseline -0.006 -9"><span class='ocrx_word' id='word_1_308' title='bbox 165 2086 230 2124; x_wconf 88' lang='lat' dir='ltr'>Ad</span> <span class='ocrx_word' id='word_1_309' title='bbox 250 2086 497 2124; x_wconf 88' lang='lat' dir='ltr'>refutandam</span> <span class='ocrx_word' id='word_1_310' title='bbox 524 2082 838 2133; x_wconf 84' lang='lat' dir='ltr'>indignissimam</span> <span class='ocrx_word' id='word_1_311' title='bbox 859 2081 1186 2128; x_wconf 87' lang='lat' dir='ltr'>criminationem,</span> <span class='ocrx_word' id='word_1_312' title='bbox 1210 2087 1328 2130; x_wconf 88' lang='lat' dir='ltr'>caput</span> <span class='ocrx_word' id='word_1_313' title='bbox 1349 2086 1506 2117; x_wconf 87' lang='lat' dir='ltr'>nostrae</span> 
     </span>
     <span class='ocr_line' id='line_1_36' title="bbox 112 2133 1503 2186; baseline -0.006 -8"><span class='ocrx_word' id='word_1_314' title='bbox 112 2138 384 2179; x_wconf 87' lang='lat' dir='ltr'>Confessionis</span> <span class='ocrx_word' id='word_1_315' title='bbox 399 2139 411 2159; x_wconf 75' lang='lat'>‘¹</span> <span class='ocrx_word' id='word_1_316' title='bbox 432 2136 607 2177; x_wconf 88' lang='lat' dir='ltr'>recitavit</span> <span class='ocrx_word' id='word_1_317' title='bbox 629 2136 817 2176; x_wconf 86' lang='lat' dir='ltr'>Calvinus</span> <span class='ocrx_word' id='word_1_318' title='bbox 838 2149 918 2186; x_wconf 88' lang='lat' dir='ltr'>quo</span> <span class='ocrx_word' id='word_1_319' title='bbox 942 2135 995 2174; x_wconf 87' lang='lat' dir='ltr'>ita</span> <span class='ocrx_word' id='word_1_320' title='bbox 1020 2135 1208 2185; x_wconf 90' lang='lat' dir='ltr'>scriptum</span> <span class='ocrx_word' id='word_1_321' title='bbox 1237 2141 1316 2173; x_wconf 89' lang='lat' dir='ltr'>erat</span> <span class='ocrx_word' id='word_1_322' title='bbox 1336 2149 1342 2172; x_wconf 92' lang='lat'><strong>:</strong></span> <span class='ocrx_word' id='word_1_323' title='bbox 1377 2133 1503 2170; x_wconf 89' lang='lat' dir='ltr'>‘Dum</span> 
     </span>
     <span class='ocr_line' id='line_1_37' title="bbox 112 2186 1507 2241; baseline -0.006 -9"><span class='ocrx_word' id='word_1_324' title='bbox 112 2195 279 2240; x_wconf 90' lang='lat' dir='ltr'>Patrem,</span> <span class='ocrx_word' id='word_1_325' title='bbox 303 2192 446 2231; x_wconf 86' lang='lat' dir='ltr'>Filium</span> <span class='ocrx_word' id='word_1_326' title='bbox 475 2204 521 2230; x_wconf 89' lang='lat' dir='ltr'>ac</span> <span class='ocrx_word' id='word_1_327' title='bbox 552 2189 738 2241; x_wconf 88' lang='lat' dir='ltr'>Spiritum</span> <span class='ocrx_word' id='word_1_328' title='bbox 760 2189 1025 2237; x_wconf 89' lang='lat' dir='ltr'>nominamus,</span> <span class='ocrx_word' id='word_1_329' title='bbox 1048 2202 1129 2228; x_wconf 88' lang='lat' dir='ltr'>non</span> <span class='ocrx_word' id='word_1_330' title='bbox 1157 2196 1234 2227; x_wconf 90' lang='lat' dir='ltr'>tres</span> <span class='ocrx_word' id='word_1_331' title='bbox 1264 2189 1361 2227; x_wconf 91' lang='lat' dir='ltr'>deos</span> <span class='ocrx_word' id='word_1_332' title='bbox 1391 2186 1507 2224; x_wconf 91' lang='lat' dir='ltr'>nobis</span> 
     </span>
    </p>
   </div>
   <div class='ocr_carea' id='block_1_7' title="bbox 114 2284 1512 2542">
    <p class='ocr_par' dir='ltr' id='par_1_9' title="bbox 156 2284 510 2318">
     <span class='ocr_line' id='line_1_38' title="bbox 156 2284 510 2318; baseline -0.006 -2"><span class='ocrx_word' id='word_1_333' title='bbox 156 2286 167 2304; x_wconf 81' lang='lat'>¹</span> <span class='ocrx_word' id='word_1_334' title='bbox 191 2286 283 2318; x_wconf 90' lang='lat' dir='ltr'>Viret</span> <span class='ocrx_word' id='word_1_335' title='bbox 301 2285 364 2316; x_wconf 83' lang='lat' dir='ltr'>and</span> <span class='ocrx_word' id='word_1_336' title='bbox 380 2284 510 2317; x_wconf 89' lang='lat' dir='ltr'>Calvin.</span> 
     </span>
    </p>

    <p class='ocr_par' dir='ltr' id='par_1_10' title="bbox 114 2321 1509 2411">
     <span class='ocr_line' id='line_1_39' title="bbox 157 2321 1509 2367; baseline -0.006 -7"><span class='ocrx_word' id='word_1_337' title='bbox 157 2328 170 2349; x_wconf 81' lang='lat'><em>²</em></span> <span class='ocrx_word' id='word_1_338' title='bbox 192 2329 266 2360; x_wconf 88' lang='lat' dir='ltr'>The</span> <span class='ocrx_word' id='word_1_339' title='bbox 281 2328 343 2360; x_wconf 87' lang='lat' dir='ltr'>five</span> <span class='ocrx_word' id='word_1_340' title='bbox 361 2328 498 2359; x_wconf 86' lang='lat' dir='ltr'>Bernese</span> <span class='ocrx_word' id='word_1_341' title='bbox 515 2326 779 2359; x_wconf 85' lang='lat' dir='ltr'>commissioners</span> <span class='ocrx_word' id='word_1_342' title='bbox 795 2325 833 2356; x_wconf 90' lang='lat' dir='ltr'>of</span> <span class='ocrx_word' id='word_1_343' title='bbox 846 2336 863 2367; x_wconf 88' lang='lat'>5</span> <span class='ocrx_word' id='word_1_344' title='bbox 881 2325 954 2366; x_wconf 86' lang='lat' dir='ltr'>Jan.</span> <span class='ocrx_word' id='word_1_345' title='bbox 975 2331 1056 2366; x_wconf 85' lang='lat'>1537</span> <span class='ocrx_word' id='word_1_346' title='bbox 1070 2323 1212 2365; x_wconf 84' lang='lat' dir='ltr'>charged</span> <span class='ocrx_word' id='word_1_347' title='bbox 1228 2322 1307 2354; x_wconf 85' lang='lat' dir='ltr'>with</span> <span class='ocrx_word' id='word_1_348' title='bbox 1324 2321 1379 2354; x_wconf 88' lang='lat' dir='ltr'>the</span> <span class='ocrx_word' id='word_1_349' title='bbox 1395 2331 1509 2353; x_wconf 90' lang='lat' dir='ltr'>execu-</span> 
     </span>
     <span class='ocr_line' id='line_1_40' title="bbox 114 2367 1125 2411; baseline -0.007 -6"><span class='ocrx_word' id='word_1_350' title='bbox 114 2373 184 2405; x_wconf 91' lang='lat' dir='ltr'>tion</span> <span class='ocrx_word' id='word_1_351' title='bbox 200 2372 238 2404; x_wconf 89' lang='lat' dir='ltr'>of</span> <span class='ocrx_word' id='word_1_352' title='bbox 250 2372 305 2404; x_wconf 89' lang='lat' dir='ltr'>the</span> <span class='ocrx_word' id='word_1_353' title='bbox 321 2371 407 2403; x_wconf 84' lang='lat' dir='ltr'>edict</span> <span class='ocrx_word' id='word_1_354' title='bbox 423 2371 461 2402; x_wconf 88' lang='lat' dir='ltr'>of</span> <span class='ocrx_word' id='word_1_355' title='bbox 477 2379 516 2411; x_wconf 91' lang='lat'>²4</span> <span class='ocrx_word' id='word_1_356' title='bbox 534 2372 616 2402; x_wconf 86' lang='lat' dir='ltr'>Dec.</span> <span class='ocrx_word' id='word_1_357' title='bbox 638 2369 721 2410; x_wconf 78' lang='lat'>1536</span> <span class='ocrx_word' id='word_1_358' title='bbox 738 2369 770 2400; x_wconf 88' lang='lat' dir='ltr'>in</span> <span class='ocrx_word' id='word_1_359' title='bbox 787 2369 842 2400; x_wconf 89' lang='lat' dir='ltr'>the</span> <span class='ocrx_word' id='word_1_360' title='bbox 859 2369 943 2410; x_wconf 85' lang='lat' dir='ltr'>Pays</span> <span class='ocrx_word' id='word_1_361' title='bbox 960 2368 1000 2400; x_wconf 90' lang='lat' dir='ltr'>de</span> <span class='ocrx_word' id='word_1_362' title='bbox 1019 2367 1125 2399; x_wconf 84' lang='lat' dir='ltr'>Vaud.</span> 
     </span>
    </p>

    <p class='ocr_par' dir='ltr' id='par_1_11' title="bbox 159 2412 1003 2453">
     <span class='ocr_line' id='line_1_41' title="bbox 159 2412 1003 2453; baseline -0.005 -6"><span class='ocrx_word' id='word_1_363' title='bbox 159 2415 172 2435; x_wconf 73' lang='lat'>3</span> <span class='ocrx_word' id='word_1_364' title='bbox 195 2416 304 2447; x_wconf 87' lang='lat' dir='ltr'>Pierre</span> <span class='ocrx_word' id='word_1_365' title='bbox 320 2415 435 2453; x_wconf 81' lang='lat' dir='ltr'>Giton,</span> <span class='ocrx_word' id='word_1_366' title='bbox 452 2424 512 2445; x_wconf 90' lang='lat' dir='ltr'>one</span> <span class='ocrx_word' id='word_1_367' title='bbox 529 2414 566 2445; x_wconf 88' lang='lat' dir='ltr'>of</span> <span class='ocrx_word' id='word_1_368' title='bbox 581 2414 638 2445; x_wconf 89' lang='lat' dir='ltr'>the</span> <span class='ocrx_word' id='word_1_369' title='bbox 654 2414 715 2445; x_wconf 83' lang='lat' dir='ltr'>five</span> <span class='ocrx_word' id='word_1_370' title='bbox 732 2412 1003 2444; x_wconf 83' lang='lat' dir='ltr'>commissioners.</span> 
     </span>
    </p>

    <p class='ocr_par' dir='ltr' id='par_1_12' title="bbox 116 2451 1512 2542">
     <span class='ocr_line' id='line_1_42' title="bbox 159 2451 1512 2499; baseline -0.007 -8"><span class='ocrx_word' id='word_1_371' title='bbox 159 2458 174 2477; x_wconf 76' lang='lat'>4</span> <span class='ocrx_word' id='word_1_372' title='bbox 196 2459 268 2490; x_wconf 90' lang='lat' dir='ltr'>The</span> <span class='ocrx_word' id='word_1_373' title='bbox 285 2458 484 2496; x_wconf 84' lang='lat' dir='ltr'>Catechism‚</span> <span class='ocrx_word' id='word_1_374' title='bbox 501 2457 694 2499; x_wconf 83' lang='lat' dir='ltr'>apparently</span> <span class='ocrx_word' id='word_1_375' title='bbox 711 2456 843 2496; x_wconf 83' lang='lat' dir='ltr'>already</span> <span class='ocrx_word' id='word_1_376' title='bbox 862 2456 893 2486; x_wconf 89' lang='lat' dir='ltr'>in</span> <span class='ocrx_word' id='word_1_377' title='bbox 918 2455 989 2486; x_wconf 90' lang='lat' dir='ltr'>MS.</span> <span class='ocrx_word' id='word_1_378' title='bbox 1007 2455 1039 2485; x_wconf 89' lang='lat' dir='ltr'>in</span> <span class='ocrx_word' id='word_1_379' title='bbox 1065 2454 1172 2493; x_wconf 83' lang='lat' dir='ltr'>Latin,</span> <span class='ocrx_word' id='word_1_380' title='bbox 1190 2454 1249 2484; x_wconf 84' lang='lat' dir='ltr'>but</span> <span class='ocrx_word' id='word_1_381' title='bbox 1264 2456 1322 2483; x_wconf 90' lang='lat' dir='ltr'>not</span> <span class='ocrx_word' id='word_1_382' title='bbox 1339 2451 1512 2493; x_wconf 84' lang='lat' dir='ltr'>published</span> 
     </span>
     <span class='ocr_line' id='line_1_43' title="bbox 116 2495 1510 2542; baseline -0.006 -8"><span class='ocrx_word' id='word_1_383' title='bbox 116 2503 150 2534; x_wconf 89' lang='lat' dir='ltr'>in</span> <span class='ocrx_word' id='word_1_384' title='bbox 167 2503 263 2534; x_wconf 86' lang='lat' dir='ltr'>Latin</span> <span class='ocrx_word' id='word_1_385' title='bbox 279 2502 331 2534; x_wconf 91' lang='lat' dir='ltr'>till</span> <span class='ocrx_word' id='word_1_386' title='bbox 351 2503 442 2542; x_wconf 80' lang='lat'>1538.</span> <span class='ocrx_word' id='word_1_387' title='bbox 476 2501 540 2532; x_wconf 90' lang='lat' dir='ltr'>For</span> <span class='ocrx_word' id='word_1_388' title='bbox 556 2500 647 2532; x_wconf 85' lang='lat' dir='ltr'>these</span> <span class='ocrx_word' id='word_1_389' title='bbox 663 2504 800 2532; x_wconf 84' lang='lat' dir='ltr'>extracts</span> <span class='ocrx_word' id='word_1_390' title='bbox 817 2499 854 2531; x_wconf 82' lang='lat' dir='ltr'>cf.</span> <span class='ocrx_word' id='word_1_391' title='bbox 875 2499 992 2539; x_wconf 74' lang='lat' dir='ltr'>Opera,</span> <span class='ocrx_word' id='word_1_392' title='bbox 1009 2509 1038 2529; x_wconf 77' lang='lat' dir='ltr'>v.</span> <span class='ocrx_word' id='word_1_393' title='bbox 1059 2497 1109 2538; x_wconf 89' lang='lat'>[=</span> <span class='ocrx_word' id='word_1_394' title='bbox 1131 2497 1165 2528; x_wconf 93' lang='lat' dir='ltr'>C.</span> <span class='ocrx_word' id='word_1_395' title='bbox 1178 2497 1219 2528; x_wconf 80' lang='lat' dir='ltr'>R.</span> <span class='ocrx_word' id='word_1_396' title='bbox 1240 2495 1369 2536; x_wconf 67' lang='lat' dir='ltr'>xxxiii]</span> <span class='ocrx_word' id='word_1_397' title='bbox 1388 2503 1448 2536; x_wconf 76' lang='lat'>337</span> <span class='ocrx_word' id='word_1_398' title='bbox 1463 2506 1510 2537; x_wconf 88' lang='lat' dir='ltr'>sq.</span> 
     </span>
    </p>
   </div>
  </div>
 </body>
</html>
