1715 2780
18 1803 25 1837 *Γ
18 1787 28 1795 ;
5 1476 30 1775 r-e-mgffl
5 1087 27 1469 '‘mm-
8 1017 14 1078 „,„„,.
9 991 11 1006 -
8 948 11 980 ’Μ

127 134 210 183 298
449 131 661 171 CALVIN
695 129 754 167 IN
787 129 969 175 EXILE,
1007 128 1182 176 1538-41
1447 126 1519 173 537

127 237 386 278 entierement
434 234 619 274 informes
663 246 740 283 que
779 238 907 270 vostre
946 231 1061 280 desyr
1100 231 1197 268 n’est
1235 229 1359 267 aultre
1398 240 1523 277 synon

127 294 151 331 a
180 293 497 341 l'acroyssement
529 296 567 327 et
597 293 859 326 avancement
889 286 939 324 de
970 285 1006 322 la
1035 285 1167 334 gloyre
1197 290 1235 321 et
1263 283 1445 320 honneur
1474 282 1525 320 de

130 345 234 385 Dieu
265 353 305 385 et
335 345 386 384 de
418 356 460 382 sa
491 342 640 381 saincte
673 340 947 387 Parolle,—de
977 339 1013 377 la
1048 345 1133 389 part
1162 338 1212 376 de
1244 344 1377 375 nostre
1410 335 1523 381 Petit,

129 400 266 440 Grand
295 406 334 438 et
364 397 534 437 General
564 396 746 446 Conseyl,
769 394 973 444 lesqueulx
1003 393 1053 431 de
1083 405 1177 441 cecy
1197 391 1277 429 f'ere
1300 402 1401 428 nous
1428 390 1526 427 hont

129 455 388 506 grandement
418 451 671 490 admoneste‘s
687 451 710 496 ¹,
733 461 830 487 vous
857 460 1001 498 pryons
1029 447 1104 485 tres
1131 452 1296 484 assertes
1323 457 1420 482 vous
1448 444 1526 481 vol-

129 510 236 558 loyer
262 513 501 557 transporter
524 518 593 555 par
620 505 757 543 devers
788 515 888 540 nous
913 510 950 540 et
972 514 1021 540 en
1042 508 1171 539 vostre
1192 498 1364 550 prestine
1386 498 1526 548 plache

132 559 278 615 [place]
301 568 339 599 et
359 559 559 598 ininistere
580 565 792 596 retourner.
853 557 904 594 Et
925 554 1112 606 esperons
1134 567 1183 592 66
1204 553 1329 603 l’ayde
1350 553 1400 590 de
1423 551 1526 590 Dieu

130 630 208 667 que
237 629 282 654 ce
311 627 416 653 seraz
445 626 499 651 un
527 613 651 663 grand
683 611 773 650 bien
804 618 842 648 et
871 611 995 659 fruyct
1021 610 1044 646 a
1071 606 1393 658 l'augmentation
1420 606 1470 644 (16
1491 607 1528 643 la

132 669 280 709 saincte
311 658 512 718 Evangile.
583 668 764 716 Voyeant
803 676 881 714 que
920 670 1051 702 nostre
1091 663 1234 712 peuple
1268 661 1529 711 grandement

130 737 227 764 vous
241 722 380 763 desire.
430 723 481 760 Et
495 722 624 759 ferons
638 732 813 769 avecque
826 731 924 756 vous
938 719 989 757 de
1005 724 1109 756 sorte
1123 729 1200 767 que
1216 714 1328 754 aures
1341 713 1527 752 occasion

132 791 229 817 vous
250 783 467 816 contenter.

190 884 277 928 No.
302 894 411 937 299.
453 882 560 926 The
591 882 799 935 pastors
831 878 889 922 of
912 877 1094 921 Ztirich
1124 887 1248 931 urge
1279 875 1386 919 him
1417 877 1470 918 to

546 941 735 990 return,
766 950 796 992 4
826 936 969 991 April
1000 947 1112 990 1541.

189 1035 320 1083 Quam
353 1045 444 1071 vero
478 1031 733 1069 inhonestum
773 1028 821 1067 sit
862 1027 1039 1067 Domino
1078 1026 1268 1073 reluctari,
1301 1034 1531 1076 quantoque

135 1101 225 1126 cum
257 1086 432 1138 periculo
459 1084 732 1131 coniunctum,
762 1083 923 1121 historia
953 1090 990 1121 et
1020 1082 1244 1131 exemplum
1282 1081 1405 1118 Ionae
1440 1080 1531 1118 satis

135 1141 294 1181 indicat.
365 1142 451 1179 Iam
483 1147 525 1178 ut
554 1138 803 1188 Argentorati
842 1138 1014 1183 haereas,
1046 1149 1126 1173 non
1161 1142 1251 1173 sunt
1284 1142 1362 1172 tam
1397 1146 1532 1184 graves

135 1209 288 1242 causae,
311 1208 434 1245 quum
457 1201 494 1233 te
519 1193 691 1231 abeunte
718 1190 884 1230 ecclesia
911 1189 1209 1240 Argentinensis
1238 1188 1334 1226 nihil
1362 1187 1533 1226 iacturae

135 1249 262 1296 faciat,
294 1261 396 1299 quae
423 1255 480 1287 tot
507 1255 717 1296 tantosque
746 1245 847 1284 viros
881 1245 1022 1283 doctos
1051 1252 1089 1282 et
1116 1250 1358 1293 praestantes
1389 1242 1534 1280 habeat

137 1311 180 1342 ut
200 1303 261 1342 vix
281 1303 379 1341 alia:
410 1301 575 1341 ecclesia
595 1314 687 1339 vero
709 1298 986 1338 Gebennensis
1011 1304 1162 1348 praeter
1184 1310 1306 1335 unum
1328 1295 1507 1334 Viretum
1522 1296 1534 1316 ²

137 1358 281 1397 habeat
301 1356 502 1396 neminem
519 1371 524 1394 :
547 1354 658 1394 cuius
675 1353 847 1392 humeris
864 1360 991 1392 totum
1008 1366 1109 1391 onus
1126 1351 1246 1401 idque
1261 1349 1533 1401 gravissimum

138 1411 343 1459 incumbit,
362 1411 471 1461 quod
491 1408 679 1459 tantisper
700 1407 866 1447 sustinet
887 1408 1016 1446 donec
1036 1407 1087 1445 ad
1104 1419 1197 1444 oves
1214 1418 1302 1443 suas
1319 1411 1532 1450 revocetur,

139 1474 182 1504 ut
212 1465 367 1504 interim
398 1473 549 1504 taceam
577 1471 726 1513 quanto
754 1476 843 1500 66111
873 1461 1048 1512 periculo
1069 1459 1259 1499 ecclesiae
1291 1457 1534 1496 Lausanensi

141 1519 243 1559 desit
263 1533 356 1558 5665
376 1526 518 1569 pastor.
543 1547 550 1555 .
573 1549 579 1555 .
603 1548 610 1555 .

196 1605 202 1611 .
226 1604 233 1612 .
257 1605 263 1611 .
287 1575 408 1612 Porro
434 1573 485 1612 de
512 1571 677 1610 utilitate
705 1584 785 1609 non
811 1577 869 1609 est
896 1570 1005 1620 quod
1027 1570 1150 1607 multa
1170 1567 1361 1606 dicamus.
1423 1565 1536 1604 Eruis

141 1640 234 1667 oves
265 1626 450 1678 plurimas
480 1640 501 1665 e
530 1627 713 1676 luporum
741 1623 931 1671 faucibus,
953 1636 1140 1662 coronam
1172 1619 1536 1659 immarcessibilem

142 1682 213 1734 tibi
239 1682 345 1735 apud
374 1683 506 1720 Deum
535 1680 721 1719 contexis.
783 1678 898 1717 Nosti
923 1678 1160 1716 Cebennam
1182 1675 1221 1713 in
1243 1674 1424 1713 confiniis
1452 1686 1538 1712 esse

141 1735 305 1783 Galliae,
338 1733 486 1782 Italiae,
519 1732 766 1780 Germaniae,
799 1740 841 1770 ut
872 1744 1013 1781 magna
1043 1743 1131 1780 spes
1162 1729 1210 1767 sit
1240 1728 1384 1767 isthinc
1412 1728 1538 1765 Evan-

142 1790 285 1840 gelium
316 1788 431 1827 latius
462 1788 501 1826 in
531 1786 796 1826 conterminas
827 1785 943 1824 urbes
973 1783 1271 1829 disseminandi,
1295 1790 1332 1820 et
1363 1780 1538 1831 pomeria

143 1845 250 1894 regni
291 1842 439 1883 Christi
481 1840 709 1891 ampliandi.
786 1839 902 1878 Nosti
946 1839 1184 1889 Apostolum
1234 1836 1307 1875 sibi
1347 1835 1539 1885 delegisse

143 1898 381 1947 metropoles
408 1896 448 1934 in
475 1895 619 1946 quibus
647 1893 879 1945 praedicarit
899 1893 1062 1932 verbum
1090 1890 1303 1941 Evangelii,
1328 1903 1374 1928 ex
1395 1889 1539 1939 quibus

145 1951 257 1990 facile
277 1951 317 1989 in
337 1950 431 1989 alias
452 1950 569 1989 urbes
589 1948 774 1987 finitimas
795 1948 1025 1987 dimanaret.
1085 1947 1291 1995 Quantum
1308 1957 1399 1983 vero
1420 1956 1541 1993 regno

146 2004 292 2046 Christi
312 2018 358 2044 ex
378 2006 452 2043 hac
473 2004 569 2043 urbe
589 2003 758 2042 adiicere
779 2015 900 2053 queas
923 2003 1006 2052 ipse
1028 2000 1166 2039 melius
1188 1998 1302 2046 nosti,
1326 2012 1407 2036 non
1435 2010 1541 2047 prae-

146 2058 318 2098 dicando
353 2060 494 2106 solum,
530 2058 600 2097 sed
635 2065 673 2096 et
707 2056 928 2095 scribendo.
990 2056 1104 2093 Haec
1139 2061 1240 2101 sunt,
1275 2053 1327 2090 mi
1363 2050 1539 2098 Calvine,

146 2126 249 2164 quae
278 2126 350 2152 nos
381 2119 541 2151 movent
568 2120 610 2150 ut
638 2119 675 2150 te
702 2123 894 2161 rogemus,
925 2110 1189 2155 obsecremus,
1219 2107 1463 2145 obtestemur
1492 2118 1541 2143 ne

147 2166 395 2206 vocationem
412 2167 526 2212 hanc,
544 2178 662 2215 quam
679 2179 702 2203 a
719 2164 895 2203 Domino
917 2177 1001 2203 esse
1022 2176 1103 2201 non
1120 2161 1361 2207 dubitamus,
1379 2159 1540 2204 reficias,

148 2222 217 2260 sed
238 2221 511 2260 incunctanter
532 2227 570 2258 et
589 2220 741 2270 absque
762 2231 870 2257 mora
892 2217 1075 2269 sequaris.
1102 2248 1108 2255 .
1133 2247 1139 2254 .
1164 2248 1171 2255 .

194 2341 202 2361 ¹
230 2342 278 2382 By
293 2341 487 2373 resolutions
504 2340 542 2371 os
558 2348 657 2380 19—21
680 2339 764 2373 Oct„
781 2350 810 2380 q.
824 2349 854 2369 v.
871 2338 904 2368 in
924 2336 1146 2377 Herminjard,
1163 2336 1207 2373 iv,
1226 2334 1291 2365 No.
1311 2342 1386 2375 900,
1403 2344 1434 2365 6.
1454 2342 1479 2364 1.

195 2385 207 2404 ²
233 2385 337 2423 Viret,
356 2389 390 2416 at
412 2384 467 2416 the
491 2390 620 2425 request
643 2382 680 2413 of
700 2382 754 2414 the
778 2382 945 2414 Genevese
963 2381 1056 2422 (ibid.
1074 2381 1116 2419 vi,
1134 2380 1165 2410 Ν
1170 2390 1200 2410 ο.
1218 2378 1308 2420 931),
1327 2387 1394 2408 was
1418 2382 1486 2408 sent
1503 2377 1546 2418 by

151 2429 233 2460 Bern
261 2434 296 2460 to
321 2429 453 2460 Geneva
480 2427 512 2459 in
541 2427 685 2468 January
716 2434 792 2466 1541
826 2425 919 2466 (ibid.
947 2425 1004 2462 vii,
1034 2424 1099 2455 No.
1127 2422 1218 2464 937).
1245 2421 1309 2452 and
1338 2420 1483 2453 returned
1511 2426 1546 2452 to

153 2472 334 2508 Lausanne‚
356 2481 393 2502 10
411 2471 489 2512 July
507 2480 586 2511 1542
608 2470 699 2511 (ibid.
717 2470 785 2508 viii,
802 2470 866 2500 No.
891 2468 970 2507 1136
982 2474 1000 2497 “.
