1715 2780
110 87 187 124 109
308 70 605 114 CATHOLIC
636 66 764 108 AND'
788 68 1174 112 PROTESTANT,
1210 77 1310 115 1529
1440 75 1514 109 249

166 183 258 218 Post
307 181 408 217 hanc
461 175 759 215 contentionem
809 171 1146 222 Oecolampadius
1193 168 1333 218 inquit,
1383 170 1391 186 ‘
1411 167 1514 205 Cum

112 234 350 285 spiritualem
373 245 484 271 esum
506 230 734 276 habeamus,
759 227 856 278 quid
877 240 970 277 ergo
991 239 1091 276 opus
1112 232 1170 263 est
1190 220 1433 273 corporaliP‘

168 289 383 326 Lutherus:
428 287 547 323 ‘Non
581 297 675 322 curo
710 283 806 332 quid
845 294 946 331 opus
981 288 1051 327 est,
1087 279 1157 317 sed
1197 290 1287 316 cum
1328 274 1515 324 scriptum

112 350 180 389 est,
207 345 228 361 “
243 341 403 391 Accipe,
427 340 521 378 &c.’'
543 338 769 377 faciendum
792 334 958 374 omnino
979 342 1038 373 est
1059 342 1097 372 et
1127 331 1384 371 credendum.
1445 329 1516 365 We

113 404 217 435 must
248 397 301 434 do
336 395 388 440 it:
418 406 536 444 saepe
569 391 804 431 inculcabat.
879 388 940 428 ‘Si
974 388 1151 434 iuberet,'
1181 384 1320 435 inquit,
1356 383 1516 420 ‘fimum

112 451 331 496 comedere,
355 451 535 493 facerem,
558 446 650 485 satis
668 445 794 484 sciens
816 446 892 482 hoc
913 456 998 482 esse
1020 441 1116 480 mihi
1138 439 1404 479 salutiferum?

167 502 502 553 Oecolampadius
534 502 666 539 locum
706 506 844 537 tractat
879 511 925 536 ex
964 510 1047 546 cap.
1082 495 1119 534 vi
1156 497 1227 542 Io.‚
1266 493 1406 532 “Caro
1436 504 1517 528 non

114 559 274 609 prodest
293 557 544 608 quicquam?
603 554 642 593 Si
663 567 753 592 caro
774 565 934 591 comesa
955 564 1036 589 non
1057 550 1219 600 prodest
1247 548 1317 585 sed
1347 545 1516 596 spiritus,

113 625 204 663 ergo
234 612 495 663 spectandum
525 608 640 647 nobis
670 608 766 658 quid
797 606 920 657 prosit
949 614 987 644 et
1016 606 1198 643 voluntas
1234 600 1311 640 Dei
1346 608 1521 638 contem-

114 667 283 717 planda,²
321 667 391 704 &o
469 666 646 713 Uterque
693 662 855 700 tandem
903 666 1142 711 protestatus
1191 665 1249 695 est
1287 668 1328 694 se
1372 654 1411 692 in
1451 667 1520 691 sua

114 728 450 771 perseveraturum
473 716 678 763 sententia,
701 716 864 766 quando
885 722 1024 752 neuter
1043 712 1153 751 alteri
1174 708 1436 750 satisfecisset.

170 774 370 824 Zuinglius
419 773 515 820 infit,
558 775 617 810 ‘et
664 771 883 808 Lutherum
928 766 1160 819 praeiudicii
1207 772 1367 803 accusat
1411 763 1520 812 quod

116 836 351 880 protestetur
381 841 422 866 se
448 840 471 865 a
496 839 566 864 sua
588 827 695 864 nolle
725 824 919 862 decedere
950 820 1157 860 sententia.
1218 820 1279 857 Ita
1310 816 1521 855 Helvidius

117 884 156 922 in
188 883 372 929 dictione,
409 881 613 928 “Frater‚''
642 878 906 928 argumentari
945 875 1149 926 potuisset,
1181 886 1274 911 curn
1308 870 1522 910 clarissime

117 938 303 987 scriptum
322 937 381 982 sit,
400 940 420 955 “
436 937 588 973 Fratres
610 933 729 979 eius,''
743 934 812 971 &o
860 930 1032 970 Collatio
1049 929 1272 978 Scripturae
1288 925 1519 964 necessaria.

120 995 259 1042 Itaque
280 991 351 1029 etsi
373 1003 454 1028 non
470 989 701 1034 habeamus,
725 988 854 1024 “Hoc
875 993 934 1024 est
956 987 1077 1034 figura
1098 981 1308 1032 corporis‚'’
1329 980 1523 1018 habemus

118 1055 249 1084 tamen
270 1046 378 1095 quod
400 1042 563 1083 abducit
583 1056 605 1080 a
625 1040 818 1091 corporali
844 1038 1175 1078 manducatione:
1207 1048 1299 1085 ergo
1324 1034 1363 1072 in
1386 1034 1524 1072 Coena

118 1113 260 1150 corpus
281 1112 396 1137 suum
419 1111 499 1136 non
521 1096 632 1135 dedit
652 1094 929 1145 corporaliter.⁷

174 1154 406 1193 Concordes
436 1153 592 1190 fuerunt
625 1150 663 1188 in
695 1151 782 1196 hoc,
809 1148 920 1198 quod
952 1146 1168 1197 principale
1203 1152 1272 1190 est,
1306 1155 1450 1191 nempe
1486 1141 1523 1177 in

119 1209 308 1259 spirituali
329 1205 647 1245 manducatione.

176 1263 277 1300 Inde
298 1268 436 1299 tractat
457 1273 540 1309 cap.
559 1260 595 1296 vi
619 1260 728 1296 Ioan.
748 1255 975 1308 praesertim
993 1256 1081 1301 hoc,
1100 1258 1107 1274 ‘
1125 1257 1146 1273 “
1161 1251 1326 1303 Spiritus
1343 1250 1525 1295 vivificat,

121 1330 210 1355 caro
240 1329 321 1354 non
352 1316 512 1365 prodest
541 1312 791 1362 quicquam.⁷⁷
850 1309 1165 1354 Humanitatem,
1193 1319 1294 1356 quae
1322 1317 1436 1355 passa
1467 1304 1526 1349 sit,

120 1371 262 1420 excipit
283 1386 288 1408 :
310 1370 375 1408 illa
395 1368 501 1408 enim
523 1366 710 1405 salutaris.
763 1367 822 1404 Ex
843 1362 1129 1413 consequentia
1149 1361 1359 1399 verborum
1376 1358 1527 1396 validis-

121 1424 218 1463 sime
255 1424 407 1475 probat,
439 1423 550 1472 quod
585 1434 677 1460 caro
716 1432 876 1459 comesa
914 1432 995 1457 non
1034 1416 1156 1467 prosit
1193 1414 1420 1465 quicquam.
1482 1413 1527 1449 Ili

121 1479 260 1525 verbis,
287 1477 532 1527 Discerpere,
556 1475 769 1521 Dilaniare,
791 1472 1033 1512 calumniam
1055 1470 1219 1509 Lutheri
1242 1476 1413 1514 accusat,
1437 1479 1527 1504 cum

122 1533 228 1572 idern
251 1533 299 1570 sit
320 1532 484 1571 verbum
507 1531 655 1577 ἐσθίειν,
681 1530 809 1576 edere,
831 1527 1054 1573 comedere,
1077 1524 1329 1563 manducare.
1391 1522 1527 1570 Quum

122 1587 338 1626 ascendero
387 1586 426 1623 in
475 1586 646 1631 coelum,
689 1593 783 1621 tunc
832 1580 1016 1620 videbitis
1064 1593 1128 1617 me
1172 1591 1253 1616 non
1299 1575 1530 1614 manducari

123 1640 386 1691 corporaliter,
418 1640 550 1689 really,
576 1638 723 1687 bodily,
746 1639 816 1675 &o
877 1635 1042 1686 Spiritus
1073 1642 1110 1671 et
1141 1645 1232 1670 caro
1262 1637 1529 1680 opponuntur.

123 1694 436 1735 Contentionem
467 1694 518 1732 de
545 1692 685 1730 humili
716 1692 918 1729 intellectu
950 1688 1113 1734 refricat,
1136 1686 1313 1734 dicitque
1334 1684 1530 1733 quaedam

125 1749 259 1800 probe,
278 1749 475 1798 quaedam
497 1746 695 1797 pueriliter
716 1745 822 1783 dicta
844 1745 954 1789 esse,'
971 1755 1127 1792 nempe,
1149 1744 1170 1759 ‘⁴
1185 1739 1224 1778 Si
1250 1740 1358 1776 Deus
1379 1737 1530 1776 iuberet

126 1805 264 1842 fimum
290 1803 535 1848 comedere‚''
557 1802 627 1838 &c
690 1801 794 1837 Nam
816 1810 919 1848 quae
945 1798 1055 1835 Deus
1086 1795 1206 1841 iubet,
1230 1793 1281 1831 ad
1312 1792 1464 1830 bonum
1495 1800 1531 1828 et

127 1859 294 1896 salutem
328 1857 447 1895 iubet.
512 1856 621 1893 Deus
656 1856 789 1891 lumen
822 1853 902 1899 dat,
939 1858 976 1889 et
1015 1863 1096 1889 non
1132 1847 1315 1887 tenebras
1349 1844 1529 1884 offundit.

130 1913 233 1962 Ergo
258 1924 339 1950 non
360 1910 467 1955 dicit,
495 1910 624 1948 “Hoc
645 1916 704 1946 est
724 1919 867 1957 corpus
889 1918 1022 1944 meum
1037 1906 1054 1921 '⁴
1076 1901 1346 1948 essentialiter,
1369 1899 1532 1941 realiter,

127 1966 343 2012 carnaliter,
375 1977 466 2002 cum
502 1964 700 2013 Scriptura
730 1967 931 2011 repugnet.
993 1959 1164 1998 Oracula
1193 1956 1436 1995 daemonum
1468 1953 1530 1990 ob-

128 2032 250 2067 scura,
274 2032 355 2058 non
377 2017 534 2058 Christi.
595 2016 742 2055 Anima
763 2016 977 2054 manducat
998 2012 1188 2063 spiritum,
1212 2023 1294 2048 non
1314 2009 1497 2047 carnem.⁴

185 2075 391 2120 Lutherus,
411 2080 548 2111 contra
565 2070 812 2116 Helvidium,
832 2072 840 2089 ‘
858 2071 878 2088 ‘⁴
893 2070 1026 2107 Frater
1040 2068 1058 2083 ⁷'
1079 2078 1149 2116 pro
1166 2063 1331 2115 patrueli
1348 2077 1395 2101 ex
1411 2061 1535 2110 Scrip

131 2137 216 2166 tura
245 2129 456 2178 probatur:
488 2126 565 2164 Sed
596 2124 660 2163 hic
682 2125 814 2162 “Hoc
844 2130 902 2161 est
932 2122 1107 2171 corpus”
1129 2128 1264 2169 tropus
1295 2130 1375 2155 non
1407 2123 1534 2166 potest

132 2182 300 2232 probari.
360 2180 598 2230 Crab-apple
617 2179 648 2217 si
670 2179 780 2217 Deus
802 2176 899 2215 mihi
923 2182 1172 2226 proponeret,
1195 2185 1268 2223 ego
1288 2170 1538 2221 spiritualiter

134 2237 425 2275 manducarem.
499 2235 603 2272 Nam
624 2233 853 2281 ubicunque
873 2238 932 2269 est
952 2229 1116 2268 verbum
1140 2227 1228 2274 Dei,
1251 2225 1305 2264 ibi
1326 2223 1536 2275 spiritualis

133 2297 190 2328 est
212 2288 488 2327 manducatio:
518 2300 610 2337 ergo
627 2300 717 2325 cum
739 2286 984 2335 corporalem
1008 2281 1357 2321 manducationem
1379 2277 1533 2321 adiecit,

133 2343 320 2389 dicendo,
342 2344 472 2380 “Hoc
496 2350 554 2380 est
581 2353 724 2391 corpus
753 2340 922 2386 meum,⁷²
943 2338 1188 2376 credendum
1210 2334 1293 2373 erit.
1352 2331 1537 2372 Comedi-

136 2410 223 2436 mus
257 2398 335 2435 fide
367 2398 443 2435 hoc
478 2408 632 2445 corpus,
668 2395 778 2444 quod
815 2405 887 2442 pro
921 2391 1038 2430 nobis
1073 2389 1248 2428 traditur.
1308 2388 1364 2425 Os
1394 2385 1536 2434 accipit

136 2463 278 2500 corpus
300 2450 445 2490 Christi
463 2466 467 2487 τ
500 2450 630 2487 anima
651 2448 773 2486 credit
795 2446 935 2493 verbis,
959 2445 1051 2495 quia
1072 2446 1152 2483 edit
1173 2442 1340 2491 corpus.⁷
