1715 2780
87 63 165 104 219
320 53 564 93 GERMAN
594 50 999 91 SWITZERLAND
1030 49 1104 89 TO
1140 60 1239 98 1529
1407 48 1483 96 465

87 160 161 198 hac
190 157 338 197 scilicet
367 156 609 203 conditione,
640 162 683 194 ut
712 154 824 205 plebs
853 167 900 192 ex
929 152 1090 202 publico
1118 150 1267 190 aerario
1296 150 1418 201 litiget
1449 157 1487 188 et

86 220 256 260 accuset,
289 211 343 250 illi
378 224 470 250 vero
504 224 576 249 suo
614 215 773 259 sumptu
812 207 866 247 rei
905 208 993 245 sint.
1054 207 1217 245 Interim
1256 204 1390 243 habita
1429 212 1488 242 est

88 280 230 317 magna
262 273 461 316 portarum
497 264 740 314 turriumque
777 261 929 313 vigilia:
970 273 1043 300 nec
1073 259 1201 298 minor
1230 265 1311 298 erat
1341 258 1485 297 civium

87 319 389 371 circumspectio
410 332 529 370 quam
549 318 589 356 in
616 317 750 356 medio
771 316 956 355 hostium.
1017 317 1188 353 Ioannes
1210 315 1339 352 Irmus
1360 312 1486 363 plebis

88 374 250 414 nomine
279 375 386 424 apud
416 376 605 413 Senatum
636 371 758 410 oravit
789 370 886 408 mira
914 368 1138 408 constantia
1162 375 1199 406 et
1231 368 1309 406 fide
1336 375 1374 405 et
1404 380 1485 404 non

88 429 218 468 minus
248 427 506 479 plausibiliter
535 427 641 477 apud
672 425 841 476 plebem.
902 425 1069 463 Senatus
1100 422 1233 472 itaque
1259 421 1486 459 cunctando

88 482 316 534 patientiam
347 481 473 532 plebis
503 482 678 531 frangere
708 479 904 525 studebat,
936 485 974 516 et
1008 477 1048 515 in
1083 475 1300 515 minoribus
1336 474 1488 526 petitio-

88 537 205 576 nibus
234 536 525 586 occupabatur:
566 548 657 572 nam
690 547 768 584 qua
806 532 955 571 ratione
990 539 1027 570 et
1058 532 1180 569 modo
1210 528 1487 568 Thilamonius

87 598 220 631 noster
237 591 302 640 (G.
318 589 577 640 Tyllmannii)
591 602 748 627 summo
766 588 915 637 templo
936 587 1201 625 restitueretur
1217 583 1485 628 concionator,

89 653 128 684 et
148 644 290 684 similia
309 643 547 694 cogitabant.

142 698 300 738 Accidit
330 706 462 736 autem
498 705 539 735 ut
580 696 741 747 quidam
780 694 931 741 armati,
963 695 1241 744 perlustrantes
1276 691 1485 738 civitatem,

89 753 383 804 ingrederentur
407 752 598 802 templum
627 762 827 789 summum
853 757 890 787 et
911 762 1001 787 cum
1024 746 1260 797 hellepardis
1281 745 1391 796 quasi
1420 759 1489 796 per

87 809 217 846 lusum
230 806 424 857 aperirent
436 805 645 844 armarium
660 804 857 843 idolorum
872 815 1076 852 unumque
1090 801 1241 840 idolum
1252 802 1466 839 educerent
1481 815 1487 838 :

89 863 198 912 quod
222 861 262 900 in
290 862 432 899 multas
459 867 587 910 partes
613 858 742 898 statim
764 858 982 907 collapsum
1004 864 1062 895 est
1083 863 1121 894 et
1142 854 1392 893 occasionem
1415 853 1488 892 illis

88 915 198 955 dedit
229 922 267 954 et
299 914 376 953 alia
406 914 512 954 idola
545 911 856 958 comminuendi,
889 911 980 949 licet
1008 909 1106 948 nihil
1137 922 1178 948 se
1208 910 1283 948 tale
1319 910 1489 947 facturos

87 971 314 1020 cogitarent.
374 968 587 1008 Prohibere
607 974 740 1006 autem
761 967 837 1004 hoc
853 972 1069 1015 coeperunt
1089 965 1251 1014 quidam
1273 961 1465 1013 pontificii
1484 976 1490 999 :

89 1025 196 1063 unde
225 1022 347 1062 nostri
376 1023 617 1061 contendere
647 1022 796 1060 nedum
826 1032 1000 1070 pugnare
1020 1019 1196 1056 volentes
1223 1016 1487 1067 egrediuntur.

89 1079 166 1117 Sed
194 1077 329 1116 nescio
355 1076 443 1127 quis
463 1090 596 1114 rumor
615 1075 699 1114 aliis
721 1074 875 1113 interim
898 1075 1044 1111 facturn
1066 1071 1290 1110 insinuavit.
1349 1070 1487 1108 Statim

89 1131 192 1171 enim
216 1145 263 1170 ex
283 1132 425 1170 nostris
445 1129 584 1169 armati
608 1130 771 1168 trecenti
793 1141 839 1167 ex
859 1128 944 1166 foro
964 1128 1174 1173 affuerunt,
1194 1127 1357 1164 fortasse
1385 1124 1488 1162 anxii

89 1187 140 1225 de
161 1185 221 1224 his
241 1185 309 1236 qui
329 1198 411 1224 rem
432 1193 580 1223 tantam
597 1183 828 1222 affectarint.
869 1181 925 1220 Hi
943 1181 977 1219 vi
995 1181 1215 1230 irruperunt
1236 1179 1276 1217 in
1296 1180 1487 1228 templum

89 1253 289 1278 summum
321 1246 358 1278 et
388 1238 523 1277 omnia
552 1238 659 1277 idola
687 1236 969 1276 deturbarunt:
1010 1242 1048 1273 et
1069 1234 1215 1273 deinde
1236 1239 1489 1284 perrexerunt

88 1293 128 1332 in
150 1295 342 1344 templum
364 1295 401 1333 S.
419 1292 534 1339 Petri,
553 1291 873 1331 Praedicatorum
894 1297 932 1328 et
953 1288 1096 1327 Albani
1115 1300 1188 1326 nec
1209 1300 1290 1326 non
1306 1285 1489 1325 Huldrici

89 1347 345 1398 similiterque
383 1346 423 1385 in
462 1346 648 1386 omnibus
696 1344 852 1394 templis
900 1350 1073 1394 egerunt.
1151 1340 1490 1391 Superveniebant

90 1409 289 1441 senatores
319 1401 386 1452 qui
415 1400 680 1452 prohibebant
696 1414 705 1447 3
744 1399 813 1437 sed
841 1411 922 1436 non
943 1397 1191 1435 curabantur.
1252 1397 1340 1434 Imo
1359 1394 1491 1433 audie-

90 1456 186 1495 bant
215 1455 401 1507 graviter:
441 1456 530 1493 ‘De
560 1468 640 1505 quo
669 1466 738 1491 vos
769 1466 837 1503 per
870 1451 1081 1490 triennium
1117 1450 1363 1489 deliberastis
1392 1448 1489 1486 nihil

91 1510 304 1550 efficientes
343 1522 416 1548 nos
451 1508 552 1547 intra
590 1510 727 1546 horam
767 1519 886 1545 omne
919 1505 1196 1544 absolvemus)
1266 1504 1380 1552 Quae
1414 1516 1490 1540 vox

91 1577 181 1603 cum
221 1563 414 1602 similibus
448 1564 501 1602 ita
530 1575 597 1601 eos
632 1561 766 1600 terruit
801 1568 1056 1609 caeterosque
1091 1565 1290 1597 senatores
1332 1565 1373 1595 ut
1412 1557 1488 1594 iam

90 1631 246 1669 prorsus
277 1617 373 1656 nihil
402 1617 628 1656 dubitarent
659 1615 884 1654 cedendum
915 1615 954 1651 in
985 1616 1058 1651 hac
1082 1620 1191 1662 parte
1215 1610 1342 1661 plebi:
1383 1611 1490 1649 unde

92 1685 182 1711 mox
207 1671 341 1710 omnia
368 1679 409 1709 ut
438 1672 635 1721 postulata
655 1677 764 1708 erant
784 1667 967 1706 obtinuit.
1028 1666 1153 1704 Eiecti
1174 1666 1279 1704 enim
1302 1677 1323 1703 e
1344 1665 1490 1702 Senatu

92 1726 305 1765 duodecim
328 1755 334 1761 .
361 1756 368 1763 .
390 1755 396 1762 .
420 1737 558 1763 omnes
579 1723 750 1773 insignes
771 1720 991 1760 adversarii.
1032 1722 1245 1758 Decretum
1267 1726 1309 1757 ut
1326 1719 1490 1768 posthac

91 1779 371 1818 communibus
401 1777 591 1828 suffragiis
621 1784 754 1815 creent
785 1775 977 1814 Scabinos
1002 1773 1123 1825 (quos
1150 1780 1292 1811 vocant
1322 1773 1491 1822 Seclzser)

92 1833 234 1884 singuli
259 1832 299 1870 in
321 1832 399 1871 suis
421 1831 548 1878 curiis,
572 1838 609 1869 et
629 1832 795 1880 posthac
819 1829 1072 1868 Dioecesium
1090 1827 1099 1849 ¹
1125 1827 1307 1877 suffragio
1328 1825 1491 1876 eligatur

94 1887 339 1938 magistratus
360 1899 538 1924 summus
559 1893 596 1924 et
618 1886 825 1924 Senatores
846 1884 929 1921 eius
950 1881 1041 1920 anni
1064 1882 1359 1920 confirmentur.
1415 1881 1491 1918 De—

93 1949 242 1980 cretum
273 1948 316 1978 ut
345 1953 393 1979 eo
422 1939 508 1990 ipso
538 1939 602 1978 die
631 1938 671 1976 in
701 1937 857 1976 civitate
886 1944 924 1975 et
953 1949 1046 1987 agro
1072 1934 1277 1974 Basiliensi
1305 1935 1492 1972 tollantur

93 1994 210 2042 idola,
240 1994 506 2044 abrogataque
537 1993 584 2031 sit
613 2005 769 2042 prorsus
805 1990 928 2029 Missa
963 1990 1002 2028 in
1037 1989 1224 2028 omnibus
1259 1987 1415 2038 templis
1444 2001 1490 2025 ac

93 2048 291 2087 domibus.
352 2047 534 2097 Denique
565 2060 667 2096 quae
698 2047 758 2084 vel
789 2046 840 2083 ad
873 2045 1035 2095 gloriam
1070 2044 1145 2082 Dei
1177 2043 1237 2081 vel
1269 2043 1321 2080 ad
1351 2054 1489 2092 paceni

93 2101 331 2153 reipublicae
348 2101 545 2152 pertinent
561 2114 652 2138 cum
671 2098 890 2138 Dioecesiis
904 2100 916 2117 ²
933 2106 971 2136 et
988 2111 1034 2136 ex
1054 2097 1171 2147 plebe
1191 2095 1403 2145 assumptis
1424 2096 1491 2132 cir-

94 2155 189 2194 citer
218 2154 417 2206 sexaginta
446 2154 703 2206 optimatibus
734 2153 984 2203 disponenda
1013 2158 1104 2189 sunt
1133 2151 1284 2200 absque
1319 2148 1490 2186 ulteriori

94 2209 357 2248 cunctatione.
416 2211 548 2259 Atque
579 2208 633 2246 sic
663 2209 722 2245 his
752 2205 1049 2245 conditionibus
1070 2205 1183 2255 plebs
1204 2205 1305 2241 laeta
1324 2203 1489 2241 domum

93 2263 206 2308 redit,
226 2263 300 2301 sub
319 2263 448 2313 ipsum
469 2262 596 2301 noetis
617 2262 900 2311 crepusculum.

149 2316 230 2355 Hic
250 2316 362 2355 multi
384 2317 570 2363 fortassis,
590 2315 640 2354 mi
664 2317 789 2360 frater,
810 2315 953 2353 nostris
974 2313 1077 2351 varia
1098 2310 1260 2350 crimina
1282 2311 1491 2359 imponunt

96 2370 202 2409 haud
222 2370 342 2409 dubie
363 2372 432 2409 sed
453 2371 562 2409 falso.
621 2370 728 2408 Nulli
751 2381 824 2408 nec
845 2368 1009 2407 obolum
1029 2366 1273 2404 abstulerunt
1291 2379 1297 2402 :
1339 2371 1490 2402 tantum

359 2441 364 2457 ¹
391 2451 420 2472 v.
438 2440 461 2473 l.
477 2439 718 2472 Diacosiorum.
928 2438 939 2455 ²
963 2448 993 2468 v.
1012 2437 1034 2469 l.
1053 2434 1229 2467 Diacosiis.

150 2501 215 2532 944
756 2494 784 2519 Η
806 2483 831 2519 h
