1715 2780
210 108 294 157 634‘
382 106 502 145 THE
534 106 858 146 DISCIPLINE
890 105 950 142 IN
981 104 1223 150 GENEVA,
1259 105 1441 153 1542-64
1524 102 1606 149 308

209 210 391 250 ordinem
418 211 580 250 darent:
610 216 843 256 annuerunt,
867 209 940 248 etsi
968 222 1049 248 non
1075 207 1254 247 libenter.
1313 209 1399 246 Illic
1426 209 1543 258 longa
1569 214 1607 246 et

209 264 326 358 gravi)
334 265 513 304 oratione
532 266 582 305 de
609 272 692 304 tota
718 278 758 303 re
782 263 971 303 disserui:
1001 261 1157 302 obtinui
1183 263 1292 302 nullo
1315 261 1474 313 negotio
1498 262 1607 312 quod

208 327 298 369 pete
329 332 403 358 am.
427 350 434 358 .
458 351 465 358 .
490 350 497 358 .

453 423 545 466 No.
567 434 680 476 309.
728 421 985 474 castellio,
1014 432 1062 464 12
1091 421 1224 474 June
1251 431 1378 475 1544.

265 506 324 559 (a)
354 509 471 546 From
500 520 524 544 a
552 508 662 544 letter
688 506 735 555 of
756 507 899 545 Calvin
930 511 966 544 lo
995 505 1107 553 Vz'ret,
1138 517 1183 543 II
1205 505 1290 543 Feb.
1319 502 1609 555 1544.—Seba-

211 562 360 601 stianus
386 563 437 600 ad
458 561 550 600 vos1
570 574 661 599 cum
686 559 805 598 literis
832 557 1001 598 nostris2
1020 558 1289 610 proficiscitur.
1349 557 1514 598 Utinam
1540 564 1608 594 aut

211 618 294 666 ipse
324 615 399 654 sibi
429 614 568 653 melius
598 615 830 661 consuleret,
862 621 929 652 aut
958 613 1073 651 nobis
1102 612 1233 663 aliqua
1262 618 1365 651 esset
1393 612 1502 659 ratio,
1530 624 1609 660 qua

211 683 417 721 possemus
446 669 501 707 illi
531 669 614 707 sine
636 667 838 707 Ecclesiae
864 668 1122 706 incommodo
1148 668 1363 706 consulere.
1423 667 1527 705 Cum
1553 664 1608 702 illi

211 724 374 775 pristina
386 723 562 762 conditio
577 724 725 773 integra
741 736 808 773 per
825 735 896 761 nos
913 729 1098 769 maneret,
1115 734 1274 760 manere
1288 720 1328 758 in
1341 733 1388 759 ea
1403 718 1606 766 recusavit,

211 778 285 817 nisi
300 777 450 828 aliquid
466 779 516 816 ad
533 776 774 828 stipendium
789 777 1029 815 adderetur.³
1073 777 1167 814 Hoc
1182 789 1205 814 a
1220 776 1367 814 Senatu
1383 787 1464 812 non
1480 771 1608 823 potuit

213 831 423 882 impetrari.
484 831 587 870 Mihi
609 830 729 870 satius
759 830 966 869 videbatur
985 843 1145 868 causam
1172 842 1242 868 cur
1267 830 1318 868 ad
1348 826 1608 866 ministerium

212 900 293 925 non
309 885 581 925 admitteretur
593 887 605 906 ‘¹
622 885 817 924 subticere
833 892 900 923 aut
915 883 1165 923 subindicare
1181 896 1266 922 esse
1282 882 1431 933 aliquid
1446 880 1609 931 impedi-

213 942 348 988 menti,
371 948 409 979 et
434 947 566 978 tamen
591 939 707 978 simul
729 938 887 978 obviarn
912 938 966 977 ire
986 937 1113 989 pravis
1140 936 1455 988 suspicionibus:
1485 942 1528 973 ut
1554 934 1609 972 illi

213 1008 283 1033 sua
303 994 538 1033 existimatio
559 995 663 1032 salva
683 1000 891 1032 constaret.
945 994 1006 1031 Eo
1027 992 1259 1043 spectabant
1280 1004 1368 1030 mea
1388 988 1552 1028 consilia
1567 996 1610 1027 ut

214 1049 267 1086 illi
297 1062 508 1099 parcerem.
568 1049 690 1097 Quod
719 1048 887 1086 libenter
916 1048 1087 1085 facturus
1118 1059 1224 1085 eram
1254 1046 1498 1095 (quanquam
1528 1056 1609 1081 non

212 1103 364 1153 absque
385 1102 549 1153 invidia)
571 1102 602 1140 si
630 1102 713 1152 ipse
739 1114 877 1152 passus
902 1100 1048 1140 fuisset.
1107 1101 1239 1140 Causa
1262 1099 1388 1150 igitur,
1411 1111 1459 1137 eo
1479 1104 1610 1147 postu-

213 1158 329 1205 lante,
348 1157 491 1207 agitata
512 1164 570 1195 est
594 1156 635 1194 in
656 1157 815 1203 Senatu,
839 1156 909 1194 sed
929 1154 1025 1193 citra
1044 1153 1355 1193 contentionem.
1407 1154 1478 1191 Me
1497 1152 1610 1190 vehe-

214 1219 365 1250 menter
394 1211 477 1250 eius
508 1210 677 1258 miseret,
704 1223 833 1260 eoque
862 1208 984 1260 magis
1015 1210 1124 1259 quod
1153 1221 1288 1247 vereor
1316 1221 1368 1246 ne
1397 1206 1502 1245 illic5
1527 1218 1609 1244 non

213 1265 378 1315 reperiat
394 1266 503 1315 quod
520 1264 638 1315 cupit.
680 1266 776 1312 Vos,
791 1264 925 1314 quoad
941 1262 1127 1313 poteritis,
1143 1262 1198 1301 illi
1214 1260 1436 1313 prospicite.
1480 1260 1610 1309 Quale

213 1321 264 1358 de
285 1333 349 1358 me
371 1318 561 1357 iudicium
583 1318 738 1365 habeat,
762 1318 859 1356 nihil
880 1331 1020 1356 moror.
1045 1348 1053 1356 .
1077 1347 1084 1355 .
1109 1347 1117 1356 .

269 1373 323 1424 (b)
353 1375 469 1411 From
490 1374 550 1410 tlte
570 1374 696 1410 letters
716 1373 951 1410 testimonia!
971 1372 1020 1420 os
1036 1373 1095 1409 tlze
1119 1371 1311 1408 mim‘sters
1336 1369 1383 1418 of
1398 1369 1553 1408 Geneva
1574 1373 1611 1405 to

214 1428 294 1466 Seb.
318 1427 670 1467 ὀπίσθια-(ἰωῇ
693 1425 946 1464 Sebastianus
969 1424 1142 1464 Castalio
1163 1425 1322 1462 scholae
1343 1430 1501 1461 nostrae
1521 1423 1611 1460 hac-

214 1489 328 1519 tenus
344 1480 586 1531 praefuisset,
610 1479 839 1518 missionem
854 1479 964 1529 petiit
981 1493 1004 1517 a
1016 1480 1162 1517 Senatu
1178 1491 1224 1516 ac
1240 1475 1472 1527 impetravit.
1530 1477 1612 1514 Ista

214 1536 320 1574 enim
347 1537 432 1585 lege
460 1542 685 1584 susceperat
712 1535 814 1572 hanc
841 1533 1094 1584 provinciam,
1118 1539 1161 1570 ut
1189 1531 1263 1570 sibi
1290 1531 1485 1581 integrum
1513 1531 1611 1569 foret

214 1603 301 1628 eam
331 1589 561 1639 relinquere,
594 1588 625 1626 si
655 1596 744 1638 post
774 1587 935 1638 aliquod
966 1586 1153 1638 temporis
1186 1585 1356 1636 spatium
1389 1583 1504 1623 nimis
1536 1584 1610 1623 sibi

259 1665 268 1682 ¹
293 1675 335 1696 sc.
355 1665 409 1696 the
425 1664 588 1696 ministers
605 1664 641 1695 of
654 1664 834 1695 Lausanne.

260 1709 272 1726 ²
296 1719 339 1741 sc.
357 1709 412 1740 the
429 1708 617 1745 certificate,
633 1707 727 1748 given
746 1707 861 1738 below.

258 1753 269 1770 ³
293 1753 345 1784 Cf.
362 1753 440 1793 ch.
460 1752 504 1783 du
526 1751 665 1790 Conscff,
683 1761 722 1791 14
732 1751 818 1792 san.
835 1754 986 1790 1544.—‘
999 1750 1060 1782 Sur
1076 1759 1112 1781 ce
1127 1759 1189 1790 que
1201 1749 1247 1780 M.
1261 1747 1408 1779 Calvina
1419 1750 1612 1788 rappourter

215 1807 276 1837 que
297 1797 346 1826 Me
366 1796 499 1826 Bastian
516 1800 562 1826 est
579 1795 652 1826 bien
673 1799 807 1826 scavant
825 1794 936 1833 home,
953 1792 1023 1825 mes
1039 1792 1118 1834 qu’il
1135 1797 1184 1824 ast
1201 1792 1341 1834 quelque
1357 1791 1513 1832 opignion
1530 1789 1612 1820 dont

216 1839 298 1871 n'est
324 1839 462 1880 capable
487 1849 569 1880 pour
596 1839 627 1870 le
651 1837 819 1869 ministere
842 1843 873 1869 et
897 1849 936 1869 en
960 1837 1064 1868 oultre
1088 1846 1124 1868 ce
1147 1837 1288 1867 lamente
1311 1835 1352 1866 de
1375 1845 1432 1865 son
1455 1843 1540 1875 gage
1572 1832 1612 1863 de

216 1882 348 1915 l'escole
363 1895 370 1921 ;
394 1887 426 1914 et
443 1893 496 1913 sur
511 1892 547 1914 ce
571 1880 717 1913 ordonne'
742 1881 782 1912 de
806 1882 860 1922 luy
878 1881 946 1912 dire
963 1881 1044 1922 qu’il
1061 1890 1097 1912 ce
1117 1879 1180 1921 [se]
1200 1889 1260 1920 aye
1275 1878 1294 1910 a
1310 1882 1478 1910 contenter
1496 1900 1502 1907 .
1520 1901 1527 1908 .
1546 1900 1554 1907 .
1571 1875 1613 1907 de

216 1938 272 1988 soi}
292 1937 376 1967 gage
388 1950 400 1981 ,’
421 1949 429 1958 .
449 1950 456 1957 .
470 1925 478 1938 '
498 1926 632 1976 (Qpera',
651 1926 713 1956 xxi.
733 1925 786 1966 [C.
801 1926 843 1956 R.
861 1924 954 1965 xlix.]
974 1924 1064 1964 328).
1111 1967 1117 1973 ⁶
1341 1965 1347 1972 ι
1509 1964 1515 1970 ·
1547 1963 1553 1969 ⁶

296 1970 348 2001 Cf.
365 1970 388 2000 lx
397 1979 440 2009 cg.
452 1969 497 1999 du
509 1969 647 2007 consed,
657 1969 787 2010 2Ssan.
803 1970 952 2008 1544.—‘
964 1969 1011 1999 M.
1024 1967 1141 1999 Calvm
1150 1970 1183 1997 et
1195 1967 1247 1997 Me
1260 1967 1393 1997 Bastian
1404 1963 1611 1996 Chastrlhon.

218 2014 278 2045 Sur
294 2024 329 2045 ce
346 2023 408 2053 que
424 2020 513 2043 entre
530 2012 604 2043 eulx
621 2018 695 2043 sont
719 2022 757 2042 en
782 2012 880 2044 dubie
904 2022 957 2043 sus
980 2011 1225 2052 l'approbation
1241 2010 1284 2040 du
1300 2009 1379 2040 livre
1396 2008 1436 2039 de
1452 2008 1612 2039 Salomon

218 2057 325 2098 lequel
341 2057 386 2087 M.
400 2056 518 2087 Calvin
537 2066 681 2096 approve
698 2056 801 2086 sainct
818 2060 849 2087 et
867 2056 945 2087 ledit
963 2055 1093 2085 Bastian
1111 2055 1140 2085 le
1157 2053 1302 2095 repudiet,
1315 2053 1422 2083 disant
1439 2061 1500 2092 que
1512 2054 1612 2092 quant

218 2102 241 2132 il
260 2101 311 2131 fist
328 2100 358 2131 le
375 2100 515 2140 capistre
532 2097 688 2139 septieme
715 2098 772 2139 [du
791 2099 967 2140 Cantique]
988 2099 1011 2128 il
1028 2102 1134 2138 estoyt
1152 2108 1190 2128 en
1215 2096 1293 2127 solie
1316 2101 1348 2127 et
1371 2095 1531 2134 conduyct
1554 2104 1612 2134 par

218 2142 462 2175 mondaienetes
479 2150 510 2174 et
533 2153 597 2173 non
622 2153 681 2182 pas
705 2142 748 2171 du
766 2143 875 2173 Sainct
894 2143 1032 2183 Esperit.
1081 2142 1121 2172 Et
1139 2151 1193 2171 sur
1210 2151 1245 2171 ce
1261 2140 1340 2170 hont
1356 2137 1515 2169 demand&
1533 2137 1612 2168 ledit

218 2188 253 2219 Sr
269 2187 387 2218 Calvin
405 2193 488 2218 estre
505 2196 585 2226 aoys
601 2196 640 2216 en
666 2184 807 2225 dispute,
833 2190 863 2216 et
888 2186 1070 2225 (laventage
1087 2184 1165 2214 ledit
1190 2183 1225 2214 Sr
1250 2183 1382 2213 Bastian
1400 2193 1419 2212 a
1431 2182 1514 2212 diest
1531 2179 1612 2221 qu'il

219 2231 322 2272 laysse
339 2230 383 2262 tel
401 2231 479 2261 livre
503 2240 585 2271 pour
608 2228 653 2259 tel
678 2228 756 2269 qu'il
780 2233 838 2259 est.
886 2230 927 2259 Et
950 2234 1051 2269 quant
1075 2238 1115 2258 au
1138 2236 1275 2268 passage
1291 2226 1333 2256 du
1351 2225 1505 2265 Symbole
1521 2224 1554 2254 la
1570 2221 1613 2254 οὺ

218 2275 301 2306 diest
317 2285 379 2315 que
395 2274 512 2315 Jhesus
528 2272 693 2304 descendit
710 2283 773 2303 aux
789 2272 904 2308 enfers,
922 2271 943 2301 il
961 2270 1041 2302 n'est
1058 2281 1116 2312 pas
1133 2280 1246 2302 encore
1259 2269 1324 2300 fort
1340 2268 1474 2307 resoluz,
1492 2277 1611 2308 appro-

219 2322 295 2349 vant
311 2317 491 2349 toutteffois
506 2316 538 2348 la
554 2316 710 2347 Doctrine
727 2320 809 2346 estre
825 2315 864 2346 de
883 2315 969 2346 Dieu
986 2319 1017 2346 et
1033 2315 1165 2345 saincte.
1212 2314 1252 2344 Et
1269 2323 1321 2343 sur
1337 2322 1373 2343 ce
1391 2310 1535 2342 ordonne'
1552 2320 1612 2351 que

218 2367 307 2394 entre
319 2361 392 2392 eulx
404 2359 616 2392 secretement
628 2364 723 2400 ayent
736 2359 754 2390 a
766 2358 831 2390 sere
844 2359 981 2399 dispute,
1000 2368 1073 2389 sans
1088 2357 1216 2398 publier
1228 2356 1321 2387 telles
1332 2355 1446 2387 choses
1456 2354 1464 2367 '
1476 2354 1609 2395 (Opera,

219 2406 281 2435 xxi.
303 2406 352 2445 [z
376 2406 413 2436 C.
429 2405 467 2435 [ι’.
486 2404 583 2441 xlix]
603 2404 691 2443 329).

264 2448 277 2467 ὓ
298 2459 340 2480 sc.
359 2454 391 2479 at
410 2447 513 2479 Basel.
562 2447 614 2477 He
630 2446 737 2487 hoped
756 2450 788 2477 ιο
813 2445 878 2477 find
901 2444 1123 2486 employment
1141 2444 1230 2476 there
1247 2453 1283 2474 as
1307 2442 1434 2475 teacher
1450 2452 1486 2472 or
1502 2440 1612 2482 proof-

216 2492 338 2524 render.
