1715 2780
218 119 295 155 626
498 115 618 152 THE
650 110 1125 153 ECCLESIASTICAL
1153 109 1330 149 STATE
1532 115 1614 153 305

221 237 314 262 nam
341 222 408 273 qui
439 221 520 260 edit
549 226 615 258 aut
636 219 703 270 qui
734 217 834 257 bibit
864 216 1036 266 indigne,
1059 213 1250 254 iudicium
1277 213 1351 253 sibi
1377 212 1451 263 ipsi
1475 212 1557 252 edit
1577 219 1615 251 et

222 277 334 324 bibit,
358 289 439 314 non
461 274 683 314 diiudicans
705 284 847 322 corpus
869 269 1045 308 Domini.

277 330 529 375 Audivimus,
548 330 694 373 fratres,
718 325 1059 376 quemadmodum
1083 321 1282 361 Dominus
1307 322 1486 362 Coenam
1506 333 1618 359 suam

225 399 304 425 una
324 398 415 423 cum
437 382 640 432 discipulis
668 380 746 419 suis
774 379 908 418 fecerit
922 393 933 426 3
962 391 1009 417 ex
1033 390 1114 427 quo
1142 375 1305 426 quidem
1331 375 1430 414 illud
1455 373 1619 424 intelligi

225 440 360 486 voluit,
385 446 590 476 extraneos
612 448 772 485 eosque,
795 432 862 483 qui
888 434 927 470 in
956 444 1116 470 suorum
1140 443 1350 469 numerum
1369 428 1518 479 recepti
1538 441 1619 466 non

227 501 329 540 sunt,
348 492 511 530 minime
527 502 612 529 esse
625 488 906 528 admittendos.
957 484 1229 535 Quamobrem
1242 485 1345 522 hanc
1358 496 1431 534 ego
1446 483 1619 533 regulam

229 556 266 587 et
304 544 654 597 praescriptionem
693 548 895 592 sequutus,
935 540 975 578 in
1015 539 1177 578 nomine
1223 545 1343 588 atque
1390 537 1621 575 auctoritate

232 600 395 640 Domini
426 598 549 638 nostri
581 600 673 637 Iesu
701 595 858 643 Christi,
880 594 973 633 hinc
1008 606 1081 644 ego
1104 605 1219 632 arceo
1249 605 1295 630 ac
1321 592 1480 642 repello,
1502 598 1621 640 atque

232 657 308 694 hoc
338 660 588 693 sacrosancto
610 649 794 701 mysterio
816 648 1010 688 interdico
1034 647 1220 686 omnibus
1246 646 1443 685 idolorum
1470 643 1624 683 cultori-

231 711 316 756 bus,
353 707 473 758 impie
506 715 544 746 et
577 703 866 744 contumeliose
897 704 947 742 de
987 704 1077 741 Deo
1116 700 1382 750 loquentibus,
1423 698 1553 749 impiis
1584 705 1622 735 et

233 762 429 802 sceleratis
461 760 700 806 hominibus,
735 770 964 807 numenque
1002 754 1363 801 contemnentibus,
1403 751 1620 799 haereticis,

233 818 359 867 iisque
380 815 567 855 omnibus
588 814 655 864 qui
676 820 801 852 sectas
827 813 1087 860 haeresesque
1113 810 1415 859 amplectuntur,
1439 820 1519 857 quo
1545 806 1626 844 vin-

235 873 368 910 culum
401 877 438 909 et
471 867 795 908 communionem
827 864 1028 904 Ecclesiae
1052 863 1302 914 perfringant,
1325 861 1511 912 periuros,
1535 873 1626 898 con-

235 934 411 964 tumaces
450 923 490 961 in
528 930 740 972 utrumque
778 927 993 971 parentem,
1033 931 1079 957 ac
1127 916 1355 967 superiores,
1405 913 1624 961 seditiosos,

235 979 432 1026 factiosos,
454 977 623 1024 sicarios,
647 975 824 1015 concitos
853 975 904 1012 ad
934 973 1066 1018 rixam,
1094 972 1306 1017 adulteros,
1328 969 1480 1019 stupris,
1503 967 1626 1013 furtis,

235 1033 405 1083 rapinae,
445 1031 640 1078 avaritiae,
673 1029 777 1076 vino,
810 1029 924 1078 gulae
957 1026 1162 1076 ventrique
1195 1024 1362 1071 deditos,
1399 1022 1628 1073 quicunque

236 1088 339 1126 vitae
359 1086 552 1124 rationem
574 1091 792 1134 sequuntur
812 1081 1046 1132 flagitiosam
1061 1087 1099 1118 et
1120 1078 1357 1117 offensiones
1377 1090 1423 1115 ac
1443 1076 1629 1115 scandala

239 1141 470 1192 parientem,
492 1139 618 1188 iisque
638 1139 768 1188 palam
790 1135 1001 1181 denuncio,
1030 1142 1072 1173 ut
1095 1133 1147 1172 ab
1173 1134 1250 1171 hoc
1270 1137 1520 1171 sacrosancto
1540 1142 1630 1168 con-

239 1195 342 1234 vivio
371 1194 606 1240 abstineant,
639 1205 690 1230 ne
717 1190 982 1229 sanctissimas
1007 1189 1153 1238 epulas,
1186 1199 1283 1236 quas
1312 1185 1509 1224 Dominus
1536 1183 1628 1222 solis

242 1249 320 1288 suis
350 1247 579 1287 domesticis
610 1253 647 1285 et
675 1245 859 1284 fidelibus
885 1243 1044 1294 paravit,
1066 1243 1183 1281 foede
1203 1241 1382 1291 polluant
1402 1246 1521 1289 atque
1542 1250 1631 1276 con-

242 1309 446 1342 taminent.
1695 1318 1698 1329 ,

298 1358 438 1405 Itaque
469 1355 578 1392 Pauli
609 1353 775 1392 consilio
804 1360 923 1402 atque
952 1348 1214 1389 cohortationi
1243 1360 1382 1398 parens
1405 1359 1446 1385 se
1466 1345 1633 1396 quisque
1692 1354 1698 1364 ⁴

245 1422 439 1459 suamque
468 1407 752 1446 conscientiam
782 1405 922 1456 probet
948 1412 1067 1454 atque
1091 1402 1298 1449 examinet,
1320 1414 1366 1439 ac
1386 1400 1517 1438 videat
1537 1412 1633 1436 num

245 1478 333 1503 vere
354 1475 395 1501 se
416 1475 576 1500 suorum
597 1462 787 1500 scelerum
805 1458 1015 1510 poeniteat,
1033 1465 1152 1506 atque
1171 1470 1217 1495 ex
1238 1455 1282 1494 iis
1303 1456 1481 1493 dolorem
1501 1453 1635 1491 animo

248 1516 461 1556 maximum
500 1514 638 1564 capiat,
675 1514 837 1563 cupiens
876 1513 1041 1563 posthac
1080 1512 1196 1548 vitam
1231 1511 1396 1548 honeste
1421 1521 1467 1546 ac
1501 1514 1636 1546 sancte
1698 1532 1699 1539 κ

246 1571 458 1616 instituere,
482 1570 551 1608 sed
565 1570 689 1606 multo
710 1567 889 1614 maxime,
907 1580 958 1604 an
974 1564 1157 1604 fiduciam
1175 1564 1318 1602 habeat
1338 1562 1378 1600 in
1400 1562 1477 1600 Dei
1493 1559 1636 1599 miseri·
1694 1561 1699 1603 ,ἶ

248 1626 382 1664 cordia
398 1626 514 1661 fixam
536 1630 573 1661 et
595 1622 775 1672 positam,
798 1629 836 1660 et
857 1622 896 1658 in
918 1619 1076 1659 Christo
1098 1620 1188 1656 Iesu
1210 1630 1321 1656 suam
1342 1617 1508 1654 salutem
1528 1612 1637 1652 omni

249 1694 294 1718 ex
318 1686 425 1729 parte
447 1685 618 1727 quaerat,
638 1675 824 1714 omnibus
845 1673 1058 1712 inimicitiis
1087 1685 1132 1710 ac
1163 1670 1426 1710 simultatibus
1447 1668 1636 1707 nuncium

249 1732 464 1778 remittens,
487 1730 664 1780 nihilque
684 1729 791 1767 aliud
812 1730 974 1767 studens
995 1726 1068 1765 nisi
1089 1734 1131 1764 ut
1152 1726 1317 1776 posthac
1336 1725 1504 1762 fraterna
1524 1723 1639 1761 bene·
1698 1735 1701 1754 ε

250 1785 422 1825 volentia
442 1792 480 1823 et
500 1785 688 1823 charitate
708 1783 906 1833 proximos
927 1794 1018 1820 suos
1039 1781 1335 1829 complectatur.

306 1840 428 1888 Quod
450 1838 481 1877 si
501 1839 578 1877 hoc
599 1837 774 1876 studium
795 1837 834 1874 in
855 1835 971 1874 nobis
988 1847 1072 1873 esse
1093 1841 1227 1872 nostra
1246 1829 1488 1870 conscientia
1508 1841 1639 1868 coram

254 1896 343 1932 Deo
370 1900 543 1938 testatur,
567 1905 617 1930 ne
643 1891 871 1930 dubitemus
898 1889 994 1939 quin
1024 1887 1167 1926 habeat
1196 1899 1269 1925 nos
1289 1885 1330 1924 in
1354 1884 1522 1923 filiorum
1551 1884 1642 1921 loco

254 1955 291 1985 et
320 1959 497 1992 numero,
526 1946 805 1994 Dominusque
833 1952 965 1982 noster
993 1943 1104 1980 Iesus
1126 1940 1305 1980 Christus
1330 1952 1402 1978 nos
1429 1937 1642 1986 compellet

253 2009 372 2050 atque
392 2001 443 2038 ad
463 1998 688 2037 convivium
708 2012 822 2036 suum
844 1998 981 2035 invitet
1009 1994 1379 2043 sanctissimumque
1407 1993 1485 2030 hoc
1513 1992 1644 2030 Sacra-

257 2062 434 2092 mentum
454 2052 570 2091 nobis
590 2053 736 2097 offerat,
759 2053 868 2101 quod
888 2064 979 2089 cum
1001 2047 1202 2099 discipulis
1223 2046 1302 2086 suis
1322 2043 1640 2085 communicavit.

311 2109 362 2145 Et
383 2118 610 2157 quanquam
631 2105 840 2155 plurimum
864 2104 903 2142 in
924 2103 1039 2142 nobis
1060 2101 1274 2152 fragilitatis
1293 2108 1332 2139 et
1361 2099 1538 2138 miseriae
1562 2110 1645 2136 sen-

256 2161 386 2207 timus,
409 2173 538 2210 neque
569 2160 647 2198 fide
675 2160 847 2208 perfecta
875 2156 1040 2208 praediti
1066 2168 1212 2201 sumus,
1235 2155 1305 2193 sed
1325 2153 1364 2191 in
1386 2152 1645 2191 diffidentiam

259 2223 297 2254 et
331 2214 646 2253 incredulitatem
685 2213 989 2262 propendemus,
1030 2210 1280 2258 multumque
1317 2207 1429 2246 abest
1459 2213 1502 2244 ut
1535 2211 1646 2244 tanto

259 2268 391 2307 studio
421 2275 540 2318 atque
573 2267 712 2305 ardore
740 2265 860 2304 animi
891 2266 981 2303 Deo
1008 2262 1231 2308 serviamus,
1255 2274 1375 2311 quam
1400 2259 1498 2298 ratio
1517 2257 1645 2308 exigit,

261 2324 357 2372 quin
387 2323 518 2372 potius
548 2321 695 2359 bellum
716 2319 832 2358 nobis
851 2317 1008 2357 assidue
1028 2318 1214 2355 adversus
1235 2314 1361 2353 carnis
1382 2319 1538 2352 nostrae
1557 2325 1649 2350 con-

261 2374 524 2426 cupiscentias
554 2375 771 2424 gerendum
804 2379 883 2411 est:
924 2370 1112 2421 quoniam
1144 2377 1276 2408 tamen
1307 2367 1504 2407 Dominus
1532 2364 1648 2404 nobis

262 2429 504 2479 benignitate
525 2441 594 2467 sua
615 2426 810 2466 concessit
829 2434 872 2465 ut
899 2427 980 2464 eius
1002 2423 1260 2473 Evangelium
1281 2422 1321 2460 in
1340 2420 1482 2460 animis
1504 2418 1647 2458 nostris

263 2484 495 2532 impressum
516 2490 634 2532 atque
664 2482 902 2531 insculptum
932 2480 991 2526 sit,
1014 2491 1094 2529 quo
1114 2475 1375 2516 incredulitati
1395 2474 1650 2514 diffidentiae-
