1715 2780
229 51 303 94 462
553 49 790 88 REFORM
823 51 882 88 IN
915 50 1033 87 THE
1064 50 1204 88 REST
1235 51 1305 89 OF
1549 53 1620 90 218

232 153 491 201 Disputarunt
521 160 719 202 praeterea
749 160 824 190 tres
852 161 918 191 aut
947 160 1115 203 quatuor
1141 154 1304 192 sacrifici
1331 168 1421 193 cum
1446 157 1619 206 quodam

229 206 499 256 ludimagistro
529 219 647 256 quem
680 207 893 245 Litteram¹
925 215 1077 246 vocant.
1138 208 1231 246 Non
1261 209 1386 247 malus
1414 210 1550 257 homo,
1579 218 1622 248 ut

229 260 444 307 videbatur,
468 260 615 310 quique
641 274 742 299 unus
768 262 855 310 plus
882 260 1000 299 studii
1028 274 1120 311 prae
1144 274 1186 300 se
1206 261 1354 301 ferebat
1379 264 1620 302 defendendi

228 313 435 352 ecclesiam
467 322 505 353 et
538 314 681 364 scripta
715 317 875 352 Patrum
907 328 1026 364 quam
1060 322 1256 365 quotquot
1289 317 1446 356 suerunt
1475 317 1516 355 in
1547 318 1621 356 illis

229 368 409 406 comitiis
457 370 534 406 Sed
555 370 717 407 deerant
737 368 848 407 vires.
892 371 930 407 A
952 368 1080 408 Fabro
1097 377 1243 417 nostr0,
1263 369 1396 417 Ecci0‚
1416 372 1622 419 Roffensi,'·'

229 435 330 471 quae
369 430 410 460 tu
449 422 536 468 scis,
572 422 717 470 onmia,
752 435 1003 473 nequaquam
1037 431 1117 461 tam
1152 424 1263 462 firma
1300 431 1368 462 aut
1398 433 1542 475 arguta,
1579 434 1620 463 ut

229 476 448 526 oportebat,
470 476 509 514 in
531 476 748 515 haereticos
776 484 974 527 congesta,
996 477 1203 527 diligenter
1228 478 1484 538 proponebat.
1543 480 1620 518 Sed

229 531 490 580 praelatorum
520 538 558 568 et
588 530 748 580 capituli
775 531 1034 569 Bernensium
1063 531 1155 570 audi
1185 531 1459 570 constantiam.
1517 532 1620 572 Cum

229 597 310 622 uno
325 591 392 622 aut
407 585 529 622 altero
545 593 719 634 except0‚
738 598 857 623 nemo
877 598 1013 624 eorum
1031 598 1111 623 non
1125 594 1355 635 agnosceret
1369 586 1621 636 blasphemos

230 638 316 676 illos
356 637 641 677 haereticorum
679 638 875 686 articulos,
916 638 1101 678 omnibus
1139 647 1272 678 tamen
1309 640 1622 691 subscripserunt

229 691 382 742 singuli,
414 691 535 742 idque
566 692 605 730 in
637 692 808 743 capitulo
839 694 1074 743 congregati,
1110 700 1263 732 tantum
1297 695 1406 744 quod
1439 693 1622 734 indoctae

230 745 380 784 bestiae
409 746 505 783 nihil
536 755 697 796 possent
730 747 934 785 haereticis
967 746 1149 786 obiicere.
1209 747 1249 786 Si
1279 748 1429 787 cordati
1458 748 1621 787 fuissent

229 801 290 838 vel
312 800 501 838 mediocri
521 801 750 839 dexteritate
770 801 946 851 praediti,
964 801 1017 839 ita
1031 801 1186 840 valebat
1205 803 1336 841 adhuc
1353 801 1471 840 factio
1491 811 1623 841 nostra

231 855 395 900 Bernae,
418 853 448 892 si
470 853 566 892 nihil
594 854 712 901 aliud,
736 863 777 893 ut
805 855 844 893 in
870 868 1019 893 annum
1050 868 1174 905 usque
1204 855 1423 905 potuissent
1452 856 1623 907 disputa-

230 907 379 946 tionem
418 909 631 946 extrahere.
703 910 781 947 Sed
811 909 865 947 sic
894 910 1008 948 decet
1038 922 1110 948 nos
1141 922 1289 960 poenas
1323 911 1417 948 dare
1450 918 1623 949 contem-

230 970 384 1011 ptarum
432 962 646 1000 litterarum
695 970 731 1000 et
780 965 981 1013 neglectus
1029 964 1260 1002 studiorum.
1331 966 1488 1003 Horum
1530 978 1622 1004 vero

231 1015 413 1054 insanum
438 1016 646 1054 consilium
674 1017 798 1055 secuti
826 1024 916 1055 sunt
940 1017 979 1055 in
1004 1016 1154 1056 ditione
1182 1017 1411 1056 Bernatium
1436 1019 1621 1057 monachi

231 1078 267 1108 et
298 1069 472 1108 sacrifici.
534 1070 698 1109 Habent
731 1079 864 1109 autem
893 1070 1098 1121 parochias
1131 1085 1218 1120 304,
1251 1079 1402 1122 praeter
1430 1071 1622 1111 ditissima

230 1125 425 1172 quaedam
448 1124 642 1162 coenobia
663 1132 700 1163 et
721 1125 896 1175 collegia,
919 1126 1017 1164 forte
1038 1126 1126 1175 plus
1147 1125 1277 1164 minus
1297 1125 1464 1176 triginta,
1482 1126 1522 1164 in
1544 1127 1621 1166 fide

231 1177 432 1216 Ecclesiae
453 1178 749 1227 perseverantia.

285 1233 346 1269 De
368 1231 572 1270 haereticis
599 1234 698 1271 forte
725 1232 835 1282 cupis
862 1241 904 1271 ut
932 1232 1126 1271 scribam:
1157 1234 1226 1272 sed
1253 1232 1349 1293 quid
1378 1233 1473 1271 mihi
1494 1241 1531 1272 et
1551 1233 1622 1272 tibi

230 1298 388 1323 causam
425 1285 597 1335 ingeram
632 1286 808 1324 doloris?
864 1286 1039 1325 Scribam
1074 1288 1124 1325 de
1158 1286 1313 1340 paucis.
1373 1287 1514 1326 Facilis
1548 1287 1622 1326 illis

230 1351 362 1388 pugna
396 1339 478 1386 fuit,
512 1352 601 1377 cum
637 1341 732 1378 nulli
772 1339 949 1378 instructi
988 1353 1118 1378 coram
1157 1347 1302 1379 starent
1340 1340 1619 1391 antagonistae.

232 1393 293 1429 Ita
322 1400 476 1442 paratos
506 1406 587 1431 non
618 1393 707 1439 vidi,
731 1395 825 1453 quin
855 1393 885 1431 si
912 1393 1034 1432 dextri
1065 1393 1246 1432 homines
1275 1393 1491 1433 adfuissent
1517 1403 1556 1433 et
1582 1395 1622 1433 in

231 1445 438 1495 Scripturis
459 1446 620 1484 versati:
651 1448 681 1484 si
703 1460 783 1484 non
805 1447 845 1485 in
866 1447 1050 1486 omnibus
1077 1446 1163 1486 illos
1186 1447 1369 1486 vicissent
1389 1447 1496 1498 (quis
1516 1449 1621 1487 enim

232 1498 403 1538 vinceret
437 1501 576 1549 quovis
610 1500 819 1539 Corinthio
849 1514 937 1540 aere
971 1500 1245 1551 loquaciores?
1275 1502 1501 1552 praesertim
1531 1515 1621 1541 cum

232 1561 364 1591 nostra
379 1553 513 1592 onmia
532 1567 612 1593 non
634 1562 766 1604 aperte
787 1568 833 1593 ex
853 1555 1060 1604 Scripturis
1080 1555 1235 1604 probari
1256 1555 1424 1607 possint)
1440 1556 1623 1595 remorati

231 1615 363 1646 tamen
403 1607 566 1646 fuissent
604 1609 643 1646 in
682 1608 806 1647 dubio
844 1610 999 1647 illorum
1033 1616 1210 1649 conatus.
1277 1610 1313 1649 O
1353 1609 1384 1647 si
1422 1611 1483 1649 vel
1521 1623 1622 1649 unus

232 1662 418 1699 Erasmus
439 1661 674 1700 commissus
700 1661 774 1700 illis
799 1662 934 1702 fuisset
952 1665 958 1700 1
1015 1662 1109 1701 Vidi
1133 1662 1238 1701 enim
1259 1676 1376 1713 saepe
1396 1665 1446 1702 de
1466 1677 1623 1714 respon-

232 1714 409 1753 sionibus
437 1716 537 1754 inter
564 1728 631 1754 eos
657 1729 740 1754 non
768 1717 990 1755 convenire.
1048 1715 1142 1755 Vidi
1168 1715 1282 1755 anxie
1301 1716 1365 1755 alii
1385 1718 1504 1755 alium
1525 1717 1621 1767 quid

231 1768 378 1806 diceret
417 1782 632 1819 suggerere.
703 1769 795 1808 Vidi
835 1771 885 1808 de
922 1783 1109 1820 germano
1154 1771 1403 1819 quorundam
1444 1772 1620 1809 locorum

231 1835 348 1860 sensu
375 1824 545 1861 haerere.
606 1824 666 1862 Ita
693 1823 884 1862 instructo
911 1831 949 1862 et
976 1825 1112 1862 dextro
1138 1823 1371 1873 disputatori
1396 1824 1621 1874 aptissimae

229 1888 348 1914 ansae
363 1875 527 1914 fuissent
548 1877 819 1916 confundendi
839 1877 937 1924 illos,
955 1877 1276 1927 auctoritatisque
1295 1877 1531 1917 adimendae
1546 1878 1620 1917 illis

229 1937 349 1978 atque
369 1929 422 1966 ita
443 1931 700 1969 vastationem
722 1944 841 1980 quam
862 1931 1090 1970 invexerunt
1110 1932 1330 1970 revocandi.
1381 1932 1619 1982 Quanquam

230 1990 372 2029 autem,
401 1982 430 2020 si
457 1984 559 2021 viros
586 1984 770 2022 haeretici
795 1993 931 2022 contra
956 1998 997 2023 se
1024 1984 1263 2032 habuissent,
1287 1984 1438 2024 cautius
1465 1993 1503 2024 et
1530 1999 1619 2024 con·

230 2035 368 2074 sultius
397 2049 466 2074 sua
495 2036 674 2086 egissent.
734 2039 913 2087 Suntque
941 2039 1158 2076 admodum
1189 2038 1350 2088 quidam
1383 2051 1519 2078 eorum
1553 2039 1620 2089 qui

231 2097 273 2127 ut
303 2091 429 2128 solum
462 2090 626 2140 Zuinglii
657 2091 916 2138 vehementia,
946 2099 1097 2130 tantum
1128 2092 1181 2129 ira
1210 2092 1366 2130 excitari
1395 2100 1616 2143 potuerunt.

230 2144 462 2182 Admodum
484 2144 587 2182 enim
611 2145 674 2182 1116
698 2144 887 2183 continuo
914 2145 1096 2183 fervebat.
1155 2146 1205 2184 Et
1231 2146 1317 2184 usui
1344 2146 1459 2185 nobis
1485 2147 1619 2185 fuisset

230 2204 267 2235 et
289 2198 487 2244 decorum,
511 2205 628 2247 atque
654 2198 926 2236 auctoritatem
954 2198 1054 2237 illius
1083 2199 1438 2244 imminuissemus:
1467 2201 1620 2239 doctior

229 2259 362 2289 tamen
379 2252 476 2289 haec
492 2251 623 2289 bellua
638 2259 696 2290 est
712 2265 830 2301 quam
847 2252 1046 2302 putabam.
1093 2254 1267 2291 Nasutus
1287 2253 1618 2305 Oecolampadius

231 2305 269 2342 in
287 2306 487 2355 prophetis
513 2305 575 2343 ille
597 2314 633 2344 et
656 2306 842 2344 Hebraea
863 2306 992 2356 lingua
1013 2314 1206 2356 praestare
1226 2306 1402 2345 videtur:
1432 2308 1501 2346 sed
1522 2306 1617 2346 nihil

405 2375 413 2393 ¹
440 2375 491 2416 Jo.
510 2375 684 2415 Buchstab,
703 2376 939 2407 schoolmaster
954 2381 987 2406 at
1004 2376 1170 2418 Zofingen,
1187 2378 1219 2408 in
1237 2378 1379 2418 Aargau.

404 2420 415 2437 ²
440 2419 526 2459 John
546 2419 669 2459 Fisher,
689 2419 810 2461 Bishop
828 2419 865 2450 os
880 2419 1067 2460 Rochestcr‚
1087 2421 1268 2461 1504-†35.

1685 174 1688 211 l
