1715 2780
232 88 307 135 538
554 87 780 134 CALVIN,
811 89 884 127 TO
919 91 1011 127 HIS
1042 91 1297 129 ARRIVAL
1545 101 1623 140 273

284 191 301 238 ᾖ
316 204 350 238 4
386 192 556 229 Rursum
574 191 783 241 excipiunt,
802 193 947 230 Nonne
962 193 1013 230 ad
1029 206 1128 240 eam,
1143 205 1244 242 quae
1259 206 1364 233 nunc
1379 207 1449 245 pro
1465 197 1624 235 damna-

230 246 347 283 tionis
364 257 481 283 causa
497 244 736 292 obtenditur,
753 247 1045 307 corruptionem
1061 246 1137 286 Dei
1153 247 1400 287 ordinatione
1415 251 1624 299 praedesti-

232 300 313 337 nati
342 306 434 337 ante
464 300 647 338 fuerant?
713 300 850 348 Quum
880 313 971 360 ergo
1001 300 1041 338 in
1071 314 1140 339 sua
1169 302 1418 363 corruptione
1446 312 1622 353 pereunt,

232 353 330 391 nihil
349 352 457 391 aliud
478 366 596 403 quam
619 366 766 403 poenas
787 355 899 393 luunt
924 354 1006 393 eius
1033 355 1276 403 calamitatis,
1299 357 1339 394 in
1363 370 1480 407 quam
1502 357 1623 408 ipsius

233 406 592 467 praedestinatione
620 409 751 457 lapsus
772 415 831 446 est
851 409 993 456 Adam,
1015 422 1061 447 ac
1081 417 1269 470 posteros
1281 423 1372 449 suos
1392 411 1624 462 praecipites

233 474 367 500 seeum
382 460 504 499 traxit.
531 463 678 499 Annon
692 461 824 523 itaque
837 461 1015 509 iniustus,
1025 463 1093 513 qui
1106 463 1290 502 creaturis
1305 465 1383 503 suis
1397 473 1477 503 tam
1491 467 1625 505 crude-

233 515 318 553 liter
338 514 495 554 illudit?
535 516 675 554 Fateor
695 528 789 554 sane
811 517 850 554 in
867 518 979 564 hane,
996 530 1074 566 qua
1089 531 1197 556 nunc
1218 517 1352 568 illigati
1373 527 1474 567 sunt,
1492 520 1626 559 condi-

233 568 350 607 tionis
372 568 580 617 miseriam,
599 569 674 608 Dei
694 571 897 609 voluntate
917 547 1112 609 decidisse
1128 571 1330 610 universos
1351 572 1451 612 filios
1466 551 1624 612 'Adamz

232 631 351 672 atque
364 622 404 661 id
419 631 477 661 est
493 624 602 673 quod
616 623 809 674 principio
823 625 1016 672 dicebam,
1032 626 1280 664 redeundum
1294 627 1455 665 tandem
1472 640 1626 688 semper

234 690 319 716 esse
339 678 390 715 ad
414 678 542 715 solum
567 677 724 716 divinae
750 679 961 717 voluntatis
988 679 1202 726 arbitrium,
1226 681 1336 718 cuius
1366 693 1484 720 causa
1509 681 1557 720 sit
1586 681 1626 719 in

234 731 319 781 ipso
339 731 583 769 abscondita.
644 733 722 771 Sed
743 745 824 770 non
845 734 1022 782 protinus
1038 733 1223 783 sequitur,
1242 734 1333 773 huic
1349 734 1625 774 obtrectationi

235 787 366 824 Deum
388 785 601 824 subiacere.
662 786 923 825 Occurremus
945 787 1050 825 enim
1072 801 1161 826 cum
1185 790 1307 827 Paulo
1329 788 1465 838 (Rom.
1488 789 1534 828 ix.
1561 789 1626 840 20)

234 841 272 877 in
303 840 409 877 hunc
449 841 638 878 modum:
682 841 740 879 ‘O
775 841 906 887 1101110,
939 849 980 879 111
1014 841 1101 891 quis
1133 855 1174 880 es
1207 844 1274 892 qui
1306 843 1502 893 disceptes
1535 857 1625 882 curn

235 895 323 932 Deo
340 895 377 931 ?⁷
398 921 407 931 .
429 924 436 932 .

289 948 306 996 ξ
322 950 355 985 6.
387 949 565 986 Alterum
584 961 743 998 quoque
760 949 961 987 obiectum
977 950 1028 987 ab
1044 949 1245 1000 impietate
1261 951 1433 1001 emergit.
1453 982 1460 989 .
1479 981 1488 989 .
1506 982 1514 990 .
1534 953 1627 990 Non

235 1014 326 1051 ergo
347 1001 429 1040 iure
449 1002 500 1040 ob
522 1015 567 1040 ea
588 1002 814 1052 puniuntur,
838 1016 1005 1053 quorum
1028 1003 1237 1053 praecipua
1258 1004 1298 1042 in
1320 1005 1396 1044 Dei
1417 1006 1627 1055 praedesti-

234 1056 394 1094 natione
422 1069 538 1094 causa
568 1064 638 1095 est.
698 1056 777 1094 Hic
801 1057 1010 1096 abstinebo
1035 1071 1057 1096 a
1079 1057 1309 1097 defensione
1335 1060 1385 1097 ad
1410 1072 1528 1109 quam
1549 1061 1628 1098 1010

235 1111 441 1159 scriptores
456 1110 708 1149 ecclesiastici
723 1119 1023 1159 recurrunt‚non
1037 1112 1227 1162 impedire
1242 1112 1317 1151 Dei
1330 1112 1627 1163 praescientiam

235 1164 448 1213 quominus
466 1165 587 1202 1101110
600 1174 784 1215 peccator
800 1174 1000 1215 reputetur
1017 1181 1022 1203 :
1053 1167 1378 1216 quandoquidem
1395 1166 1496 1205 illius
1513 1169 1626 1214 mala,

236 1231 316 1256 non
338 1231 407 1256 sua
431 1219 539 1257 Deus
561 1219 796 1268 praevideat.
820 1251 826 1258 .
861 1250 868 1257 .
901 1251 908 1258 .
939 1219 978 1258 Si
1000 1220 1206 1258 hominum
1227 1228 1367 1259 eventa
1386 1222 1628 1271 praevideret

238 1274 346 1310 Deus
369 1272 568 1319 duntaxat,
591 1286 671 1312 non
694 1273 811 1311 etiam
833 1287 904 1312 suo
924 1273 1083 1312 arbitrio
1107 1273 1333 1324 disponeret
1352 1287 1397 1313 ac
1418 1275 1626 1323 ordinaret,

237 1334 319 1363 tum
343 1339 424 1364 non
445 1327 515 1364 abs
537 1340 576 1365 re
595 1327 804 1376 agitaretur
831 1329 1021 1377 quaestio,
1044 1328 1187 1378 ecquid
1217 1329 1267 1367 ad
1298 1341 1432 1367 eorum
1463 1329 1628 1368 necessi-

237 1387 355 1418 tatem
390 1381 514 1418 valeat
549 1382 669 1430 ipsius
703 1381 974 1430 providentia:
1015 1383 1084 1420 sed
1117 1395 1238 1431 quum
1267 1384 1346 1420 non
1377 1382 1452 1420 alia
1478 1384 1628 1422 ratione

236 1447 337 1483 quae
372 1435 499 1471 futura
528 1442 616 1472 sunt
640 1434 875 1483 praevideat,
898 1436 970 1473 nisi
1003 1435 1094 1485 quia
1124 1435 1176 1473 ita
1204 1444 1245 1474 ut
1277 1437 1413 1474 fierent
1443 1436 1626 1485 decrevit,

234 1489 374 1525 frustra
408 1488 458 1526 de
490 1488 746 1538 praescientia
780 1488 825 1526 lis
862 1497 1051 1536 movetur,
1088 1489 1155 1527 ubi
1189 1497 1343 1528 constat
1380 1490 1629 1530 ordinatione

236 1542 365 1592 potius
387 1549 424 1580 et
444 1549 542 1580 nutu
563 1542 696 1580 01111113
717 1542 881 1581 evenire.

290 1596 358 1644 §7.
394 1595 557 1634 Disertis
588 1596 714 1634 verbis
745 1597 818 1634 hoc
852 1604 1002 1635 exstare
1035 1604 1190 1646 negant,
1223 1598 1423 1636 decretum
1455 1597 1572 1636 fuisse
1606 1612 1629 1637 a

239 1651 337 1695 Deo,
368 1658 407 1687 ut
437 1663 506 1688 sua
535 1651 756 1689 defectione
786 1650 926 1700 periret
956 1652 1098 1690 Adam.
1156 1651 1280 1700 Quasi
1309 1665 1401 1690 vero
1430 1651 1535 1690 idern
1564 1651 1629 1690 ille

239 1705 361 1750 Deus,
386 1717 505 1753 quem
536 1705 732 1754 Scriptura
763 1706 961 1754 praedicat
991 1706 1117 1744 facere
1147 1718 1407 1755 quaecunque
1433 1707 1524 1752 vult,
1550 1719 1628 1744 am-

237 1757 358 1807 biguo
385 1759 462 1795 fine
493 1757 715 1796 condiderit
745 1758 1030 1797 nobilissimam
1061 1772 1107 1797 ex
1136 1760 1214 1797 suis
1244 1759 1437 1798 creaturis.
1497 1760 1627 1798 Liberi

237 1811 383 1849 arbitrii
405 1811 523 1850 fuisse
543 1811 680 1850 dicunt
702 1820 743 1850 ut
764 1813 959 1850 fortunam
978 1814 1061 1862 ipse
1082 1812 1155 1851 sibi
1172 1814 1357 1863 fingeret:
1385 1815 1514 1852 Deum
1536 1827 1628 1852 vero

237 1864 334 1901 1111111
354 1865 583 1912 destinasse,
598 1865 672 1903 nisi
692 1874 732 1904 ut
754 1879 823 1915 pro
840 1868 978 1904 merito
995 1880 1082 1904 eum
1099 1874 1288 1905 tractaret.
1327 1868 1428 1904 Tam
1445 1867 1627 1917 frigidum

238 1927 507 1957 commentum
540 1921 570 1957 si
602 1919 795 1969 recipitur,
825 1920 893 1958 ubi
922 1921 992 1958 erit
1022 1920 1086 1958 illa
1117 1922 1191 1958 Dei
1222 1920 1520 1970 omnipotentia,
1551 1934 1628 1971 qua

237 1973 455 2010 secundum
477 1986 661 2010 arcanum
679 1973 898 2021 consilium,
914 1975 1022 2024 quod
1042 1974 1201 2012 aliunde
1221 1987 1303 2012 non
1322 1976 1478 2025 pendet,
1495 1974 1628 2013 omnia

238 2027 494 2064 moderatur?
550 2027 670 2075 Atqui
701 2028 1005 2076 praedestinatio
1034 2027 1154 2066 velint
1183 2029 1309 2067 nolint
1328 2028 1367 2066 in
1392 2028 1556 2078 posteris
1587 2042 1627 2068 se

237 2080 393 2129 profert.
454 2081 593 2129 Neque
627 2081 731 2118 0111111
763 2082 908 2118 factum
940 2090 997 2119 est
1027 2081 1261 2129 naturaliter,
1293 2089 1335 2119 ut
1366 2095 1388 2120 a
1415 2084 1538 2121 salute
1568 2096 1628 2121 ex-

237 2133 411 2171 ciderent
433 2146 583 2181 omnes,
602 2133 716 2171 unius
737 2134 907 2183 parentis
927 2137 1051 2184 culpa.
1100 2135 1207 2183 Quid
1228 2149 1295 2173 eos
1317 2136 1497 2184 prohibet
1517 2137 1626 2174 fateri

237 2188 287 2225 de
308 2200 388 2225 uno
409 2187 580 2234 homine,
600 2189 707 2236 quod
728 2187 836 2225 inviti
859 2189 908 2226 de
929 2196 1011 2226 toto
1027 2190 1202 2226 humano
1217 2201 1358 2239 genere
1373 2191 1628 2228 concedunt?

238 2240 346 2288 Quid
367 2241 472 2279 enim
493 2241 783 2291 tergiversando
804 2243 982 2280 luderent
1002 2244 1191 2292 operam?
1247 2243 1423 2282 Cunctos
1444 2245 1626 2282 mortales

237 2294 275 2331 in
312 2294 427 2332 unius
462 2296 631 2333 hominis
664 2308 829 2344 persona
869 2295 981 2333 morti
1017 2303 1197 2334 aeternae
1232 2296 1473 2346 mancipatos
1507 2297 1626 2335 fuisse

238 2347 433 2398 Scriptura
455 2350 607 2387 clamat.
669 2350 760 2386 Hoc
782 2362 903 2398 quum
927 2357 1086 2387 naturae
1105 2349 1275 2388 adscribi
1296 2357 1475 2400 nequeat,
1491 2351 1541 2389 ab
1561 2352 1624 2390 ad-

238 2401 403 2439 mirabili
441 2402 514 2440 Dei
547 2402 711 2440 consilio
745 2404 962 2452 profectum
998 2416 1082 2441 esse
1117 2404 1278 2441 minime
1311 2404 1521 2442 obscurum
1553 2412 1622 2442 est.

240 2457 372 2492 Bonos
396 2455 488 2494 istos
511 2456 677 2494 iustitiae
701 2456 774 2495 Dei
795 2466 978 2506 patronos
1000 2458 1203 2507 perplexos
1229 2458 1385 2495 haerere
1405 2457 1444 2495 in
1465 2458 1623 2505 festuca,

1699 2061 1706 2105 2&-
