1715 2780
18 74 24 88 ’
76 121 150 159 310
233 112 352 150 THE
385 111 709 150 DISCIPLINE
743 112 803 150 IN
834 111 1077 158 GENEVA,
1115 114 1296 162 1542-64
1395 115 1468 162 ⁶37

76 217 250 255 ulciscar.
311 217 488 265 Rogatus
516 229 602 255 sum
630 217 680 255 ab
707 216 790 255 eius
817 217 952 254 amicis
981 222 1022 254 ut
1051 216 1314 266 deprecatoris
1343 224 1472 267 partes

75 269 326 321 susciperem.
379 271 588 309 Facturum
616 284 679 309 me
704 270 852 321 negavi,
877 270 950 309 nisi
976 271 1036 308 his
1057 271 1212 309 duabus
1235 272 1472 321 exceptioni-

14 321 17 326 ’
73 325 158 373 bus,
177 338 227 365 ne
247 338 326 375 qua
346 324 518 374 suspicio
535 326 573 363 in
596 338 659 364 me
680 324 866 364 resideret
886 332 1006 375 atque
1022 332 1064 363 ut
1078 324 1224 365 Christi
1246 326 1373 363 honor
1394 339 1471 363 ma-

13 382 23 428 j
73 386 182 418 neret
211 381 352 418 salvus.
418 381 503 417 Iani
533 381 743 419 defunctus
774 393 871 418 sum.
943 380 1142 430 Exspecto
1172 378 1268 430 quid
1304 380 1471 418 Senatus

13 435 17 469 ¹.
72 433 316 484 pronunciet.
340 465 347 473 .
371 465 379 473 .
404 465 411 472 .

125 487 173 540 (c)
202 490 319 526 From
352 491 445 537 Reg.
477 490 528 526 du
563 490 723 536 Consez'l,
756 490 781 527 8
809 490 932 538 April
956 488 1261 539 1546.—Ayans
1296 489 1399 527 vheu
1435 489 1471 527 le

72 550 265 581 eontenuz
304 544 354 582 de
394 556 458 582 ces
498 555 717 592 responces‚
753 556 822 593 par
855 544 1045 592 lesquelle
1083 555 1184 582 nous
1223 550 1361 593 appert
1393 555 1470 592 que

70 596 96 634 il
127 594 338 649 [Ameaux]
368 611 392 636 a
421 598 735 636 meschamment
760 596 865 647 parle
890 605 1027 635 contre
1059 596 1174 644 Dieu,
1198 598 1233 636 le
1256 598 1469 647 Magestral

70 658 108 689 et
139 652 195 689 M.
220 651 360 690 Calvin
390 651 565 690 ministre
595 653 678 698 δερ,
701 659 904 690 comment
932 653 1175 701 amplement
1196 658 1253 690 est
1275 659 1470 689 contenus

69 719 118 743 en
133 718 198 744 ces
214 718 427 756 responces
445 721 451 744 :
492 705 684 744 Ordonne
706 703 837 758 qu⁷i[l]
856 713 941 755 soyt
955 706 1206 755 condampne
1227 706 1250 744 ὲι
1270 705 1470 755 debvoyer

68 759 149 798 fere
169 761 204 798 le
225 767 313 798 tour
332 761 354 798 a
375 762 411 798 la
431 759 520 798 ville
541 772 590 798 en
612 760 797 807 chemise,
815 767 913 798 teste
934 773 1023 807 nue,
1047 773 1123 798 une
1145 760 1281 798 torche
1301 759 1469 798 allumee

69 827 118 853 en
148 827 190 852 sa
218 814 349 854 maien
379 822 417 853 et
446 815 639 864 dempuys
669 815 814 853 devant
843 816 879 853 le
909 814 1079 852 tribunal
1100 827 1219 864 venyr
1239 813 1317 852 crie
1339 827 1469 864 mercy

68 868 91 906 a
121 867 224 907 Dieu
254 876 292 907 et
320 869 343 907 a
371 871 408 907 la
435 868 586 919 justice,
609 870 664 907 les
694 869 864 918 genoulx
891 869 913 906 a
940 877 1049 916 terre,
1073 870 1298 907 confessant
1326 881 1470 918 avoyer

69 924 146 961 mal
184 922 301 973 pade,
333 924 369 962 le
398 924 697 973 condampnant
728 936 844 973 aussy
877 923 899 960 a
931 930 1018 961 tous
1052 924 1223 973 despens
1255 930 1292 961 et
1325 935 1403 973 que
1433 924 1469 961 la

67 984 253 1016 sentence
273 985 359 1028 soyt
379 976 531 1028 profere‘
552 977 866 1027 publiquement.

212 1072 302 1116 No.
326 1085 407 1127 311.
460 1073 698 1117 Madame
730 1073 918 1125 Perrin‚
950 1085 1008 1126 24
1033 1073 1164 1125 June
1195 1083 1316 1126 1547.

121 1152 178 1205 (a)
208 1155 324 1192 From
349 1168 373 1192 a
397 1157 506 1193 letter
533 1154 580 1203 of
599 1155 740 1194 Calvia
773 1160 807 1191 lo
848 1155 951 1192 Vires
971 1155 1019 1190 &-
1042 1154 1168 1198 Farel,
1192 1165 1315 1203 15-20
1349 1154 1473 1203 April

65 1208 273 1259 1546.—A
312 1208 487 1247 discessu
527 1209 677 1247 vestro¹
719 1209 887 1247 choreae
926 1207 1042 1245 nobis
1084 1208 1170 1257 plus
1205 1208 1466 1245 exhibuerunt

66 1262 212 1312 negotii
246 1276 365 1312 quam
400 1269 640 1313 putaveram.
700 1263 850 1301 Omnes
885 1261 909 1299 ii
949 1263 1015 1311 qui
1056 1262 1309 1300 interfuerant
1339 1263 1466 1299 vocati

64 1317 115 1355 ad
146 1316 445 1364 Consistorium‚
482 1317 639 1355 duobus
672 1316 844 1367 exceptis
876 1318 1035 1355 Corneo
1069 1323 1106 1354 et
1137 1315 1309 1362 Perrino,
1343 1317 1466 1365 impu-

66 1371 204 1409 denter
226 1372 314 1410 Deo
333 1379 371 1410 et
392 1371 507 1410 nobis
528 1370 681 1410 mentiti
703 1371 821 1409 sunt.²
874 1369 1091 1416 Excandui,
1116 1378 1156 1408 ut
1178 1369 1230 1408 rei
1253 1369 1465 1419 indignitas

65 1425 301 1475 postulabat,
323 1433 362 1465 et
381 1425 547 1476 graviter
567 1425 606 1463 in
628 1424 736 1463 illum
762 1424 836 1463 Dei
857 1432 1132 1475 contemptum
1162 1423 1338 1463 invectus
1363 1437 1462 1470 sum,

65 1479 172 1528 quod
210 1492 281 1529 pro
319 1479 443 1518 nihilo
480 1481 670 1519 ducerent
705 1486 860 1517 sanctas
893 1479 1189 1525 obtestationes,
1226 1478 1370 1528 quibus
1405 1480 1463 1516 usi

65 1534 272 1581 fueramus,
308 1533 480 1573 ludibrio
518 1534 676 1572 habere.
735 1532 989 1572 Perstiterunt
1027 1532 1067 1570 in
1098 1546 1167 1571 sua
1200 1532 1461 1571 contumacia.

66 1588 151 1637 Ego
180 1600 304 1637 quum
333 1601 393 1627 res
424 1587 519 1626 mihi
543 1596 746 1638 comperta
766 1595 879 1635 esset,
902 1586 999 1625 nihil
1019 1586 1125 1625 aliud
1146 1594 1321 1637 poteram
1344 1599 1462 1636 quam

66 1642 197 1679 Deum
228 1642 358 1680 testari
388 1655 536 1692 poenas
569 1649 700 1680 tantae
731 1641 918 1692 perfidiae
952 1642 1137 1679 daturos:
1180 1641 1296 1678 simul
1331 1648 1462 1679 tamen

64 1695 301 1734 denunciavi
321 1710 385 1735 me
405 1697 465 1735 vel
486 1695 664 1746 propriae
685 1695 786 1734 vitae
807 1694 1018 1745 dispendio
1038 1696 1243 1741 facturum,
1263 1702 1303 1732 ut
1325 1694 1464 1733 veritas

63 1750 275 1799 patefieret,
296 1763 347 1789 ne
376 1751 472 1800 quid
502 1763 544 1789 se
572 1749 810 1788 lucrifecisse
835 1749 1066 1787 mentiendo
1095 1756 1286 1799 putarent.
1348 1750 1463 1786 Fran-

63 1803 192 1842 cisca³
218 1803 335 1842 etiam
365 1804 513 1843 Perrini
542 1804 706 1853 graviter
736 1803 955 1842 conviciata
984 1810 1042 1841 est
1072 1803 1199 1850 nobis,
1221 1803 1330 1853 quod
1361 1803 1463 1841 adeo

65 1856 194 1896 infesti
232 1871 408 1897 essemus
448 1858 594 1896 Fabris.
666 1857 872 1907 Respondi
912 1865 952 1895 ut
992 1858 1116 1895 visum
1156 1856 1227 1894 fuit
1263 1864 1382 1906 atque
1421 1864 1461 1894 ut

64 1911 298 1951 merebatur.
358 1912 508 1962 Rogavi
539 1911 734 1962 numquid
764 1919 1012 1950 sacrosancta
1042 1918 1144 1949 esset
1172 1912 1328 1957 domus,
1351 1924 1461 1949 num-

64 1965 160 2015 quid
190 1965 341 2017 legibus
371 1968 527 2005 soluta?
585 1968 740 2004 Patrem
771 1966 875 2004 enim
906 1965 982 2003 iam
1012 1965 1128 2003 unius
1157 1965 1337 2004 adulterii
1371 1978 1461 2003 con-

63 2020 210 2058 victum
244 2020 501 2059 tenebamus:
539 2020 696 2059 alterius
726 2019 906 2070 probatio
936 2032 1058 2070 prope
1085 2020 1136 2058 ad
1165 2032 1326 2057 manum
1357 2027 1461 2057 erat:

63 2074 114 2112 de
148 2073 262 2113 tertio
296 2088 460 2125 magnus
495 2083 575 2113 erat
606 2087 760 2113 rumor:
799 2075 914 2112 frater
943 2074 1131 2112 Senatum
1163 2081 1200 2112 et
1230 2087 1301 2111 nos
1330 2075 1458 2123 palam

64 2134 355 2179 contempserat
389 2142 435 2167 ac
473 2130 681 2168 deriserat:
723 2129 883 2167 tandem
923 2128 1048 2167 adieci
1085 2126 1354 2166 fabricandam
1387 2127 1460 2164 illis

109 2199 115 2215 ¹
141 2201 234 2241 They
250 2201 314 2232 had
331 2201 411 2233 both
427 2201 507 2232 been
525 2206 557 2232 at
576 2202 720 2238 Geneva,
740 2201 836 2243 April
856 2208 950 2242 1547.

106 2243 119 2262 ²
142 2243 306 2275 Amblard
323 2245 442 2284 Corne,
458 2245 512 2277 the
536 2245 656 2286 Syndic
680 2245 744 2275 and
768 2245 932 2286 president
957 2244 993 2275 of
1013 2245 1065 2275 the
1083 2243 1285 2283 Consistory,
1301 2242 1363 2273 and
1384 2243 1460 2273 Ami

65 2287 177 2319 Perrin
194 2287 249 2319 the
266 2288 579 2329 Captain-General,
597 2298 679 2319 were
703 2299 825 2329 among
848 2288 903 2320 the
926 2292 1035 2329 guests
1051 2287 1125 2318 who
1142 2287 1266 2318 daneed
1283 2291 1316 2317 at
1334 2297 1353 2317 a
1371 2287 1458 2317 wed-

62 2331 143 2405 ginlg
159 2341 200 2381 on
222 2340 257 2362 21
278 2331 394 2363 March
413 2331 505 2373 1546.
552 2331 595 2363 So
613 2337 669 2363 too
687 2343 752 2363 was
769 2332 910 2374 Jacques
928 2331 1042 2368 Gruct,
1060 2331 1117 2361 but
1138 2331 1177 2362 he
1193 2330 1275 2361 tried
1292 2335 1325 2361 to
1342 2335 1396 2371 get
1415 2330 1462 2361 off

146 2385 223 2406 ⁷1n0'.

86 2385 116 2433 y²
135 2385 295 2450 ³Madame
311 2418 420 2450 Perrin
438 2429 504 2450 was
527 2419 689 2460 daughter
712 2419 749 2450 of
763 2419 918 2459 Francois
935 2419 999 2449 and
1017 2418 1107 2449 sister
1124 2418 1160 2448 of
1174 2417 1324 2459 Gaspard
1344 2417 1458 2449 Favre.

64 2461 127 2493 She
144 2461 245 2493 broke
261 2466 318 2493 out
335 2467 368 2493 at
392 2462 528 2493 Calvin:
557 2465 564 2479 ‘
581 2462 737 2494 Me'ehant
761 2463 906 2500 homme,
923 2472 1003 2493 vous
1027 2461 1140 2493 voulez
1158 2462 1248 2492 boire
1266 2461 1296 2492 le
1320 2471 1400 2502 sang
1417 2461 1457 2492 de

63 2510 154 2538 notre
169 2505 305 2545 familie,
322 2507 403 2537 mais
420 2516 499 2537 vous
515 2507 644 2538 sortirez
661 2507 700 2537 de
718 2505 850 2538 Geneve
866 2511 962 2537 avant
979 2515 1060 2535 nous
1074 2508 1078 2535 7
1093 2505 1099 2514 ’
