1715 2780
126 100 192 139 116
383 101 502 138 THE
535 101 672 140 DIET
703 102 774 140 OF
804 103 1124 151 AUGsssURG‚
1163 116 1262 154 1530
1448 109 1519 155 287

125 202 369 252 offensione,
415 204 515 244 sicut
553 217 672 245 nemo
702 205 841 245 dixerit
880 219 1044 257 peccare
1082 207 1299 256 mulierem,
1340 222 1442 259 quae
1481 211 1521 249 in

125 256 329 306 publicum
350 271 431 297 non
451 259 581 299 velato
601 259 729 310 capite
752 262 931 310 procedit
951 261 1036 300 sine
1062 261 1281 301 offensione
1302 263 1520 303 hominum.

181 313 240 349 28.
270 312 377 351 Talis
416 320 475 352 est
513 313 734 352 observatio
765 314 845 353 diei
884 314 1097 363 Dominici,
1135 316 1348 364 Paschatis‚
1383 320 1522 358 Pente-

124 371 252 403 costes
291 373 330 404 et
359 366 546 405 similium
576 367 757 406 feriarum
792 376 831 407 et
868 368 1024 408 rituum.
1094 371 1199 408 Nam
1239 372 1306 421 qui
1345 372 1522 412 iudicant

124 418 313 458 ecclesiae
331 420 563 460 auctoritate
575 434 646 471 pro
666 422 833 461 sabbato
857 422 1075 461 institutam
1103 437 1188 463 esse
1212 424 1291 463 diei
1319 426 1522 465 Dominici

123 472 440 513 observationem
461 482 664 525 tamquam
685 476 959 526 necessariam,
988 478 1104 528 longe
1131 486 1272 517 errant.
1332 493 1392 528 29,
1424 480 1522 519 Scri-

124 533 237 576 ptura
255 527 458 578 abrogavit
474 529 695 577 sabbatum,
715 543 816 580 quae
831 532 949 570 docet
965 544 1104 570 omnes
1118 534 1362 571 ceremonias
1377 535 1522 573 Mosai-

124 593 189 618 cas
218 588 308 631 post
337 583 551 621 revelatum
576 584 822 633 evangelium
852 584 980 623 omitti
1008 598 1134 635 posse.
1195 588 1246 625 Et
1266 594 1399 626 tamen
1429 588 1522 638 quia

124 646 223 683 opus
252 641 334 674 erat
363 636 602 675 constituere
626 645 776 676 certum
804 638 922 685 diem,
949 646 991 678 ut
1015 639 1129 678 sciret
1156 642 1326 690 populus
1359 644 1521 691 quando

124 688 335 728 convenire
366 690 540 738 deberet,
572 699 734 741 apparet
768 692 974 731 ecclesiam
1008 693 1043 732 ei
1075 694 1128 732 rei
1160 694 1378 734 destinasse
1412 696 1519 734 diem

125 741 394 791 Dominicum,
435 744 503 794 qui
541 745 594 783 ob
639 746 742 783 hanc
785 759 945 796 quoque
988 760 1145 785 causam
1196 748 1351 787 videtur
1396 750 1520 800 magis

124 796 327 846 placuisse,
345 805 388 836 ut
404 798 595 837 haberent
608 800 790 838 homines
807 801 1031 850 exemplum
1049 801 1297 841 Christianae
1317 803 1517 851 libertatis,

123 857 161 888 et
181 849 325 890 scirent
345 865 419 890 nec
438 852 593 891 sabbati
617 866 691 892 nec
714 853 872 892 alterius
893 854 972 893 diei
998 855 1316 894 observationem
1344 871 1520 896 necessa-

123 903 218 942 riam
239 917 336 944 esse.

179 971 241 1007 30.
273 960 440 999 Exstant
473 960 722 1011 prodigiosae
756 961 1045 1012 disputationes
1079 964 1130 1003 de
1160 964 1380 1004 mutatione
1410 966 1517 1017 legis,

123 1012 174 1051 de
193 1012 427 1052 ceremoniis
453 1027 579 1053 novae
605 1015 711 1065 legis,
740 1017 790 1054 de
818 1016 1036 1056 mutatione
1063 1017 1229 1067 sabbati,
1252 1032 1354 1070 quae
1380 1033 1519 1059 omnes

121 1073 230 1105 ortae
268 1074 359 1105 sunt
396 1080 443 1106 ex
476 1069 573 1107 falsa
611 1069 875 1119 persuasione,
910 1072 1019 1120 quod
1057 1080 1236 1121 oporteat
1275 1074 1314 1111 in
1354 1074 1519 1113 ecclesia

123 1121 273 1158 cultum
304 1133 390 1159 esse
418 1121 586 1160 similem
616 1123 794 1162 Levitico
811 1139 822 1172 3
860 1131 898 1163 et
928 1126 1037 1174 quod
1067 1125 1248 1165 Christus
1277 1128 1519 1167 commiserit

124 1173 326 1223 Apostolis
347 1181 386 1213 et
415 1175 610 1225 episcopis
635 1177 855 1228 excogitare
884 1191 1006 1216 novas
1036 1180 1292 1229 ceremonias,
1316 1194 1418 1231 quae
1442 1182 1519 1221 sint

121 1228 350 1267 adsalutem
364 1231 618 1269 necessariae.
668 1244 729 1280 31.
764 1231 819 1269 Hi
835 1244 982 1271 errores
996 1241 1220 1283 serpserunt
1237 1234 1276 1272 in
1297 1235 1516 1283 ecclesiam,

123 1293 246 1330 quum
267 1281 412 1320 iustitia
432 1283 525 1322 fidei
546 1296 627 1322 non
648 1284 739 1323 satis
761 1286 862 1324 clare
883 1287 1101 1325 doceretur.
1159 1288 1295 1339 Aliqui
1315 1288 1518 1339 disputant

123 1334 203 1373 diei
242 1335 445 1374 Dominici
483 1337 799 1377 observationem
829 1352 911 1378 non
945 1340 1107 1390 quidem
1140 1341 1232 1380 iuris
1266 1341 1388 1381 divini
1418 1356 1514 1391 esse,

123 1389 193 1427 sed
222 1388 334 1439 quasi
354 1389 446 1428 iuris
470 1390 619 1440 divini3
667 1393 936 1442 praescribunt
960 1395 1011 1433 de
1037 1394 1151 1444 feriis,
1180 1403 1376 1445 quatenus
1403 1397 1518 1437 liceat

121 1442 283 1492 operari.
343 1443 587 1484 Huiusmodi
608 1445 895 1496 disputationes
916 1447 1012 1498 quid
1034 1456 1124 1487 sunt
1147 1450 1256 1489 aliud
1283 1449 1357 1489 nisi
1388 1452 1518 1501 laquei

122 1495 482 1536 conscientiarum?
551 1512 612 1548 32.
646 1501 901 1551 Quamquam
940 1501 1046 1540 enim
1084 1511 1278 1542 conentur
1312 1504 1519 1554 epiikizare

121 1549 363 1598 traditiones,
380 1558 514 1591 tamen
534 1566 740 1604 nunquam
760 1562 891 1605 potest
911 1556 1088 1606 aequitas
1108 1558 1365 1608 deprehendi,
1388 1560 1519 1598 donec

123 1611 256 1643 manet
294 1604 430 1655 opinio
477 1607 735 1655 necessitatis,
775 1622 894 1659 quam
940 1623 1100 1649 manere
1138 1625 1301 1650 necesse
1340 1619 1409 1660 est,
1450 1613 1516 1651 ubi

121 1656 348 1708 ignorantur
367 1659 515 1698 iustitia
524 1661 626 1709 fidei
641 1667 677 1699 et
694 1663 847 1700 libertas
871 1664 1110 1702 Christiana.

177 1724 238 1760 33.
267 1713 448 1761 Apostoli
487 1713 682 1753 iusserunt
715 1716 913 1755 abstinere
950 1730 973 1755 a
1011 1717 1212 1767 sanguine.
1272 1720 1372 1767 Quis
1410 1732 1520 1758 nunc

122 1764 334 1803 observat?
390 1767 533 1816 Neque
566 1775 699 1806 tamen
738 1777 916 1818 peccant,
956 1772 1023 1820 qui
1058 1784 1140 1809 non
1173 1771 1394 1819 observant,
1426 1775 1514 1823 quia

122 1831 173 1857 ne
207 1817 281 1869 ipsi
312 1818 474 1868 quidem
508 1821 691 1871 Apostoli
722 1824 928 1862 voluerunt
960 1837 1121 1863 onerare
1155 1827 1417 1865 conscientias
1451 1830 1517 1866 tali

123 1871 317 1919 servitute,
358 1874 428 1912 sed
466 1875 516 1913 ad
555 1882 710 1925 tempus
749 1878 1036 1926 prohibuerunt
1074 1888 1234 1929 propter
1271 1882 1514 1920 scandalum.

124 1927 196 1964 Est
216 1925 322 1964 enim
342 1935 532 1977 perpetua
551 1930 731 1968 voluntas
758 1931 948 1981 evangelii
973 1934 1263 1972 consideranda
1284 1935 1323 1972 in
1343 1935 1517 1974 decreto.

125 1992 186 2029 34.
218 1979 294 2017 Vix
327 1980 394 2018 ulli
427 1982 612 2021 Canones
647 1992 849 2023 servantur
885 1994 1066 2024 accurate
1083 2001 1093 2035 3
1123 1994 1161 2026 et
1193 1988 1305 2026 multi
1338 1990 1514 2038 quotidie

123 2034 352 2072 exolescunt
393 2037 501 2085 apud
545 2036 632 2075 illos
677 2037 795 2076 etiam
835 2038 902 2089 qui
948 2039 1247 2090 diligentissime
1296 2042 1515 2081 defendunt

123 2086 363 2126 traditiones.
424 2090 509 2127 Nec
529 2098 659 2139 potest
679 2092 931 2131 conscientiis
952 2094 1115 2141 consuli,
1133 2094 1207 2133 nisi
1228 2096 1326 2135 haec
1341 2097 1516 2146 aequitas

124 2148 305 2188 servetur,
328 2149 370 2180 ut
390 2141 558 2182 sciamus
580 2157 648 2183 eos
675 2145 758 2184 sine
785 2146 973 2196 opinione
997 2148 1240 2187 necessitatis
1267 2150 1421 2198 servari,
1443 2164 1514 2189 nec

123 2193 226 2232 laedi
246 2195 518 2244 conscientias,
540 2197 692 2236 etiamsi
713 2199 942 2239 traditiones
963 2203 1199 2241 exolescant.

179 2259 240 2297 35.
272 2248 404 2288 Facile
433 2257 564 2289 autem
597 2260 757 2301 possent
791 2253 967 2304 episcopi
998 2255 1212 2305 legitimam
1245 2256 1512 2296 obedientiam

125 2300 301 2349 retinere,
331 2303 362 2340 si
391 2316 472 2341 non
497 2313 676 2354 urgerent
704 2319 855 2346 servare
885 2308 1126 2356 traditiones,
1159 2323 1261 2360 quae
1290 2311 1396 2348 bona
1425 2324 1514 2350 con-

125 2353 289 2393 scientia
318 2357 459 2394 servari
498 2370 578 2397 non
618 2368 795 2408 possunt.
856 2363 973 2400 Nunc
1019 2361 1212 2412 imperant
1250 2363 1487 2402 caelibatum
1507 2379 1515 2411 3

124 2408 253 2446 nullos
291 2409 494 2459 recipiunt,
531 2412 605 2450 nisi
643 2413 770 2452 iurent
809 2427 850 2453 se
888 2428 1025 2465 puram
1065 2417 1255 2466 evangelii
1293 2417 1513 2456 doctrinam

124 2462 228 2500 nolle
257 2463 411 2502 docere.
471 2468 532 2513 36.
564 2467 657 2504 Non
688 2475 826 2517 petunt
859 2469 1049 2508 ecclesiae
1078 2477 1119 2507 ut
1149 2469 1323 2520 episcopi
1354 2471 1514 2510 honoris
