1715 2780
238 119 314 166 638
412 117 530 155 THE
564 117 888 156 DISCIPLINE
920 117 979 154 IN
1012 116 1253 164 GENEVA,
1290 119 1470 166 1542-64
1570 126 1630 163 311

235 235 321 261 esse
335 234 478 260 novam
499 221 649 269 urbem,
673 220 712 259 in
733 234 811 271 qua
832 233 1009 258 seorsum
1030 219 1215 267 viverent,
1238 219 1312 259 nisi
1331 221 1476 260 vellent
1496 220 1632 260 nobis-

236 291 326 315 cum
354 275 418 315 hic
440 276 513 314 sub
535 275 681 316 Christi
702 275 794 325 iugo
814 274 1007 313 contineri
1025 289 1031 312 :
1063 275 1253 324 quamdiu
1275 275 1461 314 Genevae
1487 283 1629 324 essent,

236 344 304 370 eos
326 332 465 369 frustra
491 330 561 368 niti
582 343 633 368 ne
656 329 808 380 legibus
838 335 1029 378 parerent.
1090 328 1192 366 Nam
1215 328 1244 366 si
1272 336 1330 368 tot
1350 336 1481 368 essent
1501 329 1633 369 diade-

236 393 341 424 mata
372 387 411 424 in
442 386 565 424 domo
595 384 825 431 Fabrorum,
857 390 954 433 quot
988 389 1079 421 sunt
1113 381 1268 421 rabiosa
1300 382 1440 433 capita,
1476 383 1516 422 id
1550 397 1632 423 non

236 441 318 478 sore
339 438 626 491 impedimento
646 437 741 487 quin
761 436 958 476 Dominus
979 438 1077 476 foret
1098 437 1284 487 superior.
1343 437 1511 476 Maritus
1533 439 1632 489 Lug-

235 496 388 533 dunum
423 493 570 532 interea
599 498 858 538 concesserat,
891 504 1051 541 sperans
1081 504 1163 529 rem
1192 490 1309 529 tacite
1343 493 1540 542 sepultum
1575 493 1630 531 iri.

236 548 397 595 Censui,
437 555 479 585 ut
525 546 777 585 iureiurando
822 546 874 584 ad
911 544 991 583 veri
1037 545 1328 584 confessionem
1371 545 1630 596 adigerentur.

236 604 416 642 Corneus
444 601 531 639 illos
560 599 726 648 monuit,
747 613 789 639 se
817 612 1070 650 nequaquam
1099 612 1304 650 passurum
1334 606 1375 638 ut
1404 601 1631 649 peierarent.

237 658 329 695 Non
361 657 482 695 modo
510 654 680 693 confessi
709 661 799 692 sunt
828 655 936 704 quod
956 653 1198 700 volebamus,
1225 654 1294 692 sed
1324 666 1365 692 se
1394 667 1441 693 eo
1471 653 1535 693 die
1564 656 1633 693 sal-

235 719 338 749 tasse
370 711 477 760 apud
512 708 748 747 Balthasaris
781 706 910 760 [Sept]
949 708 1119 746 viduam.
1179 708 1329 747 Omnes
1364 707 1403 745 in
1437 721 1632 748 carcerem

236 765 404 804 coniecti
422 781 428 803 2
459 763 652 813 Syndicus
672 762 824 812 insigne
843 761 1125 801 moderationis
1145 763 1368 811 exemplum
1389 762 1487 800 fuit.l
1528 764 1631 801 Nam

236 819 275 857 in
315 832 356 857 se
395 827 433 858 et
471 825 598 856 totum
636 829 791 867 gregem
832 816 1002 855 severius
1037 822 1094 854 est
1127 815 1396 863 concionatus,
1433 829 1550 866 quam
1590 824 1632 856 ut

236 872 452 923 oportuerit
485 885 575 910 cum
612 885 660 910 eo
697 872 821 909 multa
859 871 977 909 verba
1014 871 1151 908 facere.
1220 870 1460 909 Admonitus
1499 879 1631 910 tamen

235 927 401 977 graviter
430 926 502 964 fuit
537 927 576 964 in
609 923 867 971 consistorio,
898 926 987 963 loco
1021 937 1093 963 suo
1131 924 1308 963 deiectus
1337 925 1467 964 donec
1499 925 1632 975 poeni-

235 981 381 1020 tentiae
415 979 685 1019 testimonium
716 978 915 1018 edidisset.
974 978 1177 1017 Perrinum
1208 979 1406 1028 Lugduno
1434 992 1630 1018 reversum

235 1035 345 1074 aiunt
363 1051 369 1074 :
400 1033 596 1085 quidquid
616 1040 715 1083 agat,
737 1046 908 1083 poenam
928 1046 1011 1071 non
1031 1031 1216 1082 effugiet.²
1237 1063 1244 1070 .
1268 1062 1276 1070 .
1301 1063 1308 1071 .

290 1089 345 1141 (b)
375 1091 493 1127 From
522 1102 546 1126 a
575 1090 684 1125 letter
710 1087 757 1136 Of
779 1087 921 1126 Calvin
951 1092 987 1124 to
1027 1087 1137 1133 Viret,
1168 1099 1193 1124 2
1214 1087 1313 1137 suly
1342 1088 1631 1138 1547.—Nunc

236 1144 336 1182 serio
368 1142 484 1182 nobis
518 1142 751 1180 certandum
783 1148 852 1179 est.
910 1142 1063 1179 Vocata
1097 1153 1228 1179 rursus
1257 1141 1308 1179 ad
1339 1140 1630 1180 Consistorium

236 1199 361 1236 fuerat
390 1210 484 1235 uxor
513 1195 655 1234 comici
685 1195 864 1234 Caesaris
894 1195 946 1233 ob
976 1207 1087 1233 suam
1121 1195 1407 1244 petulantiam.³
1465 1194 1550 1233 Illic
1583 1208 1632 1234 ne

236 1251 431 1302 asperiore
461 1250 623 1300 quidem
653 1249 773 1288 verbo
802 1249 980 1287 lacessita
1014 1250 1101 1298 plus
1131 1247 1270 1287 veneni
1305 1248 1479 1287 evomuit
1512 1262 1631 1299 quam

237 1319 412 1355 unquam
446 1312 573 1343 antea.
632 1303 807 1341 Primum
842 1302 1008 1352 negavit,
1044 1304 1075 1341 si
1109 1303 1206 1352 quid
1239 1302 1479 1353 deliquisset,
1511 1304 1631 1342 nostri

236 1359 307 1397 fori
346 1372 431 1398 esse
470 1357 747 1408 cognitionem.
821 1356 977 1395 Deinde
1011 1364 1230 1405 conquesta
1267 1363 1325 1407 est
1363 1356 1437 1395 sibi
1473 1369 1629 1407 gravem

237 1412 475 1462 ignominiae
502 1419 637 1449 notam
666 1410 776 1457 inuri,
800 1411 907 1459 quod
929 1410 968 1448 in
990 1423 1079 1449 eum
1105 1411 1236 1448 locum
1259 1409 1392 1449 venire
1416 1418 1628 1461 cogeretur,

236 1480 317 1516 quo
347 1466 504 1504 nonnisi
534 1467 742 1504 sceleratos
772 1472 809 1502 et
840 1465 1040 1502 maleficos
1068 1463 1214 1502 accersi
1241 1465 1297 1502 fas
1322 1471 1435 1503 esset.
1495 1466 1630 1513 Quum

236 1534 283 1559 ex
320 1519 582 1559 assessoribus
621 1532 722 1557 unus
760 1517 945 1556 cohibere
984 1517 1256 1567 intemperiem
1295 1519 1421 1565 vellet,
1461 1519 1502 1556 in
1539 1531 1629 1557 eum

235 1576 404 1613 furorem
427 1574 628 1612 convertit.
691 1571 770 1610 Hic
800 1585 923 1621 quum
954 1585 994 1610 se
1015 1571 1117 1610 Abel
1140 1569 1329 1623 [Poupin]
1351 1571 1627 1622 interponeret,

235 1642 281 1667 ac
311 1628 458 1667 diceret
491 1627 619 1665 mirari
649 1639 689 1665 se
719 1627 827 1676 quod
857 1625 969 1664 initio
998 1626 1171 1675 professa
1199 1633 1300 1664 esset
1328 1627 1430 1664 adeo
1459 1639 1500 1664 se
1529 1639 1631 1664 vere-

237 1684 408 1721 cundam
439 1689 505 1720 aut
535 1682 732 1731 elinguem
763 1693 863 1729 quae
894 1680 1132 1729 respondere
1166 1680 1341 1729 pluribus
1374 1692 1456 1718 non
1484 1687 1627 1730 posset,

237 1750 360 1786 quum
394 1750 461 1786 par
491 1737 619 1773 futura
649 1742 750 1773 esset
780 1747 899 1783 quam
930 1732 1106 1784 plurimis
1127 1732 1413 1781 maledicendo,
1436 1741 1519 1772 tota
1538 1746 1630 1772 vero

236 1791 363 1829 rabies
397 1788 587 1828 efferbuit.
647 1790 736 1826 Imo
770 1801 871 1834 vero,
904 1787 1041 1837 inquit,
1074 1794 1114 1825 tu
1148 1786 1399 1834 conviciator,
1430 1787 1498 1837 qui
1531 1788 1629 1838 patri

237 1858 327 1882 meo
348 1845 527 1893 nequiter
547 1842 789 1881 conviciatus
810 1854 861 1880 es.
931 1843 995 1888 Va,
1022 1854 1112 1890 gros
1130 1842 1331 1891 poztacre4,
1363 1846 1404 1879 tu
1433 1853 1477 1879 as
1506 1847 1628 1890 menty

236 1898 530 1936 mesclmmment.
590 1896 677 1934 Nisi
705 1896 742 1934 vi
771 1903 925 1934 extrusa
953 1903 1066 1942 esset,
1098 1895 1177 1933 fere
1207 1907 1281 1933 nos
1319 1894 1513 1933 obruisset
1550 1895 1628 1933 suis

235 1951 475 1989 fulminibus.
537 1950 702 1989 Senatus
733 1950 905 1988 decrevit
935 1956 976 1987 ut
1005 1948 1044 1986 in
1068 1961 1263 1987 carcerem
1284 1948 1489 1987 arctiorem
1510 1947 1628 1986 inclu-

235 2006 403 2044 deretur.
462 2006 606 2054 Elapsa
634 2011 693 2042 est
722 2017 841 2053 opera
869 2010 1071 2042 matronae
1100 2002 1201 2040 illius
1228 2015 1330 2052 quae
1349 2003 1470 2040 malas
1490 2014 1627 2040 omnes

235 2072 372 2097 causas
402 2058 600 2108 suscipere
629 2057 667 2095 in
698 2070 812 2095 suum
834 2056 1095 2106 patrocinium
1116 2057 1225 2094 solet.
1283 2057 1393 2094 Alter
1412 2069 1459 2094 ex
1479 2055 1565 2094 filiis
1586 2069 1627 2094 se

236 2113 422 2151 comitem
453 2112 635 2161 fugitivae
663 2110 869 2159 adiungit.⁵
926 2112 1061 2159 Quum
1087 2123 1169 2148 non
1192 2111 1329 2159 procul
1347 2123 1371 2148 a
1390 2117 1501 2159 porta
1521 2109 1626 2148 urbis

235 2168 334 2205 forte
350 2166 389 2204 in
402 2166 571 2204 Abelem
592 2164 804 2212 incidisset,
819 2163 910 2202 novi
932 2165 1108 2210 insultus,
1125 2170 1163 2202 et
1180 2162 1340 2213 quidem
1356 2163 1622 2213 proterviores.

281 2238 290 2258 ¹
316 2239 368 2271 Cf.
379 2240 387 2255 ‘
404 2238 497 2269 Ledit
508 2238 543 2269 Sr
556 2237 731 2278 Sindicque
742 2247 761 2267 a
774 2236 935 2277 respondu
948 2246 986 2267 en
997 2236 1185 2267 remerciant
1199 2234 1245 2266 les
1256 2235 1379 2266 bonnes
1389 2234 1625 2266 ammonicions

235 2288 304 2314 tant
321 2283 412 2314 selon
428 2282 514 2313 Dieu
536 2291 599 2322 que
622 2280 713 2329 selon
737 2280 784 2311 les
807 2280 892 2311 editz
916 2279 972 2328 des
994 2276 1321 2320 Seigneurs‘.—Reg.
1345 2278 1391 2309 du
1418 2278 1623 2316 Consz'stoire,

237 2336 249 2358 Ι
259 2324 643 2409 ὅῖΑὲἓξ-ἰῖιῗξοῖξέξθᾟ,
655 2334 735 2404 ἐξ),
746 2323 795 2405 [ΙΞ
812 2322 1162 2407 Βςῐῑῑξηῐέἲὲἶέῐὲἷέἒὲζ
1169 2374 1180 2395 1
1186 2366 1199 2406 )
1205 2389 1212 2396 .

280 2412 292 2431 3
318 2422 354 2451 23
372 2412 456 2453 June
475 2418 555 2452 1547
575 2410 628 2452 (cf.
649 2411 762 2452 Opera,
782 2410 845 2441 xxi.
865 2409 917 2450 [=
936 2410 971 2440 C.
987 2409 1029 2440 R.
1046 2408 1139 2449 xlix]
1154 2415 1229 2449 407,
1245 2407 1310 2440 and
1327 2407 1467 2448 Ruehat,
1484 2418 1513 2438 v.
1530 2408 1622 2448 317).

280 2457 291 2475 4
317 2457 460 2486 Pouacre
480 2469 507 2479 =
525 2455 602 2490 sale,
620 2454 720 2485 vilain
741 2453 894 2494 (Littre);
917 2453 1010 2493 groin
1028 2453 1068 2483 de
1086 2462 1164 2492 porc
1182 2452 1332 2493 (Roget).

280 2502 289 2516 ⁷·
315 2500 366 2531 To
383 2499 440 2531 her
455 2498 569 2538 father,
586 2497 737 2540 Franqois
755 2497 867 2533 Favre,
883 2500 916 2528 at
934 2496 1058 2537 Beguy,
1077 2495 1254 2536 belonging
1269 2500 1304 2526 to
1321 2495 1412 2526 Bern.

1701 0 1715 209 l

1703 214 1712 275 l:

1702 421 1705 445 1

1705 827 1715 889 2

1697 1931 1708 2103 ,Ὡ-Γ..
1698 1797 1709 1922 ἲιῂᾼᾼή
1700 1731 1702 1775 *v
1700 1697 1702 1704 ψ
1700 1623 1702 1659 *⁴
1700 1568 1702 1575 -

1697 2087 1708 2180 Y.—.,;,—

1695 2329 1706 2394 {j

1696 2392 1705 2454 32¹,
