1715 2780
11 2567 23 2617 ,ad—-

149 87 217 124 123
407 76 526 115 THE
558 75 694 114 DIET
724 75 796 114 OF
826 75 1146 121 AUGSBURG,
1185 86 1284 124 1530
1470 89 1543 125 299

150 179 294 218 litteras
333 178 545 230 unicuique
585 178 651 229 qui
686 179 737 217 de
768 178 963 217 erroribus
995 178 1086 217 fidei
1117 178 1266 229 aliquid
1299 178 1338 218 in
1369 179 1542 218 medium

148 234 346 273 adducere
377 234 504 280 vellet,
537 232 771 272 nominatim
805 246 898 271 vero
934 232 1106 271 Electori
1135 234 1338 279 Saxoniae,
1371 234 1545 283 Georgio

150 287 374 326 Marchioni
407 286 740 338 Brandeburgico,
772 288 942 325 Ernesto
973 294 1092 337 atque
1124 287 1333 326 Francisco
1364 288 1546 326 fratribus

150 349 188 381 et
210 341 389 381 Ducibus
410 341 798 392 Luneburgensibus,
821 341 1006 392 Philippo
1035 343 1256 380 Hassorum
1286 343 1543 392 Landgravio‚

150 397 440 447 Guolphgango
469 396 688 435 Ascaniae1
710 394 892 446 Principi,
924 403 963 434 et
994 395 1247 446 Noribergae,
1280 396 1543 447 Rutelingiae‚

151 451 411 501 Campadoni,
430 450 715 497 Hailbronnae,
732 449 965 489 Winshemii
981 458 1019 489 et
1035 452 1082 487 W
1085 449 1298 501 eisseburgi
1316 452 1518 490 civitatum
1533 452 1546 472 ²

151 506 319 555 Legatis‚
341 504 544 544 mandavit
567 513 608 543 ut
629 504 858 555 opinionem
883 511 921 543 et
945 504 1235 544 confessionem
1266 519 1376 545 suam
1398 505 1545 556 scripto

149 560 476 610 comprehensam
521 560 715 605 offerrent,
766 572 933 609 eamque
976 559 1149 597 oblatam
1193 567 1231 598 et
1273 560 1544 610 praesentibus

149 613 334 652 omnibus
373 613 623 652 Electoribus
671 620 790 663 atque
840 612 999 662 Imperii
1044 614 1262 652 Ordinibus
1308 617 1544 665 praelectam

149 667 309 714 audivit,
338 674 376 706 et
406 681 445 706 re
472 668 540 706 diu
571 669 820 717 multumque
844 668 1070 713 deliberata,
1100 676 1237 718 postea
1267 669 1386 708 firmis
1414 683 1546 708 sacrae

150 721 369 772 Scripturae
411 721 645 760 testimoniis
694 721 884 769 refutavit,
924 734 970 760 ac
1016 723 1141 760 multo
1187 730 1266 761 tam
1316 737 1388 762 suo
1426 737 1544 774 quam

150 775 387 826 reliquorum
418 775 614 816 Ordinum
634 776 769 814 labore
790 789 870 814 rem
888 789 936 814 eo
957 776 1120 815 deduxit
1140 784 1181 815 ut
1198 777 1336 828 'primo
1366 786 1548 828 quatuor-

150 831 279 869 decim
297 831 479 881 utrinque
500 844 546 869 ex
567 829 815 880 Principibus
832 838 870 868 et
884 829 979 877 aliis,
995 830 1142 870 deinde
1162 844 1253 871 vero
1267 845 1333 871 sex
1354 845 1546 882 personae

151 885 327 923 delectae
344 886 394 924 de
410 884 624 923 concordia
643 892 682 923 et
695 897 792 935 pace
805 884 1084 924 constituenda
1099 894 1257 935 agerent
1275 902 1281 924 z
1312 900 1413 936 quae
1428 886 1545 925 etiam

152 941 273 978 multa
294 939 450 978 actione
471 946 509 978 et
530 952 672 989 magna
692 938 894 989 diligentia
914 940 1138 986 effecerunt,
1171 948 1213 978 ut
1240 940 1279 978 in
1307 942 1545 991 quibusdam

151 993 242 1032 fidei
276 993 447 1032 articulis
480 1007 571 1032 cum
606 992 765 1043 reliquis
800 993 1061 1040 Electoribus‚
1100 994 1348 1045 Principibus
1379 1003 1416 1034 et
1441 995 1546 1034 Sacri

152 1047 312 1098 Imperii
352 1047 570 1087 Ordinibus
610 1050 877 1086 Protestantes
915 1048 1182 1094 convenirent,
1225 1050 1263 1087 in
1307 1049 1545 1099 quibusdam

151 1115 243 1140 vero
274 1115 296 1140 a
328 1102 442 1142 Caes,
477 1102 687 1140 Maiestate
727 1110 764 1140 et
803 1102 1083 1141 communibus
1114 1103 1318 1141 ordinibus
1349 1105 1545 1142 diversum

151 1157 349 1195 sentirent.

206 1210 266 1262 (3)
296 1213 353 1250 Ut
381 1218 512 1249 autem
553 1211 597 1250 C.
636 1212 691 1249 M.
724 1212 967 1249 demonstret
998 1218 1035 1250 et
1066 1213 1259 1260 ostendat,
1297 1225 1415 1262 quam
1450 1211 1547 1250 nihil

152 1264 389 1315 impotenter
409 1264 552 1315 cupide
573 1273 639 1303 aut
660 1278 730 1315 pro
752 1279 821 1303 sua
841 1264 1005 1304 libidine
1025 1274 1131 1315 gerat
1152 1266 1357 1316 faciatque,
1374 1274 1411 1305 et
1427 1280 1546 1317 quam

151 1318 200 1357 sit
228 1332 364 1358 amans
395 1318 577 1369 publicae
606 1319 712 1370 pacis
742 1326 780 1358 et
808 1318 1098 1370 tranquillitatis
1126 1320 1334 1371 praecipue
1358 1334 1426 1371 per
1456 1322 1548 1360 Ger-

152 1372 324 1412 maniam
359 1373 671 1420 constituendae,
713 1373 895 1424 singulari
936 1375 1105 1424 quadam
1148 1374 1390 1425 benignitate
1428 1383 1548 1425 atque

152 1427 361 1466 clementia
410 1427 582 1467 Electori
624 1429 827 1474 Saxoniae,
871 1429 1046 1478 quinque
1100 1428 1348 1479 Principibus
1397 1437 1435 1468 et
1483 1443 1547 1468 sex

153 1481 387 1522 Civitatibus
416 1483 468 1521 ad
501 1483 702 1521 decimum
734 1482 916 1532 quintum
952 1496 1077 1533 usque
1109 1483 1214 1522 diem
1248 1483 1363 1522 futuri
1401 1483 1547 1522 mensis

153 1535 296 1586 Aprilis
317 1536 562 1575 deliberandi
584 1536 753 1587 spatium
783 1537 940 1588 largitur
969 1544 1011 1575 ut
1044 1537 1192 1576 interea
1209 1546 1390 1588 reputent
1412 1552 1546 1576 secum

151 1597 270 1641 atque
297 1598 468 1629 statuant
503 1604 597 1629 num
620 1591 658 1628 in
694 1591 738 1629 iis
768 1591 964 1641 dogmatis
995 1605 1096 1641 quae
1129 1592 1277 1642 reliqua
1309 1601 1409 1639 sunt,
1442 1592 1546 1631 idem

152 1646 260 1694 quod
282 1645 474 1693 Pontifex,
496 1646 604 1695 quod
626 1646 708 1695 ipse
729 1653 767 1684 et
787 1645 851 1683 alii
874 1647 1074 1684 Electores
1097 1645 1298 1696 Principes
1319 1654 1356 1685 et
1388 1646 1547 1696 Imperii

152 1698 322 1738 Ordines
341 1713 388 1737 ac
409 1701 517 1749 quod
538 1699 742 1737 universus
761 1699 933 1749 denique
950 1699 1068 1738 Orbis
1086 1700 1341 1747 Christianus,
1357 1702 1407 1739 ad
1424 1714 1549 1750 usque

153 1752 321 1792 Concilii
343 1761 510 1803 tempus,
526 1753 695 1803 profiteri
718 1753 837 1792 velint
851 1766 988 1792 necne.
1049 1756 1205 1793 Interea
1218 1754 1405 1805 temporis
1426 1756 1471 1794 C.
1492 1756 1547 1792 M.

154 1820 313 1857 quoque
334 1807 566 1846 deliberabit
588 1807 683 1857 quid
709 1807 781 1846 sibi
804 1807 843 1845 in
866 1809 938 1846 hac
959 1821 1076 1847 causa
1096 1810 1294 1858 agendum
1317 1817 1354 1847 et
1379 1816 1548 1847 statuen-

154 1862 250 1899 dum
271 1861 330 1900 sit.
391 1863 500 1900 Intra
520 1861 719 1900 decimum
737 1876 828 1900 vcro
842 1870 880 1901 et
896 1862 1078 1912 quintum
1100 1862 1245 1913 Aprilis
1262 1862 1367 1901 diem
1391 1864 1550 1902 Elector

154 1915 357 1963 Saxoniae,
376 1915 556 1966 quinque
578 1915 778 1966 Principes
799 1924 837 1954 et
858 1930 924 1954 sex
952 1916 1151 1963 Civitates,
1175 1917 1271 1967 quid
1292 1931 1385 1956 suae
1408 1917 1549 1956 mentis

155 1977 192 2007 et
222 1969 439 2009 sententiae
470 1971 543 2008 hac
570 1971 620 2009 de
650 1984 689 2009 re
719 1970 778 2018 sit,
801 1970 847 2010 C.
872 1969 944 2008 Μῂί
966 1970 1101 2010 litteris
1132 1971 1258 2022 sigillo
1288 1985 1359 2011 suo
1389 1971 1550 2022 signatis

155 2023 398 2073 significent:
427 2024 467 2063 id
488 2025 596 2074 quod
619 2026 662 2064 (J.
688 2026 744 2063 M.
768 2025 886 2063 etiam
908 2033 965 2063 est
986 2027 1145 2064 factura.

188 2055 267 2129 ἰ,(4)
299 2078 556 2129 Imperatoria
582 2078 771 2118 Maiestas
811 2080 927 2118 etiam
963 2081 1044 2118 vult
1074 2088 1193 2130 atque
1225 2080 1326 2119 serio
1360 2080 1549 2131 praecipit

156 2138 197 2170 ut
217 2131 365 2171 interea
384 2146 523 2183 pacem
545 2146 612 2182 per
627 2133 843 2183 Imperium
865 2135 996 2172 colant
1017 2147 1167 2181 omnes,
1183 2148 1234 2173 ne
1250 2136 1351 2173 Saxo
1373 2136 1549 2183 soeiique

157 2186 246 2223 novi
273 2186 369 2236 quid
400 2188 449 2226 de
474 2186 661 2236 religione
689 2201 767 2225 suis
800 2187 837 2225 in
872 2187 1172 2238 Principatibus,
1217 2188 1477 2227 Dioecesibus
1512 2197 1549 2226 et

156 2239 372 2279 ditionibus
393 2240 494 2291 typis
516 2241 692 2291 procudi,
715 2243 853 2280 venale
874 2241 1008 2279 haberi
1039 2250 1106 2280 aut
1127 2242 1242 2281 vendi
1270 2243 1477 2292 patiantur,
1501 2256 1550 2280 ne

157 2294 218 2331 vel
242 2293 314 2344 ipsi
335 2296 394 2333 vel
416 2308 551 2334 eorum
583 2295 730 2334 subditi
755 2309 983 2346 quenquam
1011 2298 1061 2335 ad
1086 2310 1196 2335 suam
1219 2296 1446 2347 religionem
1462 2296 1486 2343 ³,
1509 2304 1550 2334 ut

157 2348 345 2390 hactenus
362 2350 507 2388 factum
522 2357 590 2397 est,
608 2357 750 2400 cogant
765 2350 1054 2401 pelliciantquc‚
1071 2364 1120 2390 ne
1136 2358 1307 2389 veterem
1323 2349 1548 2399 religionem

202 2428 209 2447 ¹
240 2430 372 2461 Anhalt.
535 2431 545 2450 ²
570 2431 755 2472 Niirnberg.
775 2432 980 2472 Rcutlingen,
1002 2433 1177 2473 Keinptmi,
1198 2432 1394 2463 Ileilbronn.
1418 2431 1548 2462 Winds-

158 2473 255 2513 heim,
273 2474 517 2515 weissenburg.
710 2474 722 2492 ³
744 2477 870 2515 Germ.>
885 2481 961 2507 sect.
