1715 2780
131 107 180 143 68
347 105 466 143 THE
507 106 705 143 THREE
747 105 1055 144 TREATISES
1098 105 1169 144 OF
1205 116 1304 155 1520
1474 105 1528 153 36

185 208 317 247 Tertia
343 207 545 258 captivitas
571 208 748 247 eiusdem
779 207 1011 247 sacramenti
1039 215 1097 247 est
1131 209 1247 258 longe
1276 208 1530 259 impiissimus

129 262 194 301 ille
220 263 378 310 abusus,
400 275 480 312 quo
510 264 655 301 factum
686 270 754 309 est,
777 269 820 300 ut
848 263 928 301 fere
948 262 1044 300 nihil
1074 262 1122 301 sit
1152 263 1272 301 hodie
1297 262 1337 300 in
1365 261 1531 302 ecclesia

129 317 323 366 receptius
344 330 389 355 ac
411 318 532 367 magis
559 329 788 366 persuasum
810 329 929 366 quam
957 317 1116 354 missam
1142 329 1229 355 esse
1254 329 1354 367 opus
1378 317 1529 355 bonum

129 378 168 409 et
202 371 447 409 sacrificium.
504 372 583 420 Qui
615 371 761 409 abusus
800 371 946 409 deinde
984 369 1189 409 inundavit
1222 371 1396 409 infinitos
1433 370 1530 409 alios

128 425 287 471 abusus,
303 425 431 463 donec
448 425 527 468 fide
547 425 780 463 sacramenti
797 424 953 474 penitus
969 425 1160 463 exstincta
1174 437 1300 463 meras
1319 424 1531 471 nundinas,

129 480 450 529 cauponationes,
483 486 522 517 et
555 478 824 529 quaestuarios
858 479 1053 528 quosdam
1084 485 1308 517 contractus
1342 491 1364 517 e
1397 479 1532 517 divino

129 540 375 571 sacramento
404 533 577 571 fecerint.
651 532 760 570 Hinc
795 532 1124 582 participationes,
1155 532 1426 579 fraternitates,
1457 533 1533 570 suf-

129 585 259 636 fragia,
280 586 428 634 merita,
457 586 730 633 anniversaria,
761 585 984 632 memoriae,
1012 594 1050 625 et
1074 586 1115 625 id
1141 599 1264 637 genus
1284 586 1529 637 negotiorum

128 639 168 677 in
207 640 373 678 ecclesia
411 642 645 687 venduntur,
687 647 885 687 emuntur,
921 639 1183 689 paciscuntur,
1224 647 1530 691 componuntur,

128 695 356 744 pendetque
386 693 425 732 in
461 694 520 732 his
550 694 730 732 universa
758 693 948 732 alimonia
974 695 1222 733 sacerdotum
1253 701 1291 733 et
1321 695 1533 733 monacho·

128 761 225 786 rum.
251 776 257 784 .
281 777 315 786 ..

181 803 265 840 Stet
291 815 383 852 ergo
407 801 575 852 primum
605 809 643 840 et
672 801 933 849 infallibiliter,
962 801 1119 840 missam
1149 814 1217 841 seu
1245 808 1532 840 sacramentum

127 855 257 894 altaris
279 869 363 894 esse
383 863 662 894 testamentum
686 855 841 902 Christi,
866 857 974 905 quod
995 857 1165 894 moriens
1192 863 1281 906 post
1301 869 1342 894 se
1363 855 1530 906 reliquit,

128 909 445 948 distribuendum
480 911 559 948 suis
599 910 791 948 fidelibus.
852 909 916 948 Sic
950 909 1055 947 enim
1095 911 1243 949 habent
1275 911 1358 948 eius
1389 910 1532 948 verba:

129 964 210 1001 Hic
230 965 329 1002 calix
350 977 496 1003 novum
517 970 808 1010 testamentum,
832 963 870 1000 in
893 976 982 1001 meo
1002 965 1203 1014 sanguine.
1224 994 1231 1002 .
1256 995 1263 1002 .
1288 994 1295 1002 .

184 1018 432 1065 Quaeramus
461 1031 564 1068 ergo,
586 1019 683 1067 quid
703 1017 751 1055 sit
771 1024 1064 1064 testamentum,
1086 1024 1125 1056 et
1151 1017 1266 1056 simul
1296 1016 1532 1056 habebimus

127 1070 224 1121 quid
245 1071 293 1109 sit
314 1073 442 1118 missa,
465 1071 551 1121 quis
573 1084 678 1117 usus,
700 1072 787 1120 quis
808 1072 966 1118 fructus,
988 1071 1075 1120 quis
1095 1072 1242 1110 abusus
1262 1071 1357 1110 eius.
1397 1073 1533 1110 Testa-

127 1132 305 1163 mentum
335 1126 486 1175 absque
515 1125 640 1163 dubio
670 1132 727 1162 est
762 1124 969 1174 promissio
1004 1124 1191 1173 morituri,
1222 1138 1300 1175 qua
1329 1133 1532 1176 nuncupat

126 1178 408 1217 haereditatem
432 1192 554 1225 suam,
577 1186 616 1217 et
637 1178 803 1216 instituit
824 1179 1023 1217 haeredeS.
1076 1180 1247 1218 Involvit
1267 1180 1398 1230 itaque
1419 1187 1532 1217 testa-

127 1240 305 1271 mentum
337 1232 464 1283 primo
494 1240 660 1271 mortem
685 1233 892 1280 testatoriS,
915 1233 1061 1272 deinde
1091 1232 1340 1272 haereditatis
1369 1232 1531 1283 promis-

126 1286 291 1333 sionem,
318 1295 356 1324 et
385 1286 566 1325 haeredis
596 1287 945 1336 nuncupationem.
1005 1286 1069 1325 Sic
1098 1286 1203 1325 enim
1236 1288 1379 1325 Paulus
1410 1289 1527 1326 Rom.

126 1339 164 1378 iv
194 1347 231 1378 et
262 1341 347 1379 Gal.
380 1340 419 1378 iii
451 1339 535 1392 [15]
565 1347 602 1379 et
627 1340 665 1378 iv
695 1338 781 1392 [24]
815 1348 853 1378 et
887 1340 1025 1379 Ebrae.
1056 1340 1093 1378 ix
1124 1338 1210 1393 [16]
1243 1340 1383 1391 diffuse
1418 1348 1532 1379 testa-

127 1401 305 1432 mentum
327 1401 475 1432 tractat.
536 1395 657 1443 Quod
679 1402 716 1432 et
737 1395 776 1431 in
798 1394 925 1432 verbis
946 1394 1028 1432 istis
1049 1394 1194 1434 Christi
1215 1395 1317 1433 clare
1337 1395 1529 1433 videmus.

129 1449 300 1486 Mortem
333 1461 442 1485 suam
475 1448 653 1487 Christus
684 1455 859 1496 testatur,
885 1449 981 1486 dum
1011 1448 1129 1487 dicit:
1176 1450 1268 1487 Hoc
1297 1455 1356 1486 est
1387 1461 1529 1499 corpus

129 1514 272 1549 meum,
291 1503 399 1551 quod
413 1503 586 1540 tradetur
602 1517 608 1539 :
640 1501 703 1539 hic
724 1501 881 1552 sanguis
898 1515 1009 1540 meus
1025 1502 1092 1552 qui
1108 1502 1344 1541 effundetur.
1383 1504 1531 1542 Haere-

126 1554 289 1593 ditatem
329 1562 532 1605 nuncupat
570 1562 607 1594 et
645 1555 835 1606 designat,
872 1569 962 1593 cum
1001 1556 1122 1594 dicit:
1172 1557 1219 1594 In
1258 1555 1528 1595 remissionem

126 1617 391 1658 peccatorum.
451 1610 657 1648 Haeredes
684 1618 816 1648 autem
843 1609 1021 1656 instituit,
1043 1623 1133 1648 cum
1162 1609 1282 1648 dicit:
1312 1612 1388 1648 Pro
1417 1609 1529 1648 vobis

127 1670 165 1701 et
200 1675 269 1712 pro
303 1662 448 1709 multis,
480 1663 520 1701 id
555 1671 625 1710 est,
660 1663 725 1712 qui
761 1671 969 1714 acceptant
1003 1672 1041 1702 et
1074 1664 1240 1703 credunt
1277 1663 1529 1714 promissioni

127 1716 321 1755 testatoris
337 1731 346 1765 3
376 1718 474 1755 fides
495 1716 600 1755 enim
623 1717 686 1755 hic
707 1719 896 1756 haeredes
917 1717 1019 1764 facit,
1041 1724 1083 1756 ut
1104 1717 1338 1756 videbimus.

181 1770 304 1809 Vides
328 1784 419 1821 ergo
446 1772 553 1820 quod
584 1770 713 1817 missa,
735 1784 852 1821 quam
874 1784 1073 1818 vocamus,
1096 1773 1144 1809 sit
1171 1770 1379 1822 promissio
1398 1770 1529 1810 remis-

127 1823 247 1862 sionis
274 1832 538 1874 peccatorum,
563 1838 587 1862 a
614 1826 703 1863 Deo
727 1824 842 1863 nobis
870 1826 982 1872 facta,
1004 1832 1042 1864 et
1068 1825 1154 1863 talis
1184 1824 1404 1876 promissio,
1425 1837 1528 1875 quae

127 1890 195 1927 per
216 1884 380 1916 mortem
404 1877 490 1915 Filii
513 1878 587 1916 Dei
609 1879 760 1916 firmata
780 1878 839 1916 sit.
864 1909 871 1917 .
895 1908 903 1916 .
925 1908 934 1916 .

182 1932 242 1969 Ex
273 1931 417 1980 quibus
452 1930 528 1968 iam
561 1944 630 1969 sua
667 1939 809 1981 sponte
839 1939 957 1981 patet,
990 1933 1077 1982 quis
1101 1933 1149 1971 sit
1183 1945 1276 1971 usus
1309 1940 1348 1971 et
1380 1932 1526 1971 abusus

128 1983 281 2030 missae,
304 1997 404 2034 quae
424 1985 542 2033 digna
558 1986 618 2022 vel
639 1984 800 2034 indigna
819 1985 1074 2035 praeparatio.
1132 1987 1171 2024 Si
1192 1987 1298 2024 enim
1318 1985 1528 2036 promissio

127 2045 198 2084 est,
220 2045 262 2075 ut
282 2039 431 2076 dictum
458 2045 527 2084 est,
549 2039 665 2075 nullis
692 2038 888 2087 operibus,
910 2040 1027 2077 nullis
1046 2038 1203 2086 viribus,
1225 2039 1342 2077 nullis
1366 2039 1525 2086 meritis,

126 2092 178 2130 ad
207 2104 294 2130 eam
323 2091 534 2138 acceditur,
565 2093 634 2130 sed
664 2093 747 2129 sola
776 2093 864 2130 fide.
925 2092 1006 2131 Ubi
1035 2092 1141 2130 enim
1168 2100 1226 2131 est
1250 2092 1412 2131 verbum
1442 2105 1527 2143 pro-

128 2144 318 2184 mittentis
340 2144 426 2191 Dei,
449 2145 503 2183 ibi
523 2146 741 2183 necessaria
761 2152 819 2183 est
840 2146 938 2183 fides
957 2147 1198 2195 acceptantis
1219 2145 1400 2184 hominis.
1425 2176 1434 2186 .
1458 2176 1466 2184 .
1490 2177 1497 2184 .

181 2199 374 2237 Videmus
405 2212 451 2236 ex
480 2198 551 2245 his,
574 2211 693 2248 quam
723 2200 858 2247 grandi
889 2199 944 2236 ira
973 2199 1048 2237 Dei
1077 2200 1223 2237 factum
1250 2199 1311 2246 sit,
1336 2207 1379 2237 ut
1409 2200 1528 2238 verba

127 2253 352 2291 testamenti
386 2252 501 2289 huius
539 2265 611 2290 nos
645 2252 806 2290 celarint
837 2251 946 2301 impii
977 2253 1171 2298 doctores,
1200 2260 1319 2302 atque
1349 2266 1417 2303 per
1449 2254 1526 2292 hoc

126 2305 256 2357 ipsum
287 2307 405 2344 fidem
433 2307 709 2352 exstinxerunt,
737 2313 929 2355 quantum
953 2305 993 2343 in
1020 2305 1074 2344 eis
1102 2306 1184 2344 fuit.
1243 2308 1329 2344 Iam
1355 2319 1525 2357 pronum

128 2366 186 2398 est
207 2360 339 2398 videre
359 2359 455 2409 quid
475 2361 526 2398 ad
553 2360 670 2398 fidem
694 2361 925 2397 exstinctam
946 2359 1056 2409 sequi
1086 2359 1158 2398 fuit
1185 2372 1357 2407 necesse,
1378 2374 1524 2411 nempe

127 2413 423 2464 superstitiones
460 2425 623 2463 operum
662 2412 923 2463 impiissimas.
982 2412 1063 2452 Ubi
1103 2412 1207 2451 enim
1239 2415 1337 2453 fides
1367 2413 1524 2461 occidit,

128 2475 167 2507 et
194 2467 356 2507 verbum
387 2468 479 2506 fidei
508 2466 758 2513 obmutescit,
788 2466 841 2505 ibi
869 2479 959 2505 mox
989 2474 1150 2516 surgunt
1178 2479 1296 2516 opera
1326 2467 1365 2505 in
1393 2468 1524 2507 locum
