1715 2780
221 79 271 118 50
378 69 499 105 THE
540 64 929 106 DISPUTATION
970 63 1043 104 AT
1083 61 1319 113 LEIPZIG,
1355 76 1454 115 1519
1562 72 1613 113 27

221 183 370 210 sacram
387 171 641 221 Scripturam,
656 184 757 221 quae
778 178 836 209 est
855 171 1009 221 proprie
1026 169 1085 209 ius
1101 169 1291 216 divinum,
1312 167 1387 207 nisi
1406 169 1614 207 accesserit

223 239 325 264 nova
355 233 394 264 et
427 225 592 275 probata
621 224 816 263 revelatio.
876 226 964 262 Imo
998 238 1044 262 ex
1078 225 1159 262 iure
1190 222 1325 262 divino
1358 222 1614 273 prohibemur

221 281 390 328 credere,
419 278 493 317 nisi
514 280 623 329 quod
652 279 700 317 sit
729 279 950 329 probatum,
980 279 1040 316 vel
1069 291 1137 327 per
1167 276 1404 327 Scripturam
1425 276 1612 323 divinam,

221 335 281 372 vel
311 346 379 384 per
408 333 656 371 manifestam
686 332 975 371 revelationem.
1035 334 1093 371 Ut
1123 332 1279 370 Gerson
1311 330 1430 369 etiarn
1459 331 1530 368 etsi
1560 343 1615 368 re-

222 387 372 426 centior
400 388 440 425 in
470 387 601 425 multis
630 386 727 425 locis
755 386 902 433 asserit,
934 393 972 424 et
1001 385 1115 424 divus
1145 385 1388 435 Augustinus
1417 383 1614 434 antiquior

221 455 292 491 pro
313 440 497 491 singulari
524 454 676 479 canone
697 440 889 487 observat,
913 439 1048 478 dicens
1067 440 1118 478 ad
1139 438 1274 478 divum
1297 438 1586 488 Hieronymum
1606 453 1613 476 ε

224 499 232 515 ‘
250 497 336 545 Ego
352 496 444 533 solis
464 494 519 533 eis
538 494 663 533 Libris
677 494 797 533 didici
818 495 924 531 hunc
945 495 1137 532 honorem
1157 493 1318 539 deferre,
1336 493 1404 542 qui
1421 491 1614 531 Canonici

221 550 478 599 appellantur,
514 556 688 587 caeteros
718 555 851 586 autem
885 547 937 585 ita
970 549 1058 597 lego
1088 554 1130 585 ut
1164 545 1408 596 quantalibet
1436 546 1616 585 doctrina

222 603 507 652 sanctitateque
529 603 810 652 praepolleant,
829 615 909 639 non
930 601 1022 640 ideo
1042 614 1175 639 verum
1198 599 1416 639 existimem
1443 601 1535 650 quia
1561 599 1615 637 illi

223 657 277 695 sic
308 664 513 695 senserunt
545 658 615 695 sed
648 656 679 694 si
709 670 755 694 ex
785 655 892 694 libris
922 654 1122 693 canonicis
1151 656 1212 694 vel
1241 653 1436 704 probabili
1465 653 1615 692 ratione

223 710 318 748 mihi
340 712 574 761 persuadere
595 711 831 760 potuerunt.'

278 764 385 813 Quin
407 766 524 803 etiam
546 764 618 814 ipsi
641 764 817 811 Iuristae,
839 765 889 802 de
914 763 1057 813 quibus
1078 762 1208 800 minus
1229 763 1434 809 videretur,
1462 761 1501 799 in
1528 774 1613 811 cap.

223 818 468 868 Significasti‚
519 819 568 856 de
616 819 741 865 elect,
790 816 995 856 statuerint
1042 818 1263 866 praevalere
1310 815 1426 853 unius
1478 816 1615 865 privati

222 872 394 910 hominis
428 871 674 918 sententiam,
711 879 789 909 tam
826 870 1009 909 Pontifici
1049 872 1165 908 Rom.
1206 883 1325 920 quarn
1358 869 1540 909 Concilio
1579 877 1616 907 et

224 925 437 973 Ecclesiae,
461 926 491 964 si
513 925 673 964 meliore
693 927 924 964 auctoritate
945 924 1058 962 nixus
1079 923 1193 962 fuerit
1213 925 1273 962 vel
1295 923 1457 962 ratione.
1516 924 1616 961 Ideo

222 981 319 1017 nihil
359 987 417 1018 est
451 981 559 1030 quod
604 982 652 1018 D.
690 980 864 1029 egregius
904 980 1066 1025 Doctor,
1103 979 1238 1016 volens
1277 991 1323 1015 ex
1361 976 1444 1015 iure
1481 976 1616 1015 divino

222 1041 359 1072 contra
386 1047 449 1072 me
478 1047 648 1084 arguere,
679 1033 844 1071 dimisso
873 1032 955 1071 iure
984 1031 1129 1078 divino,
1161 1031 1286 1082 arguit
1314 1038 1450 1069 contra
1479 1044 1542 1069 me
1571 1044 1617 1069 ex

223 1087 474 1126 collectaneis
496 1087 714 1126 haereticae
734 1086 933 1137 pravitatis
956 1085 1250 1135 Inquisitorum.

278 1141 448 1180 Proinde
476 1140 548 1179 ista
574 1140 791 1191 propositio
819 1139 1009 1179 Iohannis
1039 1141 1171 1178 Huss:
1205 1143 1213 1159 ‘
1231 1138 1384 1189 Papalis
1409 1137 1577 1188 dignitas
1595 1151 1617 1176 a

224 1197 391 1235 Caesare
421 1195 605 1242 inolevit‚⁷
635 1195 667 1233 si
697 1202 754 1233 est
784 1196 889 1241 falsa,
922 1195 1101 1232 eradatur
1137 1193 1289 1232 Platina
1317 1192 1358 1230 in
1386 1193 1464 1230 vita
1494 1194 1617 1231 Bene-

222 1249 318 1288 dicti
349 1251 404 1296 II,
437 1249 504 1287 ubi
534 1248 667 1287 scribit
697 1248 1005 1288 Constantinum
1036 1249 1105 1294 IV,
1137 1249 1420 1297 Imperatorem
1449 1247 1617 1284 Graeco-

224 1317 321 1350 rum,
337 1302 509 1341 sanxisse
524 1302 759 1341 Pontificem
776 1304 892 1341 Rom.
911 1315 995 1340 esse
1009 1301 1209 1339 Vicarium
1224 1299 1370 1340 Christi
1381 1301 1616 1350 generalem,

223 1371 451 1407 quanquam
474 1370 546 1395 nec
567 1356 622 1395 sic
643 1358 691 1394 sit
710 1356 960 1394 observatum
982 1369 1005 1393 a
1025 1355 1213 1393 Graeciae
1234 1351 1440 1404 episcopis.

279 1412 423 1459 Quare,
446 1418 638 1460 quantum
660 1424 723 1449 me
742 1418 852 1459 urget
872 1408 1048 1459 egregius
1073 1411 1122 1447 D.
1148 1411 1297 1447 Doctor
1327 1420 1395 1457 per
1416 1408 1616 1446 Bohemos

224 1466 403 1503 nondum
432 1471 592 1503 centum
618 1477 824 1510 annorum,
850 1471 1003 1501 tantum
1033 1476 1105 1513 ego
1134 1475 1253 1512 urgeo
1283 1475 1373 1500 eum
1401 1474 1469 1511 per
1494 1461 1618 1499 orien—

225 1519 343 1556 talem
364 1517 582 1565 ecclesiam,
605 1517 806 1556 meliorem
829 1525 977 1567 partem
1000 1516 1227 1555 universalis
1248 1514 1437 1554 ecclesiae
1457 1522 1495 1553 et
1512 1515 1616 1554 mille

224 1571 601 1622 quadringentorum
631 1585 835 1610 annorum.
894 1570 933 1609 Si
963 1570 1016 1608 illi
1047 1577 1137 1609 sunt
1166 1569 1349 1608 haeretici
1377 1570 1468 1618 quia
1497 1570 1614 1607 Rom.

226 1626 459 1664 Pontificem
481 1640 560 1664 non
587 1633 841 1676 agnoverunt,
863 1624 1103 1663 haereticum
1123 1623 1320 1662 accusabo
1340 1622 1616 1669 adversarium,

225 1679 292 1729 qui
322 1687 380 1718 tot
415 1681 579 1718 Sanctos
614 1693 682 1730 per
716 1678 973 1717 universalem
1009 1679 1214 1717 ecclesiam
1247 1677 1464 1716 celebratos
1498 1677 1618 1715 audet

223 1747 395 1772 asserere
415 1735 636 1772 damnatos.
696 1736 769 1771 Per
789 1734 928 1771 eadem
950 1734 1040 1771 dico
1066 1733 1117 1771 ad
1139 1730 1387 1770 Bonifacium
1407 1730 1524 1777 VIII,
1549 1729 1618 1780 qui

224 1787 350 1836 qualis
382 1787 561 1825 Pontifex
590 1788 703 1826 fuerit
732 1794 770 1826 et
797 1800 874 1837 qua
903 1787 982 1825 fide
1011 1787 1093 1825 eius
1122 1792 1231 1836 gesta
1259 1784 1494 1835 recipienda,
1527 1783 1618 1822 satis

227 1841 395 1890 probant
416 1841 610 1879 historiae.

281 1895 451 1932 Proinde
472 1896 669 1933 concludo
697 1902 734 1932 et
761 1907 866 1944 rogo,
898 1896 945 1932 D.
972 1896 1122 1932 Doctor
1142 1892 1234 1931 velit
1265 1894 1382 1931 Rom.
1406 1891 1617 1930 Pontifices

225 1949 445 1986 concedere
467 1948 584 1985 fuisse
605 1947 796 1994 homines,
821 1956 858 1986 et
888 1961 968 1985 non
989 1947 1226 1986 constituere
1250 1948 1368 1993 Deos,
1391 1944 1616 1996 praesertim

226 2001 381 2050 quoties
420 2001 689 2039 iudicaverunt
724 2002 762 2038 in
798 2014 914 2039 causa
949 2002 1130 2051 propria:
1173 2000 1318 2039 deinde
1351 2012 1433 2037 non
1470 2012 1539 2049 per
1577 2012 1619 2037 se

227 2055 343 2104 ipsOS‚
363 2056 431 2093 sed
454 2068 520 2104 per
536 2054 828 2093 indoctissimos
849 2056 1081 2101 adulatores,
1100 2055 1262 2104 quando
1277 2053 1390 2092 divus
1407 2052 1618 2102 Gregorius

228 2110 359 2146 multis
393 2108 578 2157 epistolis,
612 2107 684 2146 etsi
720 2109 835 2146 Rom.
875 2109 1064 2154 Pontifex,
1101 2107 1233 2145 reiecit
1271 2120 1294 2144 a
1327 2120 1368 2144 se
1406 2105 1616 2155 primatum

228 2161 347 2199 totius
378 2162 495 2208 orbi&
517 2163 688 2211 allegans
716 2163 766 2199 ad
792 2163 868 2200 hoc
896 2162 1238 2210 praedecessorem
1266 2173 1379 2198 suum
1402 2158 1616 2208 Pelagium,

227 2215 362 2254 dicens
392 2215 491 2254 inter
512 2223 663 2253 caetera
690 2216 798 2264 quod
819 2215 1041 2253 veneranda
1071 2215 1252 2263 Synodus
1281 2212 1618 2253 Chalcedonensis

227 2269 369 2307 obtulit
391 2270 496 2307 hunc
518 2270 704 2318 primatus
727 2270 916 2307 honorem
940 2269 1054 2306 Rom.
1073 2266 1254 2306 Pontifici
1276 2273 1313 2305 et
1335 2267 1464 2304 nullus
1485 2273 1616 2304 tamen

226 2336 343 2361 ausus
365 2330 422 2361 est
447 2330 662 2372 acceptare.
721 2322 760 2360 Si
782 2336 872 2371 ergo
893 2335 966 2371 ego
987 2334 1082 2368 erro,
1106 2328 1203 2358 errat
1230 2333 1385 2358 mecum
1407 2320 1617 2369 Gregorius

226 2378 384 2426 primus,
425 2390 514 2414 cum
559 2376 638 2414 suis
677 2375 1053 2425 praedecessoribus,
1095 2382 1131 2412 et
1170 2373 1444 2412 damnabiliter
1483 2386 1617 2422 pecca-

227 2438 375 2478 verunt,
407 2432 515 2480 quod
546 2430 721 2468 oblatum
752 2429 959 2479 primatum
992 2442 1071 2466 non
1101 2435 1405 2477 assumpserunt.
