1715 2780
233 91 305 115 110
620 80 842 117 ADRIAN
872 65 931 117 vi
964 80 1081 117 AND
1112 81 1230 118 THE
1567 90 1622 129 59

227 182 344 228 fuere,
367 181 512 232 culpari
535 195 613 219 non
645 195 760 232 posse
790 195 862 221 nec
892 183 1051 231 debere,
1071 182 1265 233 nobisque
1293 183 1486 223 eiusmodi
1516 185 1626 224 dero-

227 235 415 286 gationes,
439 235 555 274 etiam
578 237 673 275 dum
702 236 741 274 in
772 236 989 275 minoribus
1016 250 1202 285 essemus,
1232 251 1386 289 semper
1412 237 1622 289 plurimum

228 289 485 339 displicuisse.
537 290 707 329 Proinde
728 290 843 329 nobis
864 290 1120 330 certissimam
1141 291 1377 331 sententiam
1392 306 1488 341 esse,
1506 292 1623 332 etiam

229 343 259 382 si
287 344 360 394 ipsi
381 357 461 383 non
483 344 733 394 requirerent,
755 344 829 383 illis
850 345 971 384 nostri
991 345 1244 395 pontificatus
1264 353 1441 397 ternpore
1468 347 1625 398 penitus

228 397 435 445 abstinere,
458 398 598 448 partim
620 406 662 437 ut
682 398 896 449 unicuique
925 399 984 438 ius
1006 413 1120 439 suum
1141 413 1350 448 servemus,
1373 400 1513 451 partim
1534 401 1627 452 quia

228 452 405 502 aequitas
426 460 464 491 et
485 454 708 491 humanitas
730 453 916 503 exposcit,
938 461 980 492 ut
1010 453 1196 505 inclytam
1222 455 1424 494 nationem
1451 463 1625 494 nostram

229 520 310 544 non
343 508 470 545 solum
505 520 586 545 non
621 508 868 546 offendamus
903 510 972 547 sed
1011 508 1129 547 etiam
1160 509 1375 560 peculiares
1409 509 1444 549 ei
1474 511 1625 549 favores

228 560 515 610 impendamus.

282 616 346 653 De
375 615 624 665 processibus
653 629 756 663 vero,
787 629 887 666 quos
916 629 939 654 a
969 618 1075 655 Rota
1102 617 1257 656 avocari
1283 624 1322 656 et
1348 619 1398 656 ad
1425 625 1552 669 patres
1573 632 1627 657 re-

230 668 329 707 mitti
349 671 560 719 postulant,
583 669 690 708 dices
711 683 783 709 nos
804 684 947 721 cupere
967 670 1022 709 eis
1043 671 1082 709 in
1103 672 1179 710 hoc
1199 671 1417 722 gratificari,
1434 680 1626 723 quantum

229 725 395 762 honeste
416 723 612 773 possimus
629 739 639 771 3
667 725 736 763 sed
767 732 925 774 propter
951 725 1171 764 absentiam
1191 725 1430 765 Auditorum
1458 727 1508 765 ab
1529 727 1626 766 urbe

229 777 349 827 pestis
369 777 490 828 gratia
511 792 591 816 non
613 792 728 828 posse
749 792 821 816 nos
843 780 892 817 de
913 779 1100 829 qualitate
1127 787 1164 818 et
1190 779 1424 819 habitudine
1450 780 1625 831 ipsorum
1676 817 1679 821 Α

229 844 484 881 processuum
500 833 550 870 ad
567 845 749 882 praesens
767 832 965 871 informari
982 848 988 871 :
1010 833 1170 872 reversis
1186 847 1277 872 vero
1291 834 1375 880 illis,
1394 836 1503 884 quod
1517 842 1627 885 peste

229 885 306 923 iarn
337 887 590 925 decrescente
615 886 721 925 brevi
751 888 924 925 futurum
955 901 1167 938 speramus,
1197 889 1367 927 facturos
1394 888 1434 926 in
1463 890 1624 940 gratiam

230 940 425 978 dictorum
443 940 665 990 principum
687 940 882 991 quidquid
904 941 1185 980 rationabiliter
1204 943 1432 992 poterimus.
1454 974 1461 982 .
1485 974 1492 982 .
1517 974 1524 982 .

286 996 387 1033 Item
419 994 512 1044 quia
542 994 802 1033 intelleximus
832 995 871 1033 in
905 996 1117 1034 Germania
1146 1009 1231 1035 esse
1261 998 1406 1035 multos
1433 998 1561 1036 bonos
1588 1005 1626 1036 et

229 1050 368 1087 doctos
390 1048 490 1087 viros
522 1062 723 1099 paupereS‚
746 1049 877 1099 aliqua
907 1049 1025 1088 etiam
1055 1052 1252 1100 praeclara
1278 1050 1434 1100 ingenia
1458 1064 1559 1101 quae
1580 1065 1626 1090 ex

228 1102 461 1153 indignitate
481 1103 784 1152 apostolicarum
802 1103 1071 1152 provisionum
1088 1103 1342 1144 histrionibus
1355 1112 1394 1144 et
1407 1105 1626 1144 stabulariis

228 1157 358 1207 potius
380 1170 498 1207 quarn
520 1156 608 1195 viris
629 1157 756 1195 doctis
778 1157 859 1196 fieri
881 1158 1093 1206 solitarum,
1111 1172 1133 1196 a
1154 1158 1257 1197 sedis
1278 1159 1393 1198 huius
1414 1159 1626 1199 devotione

227 1210 405 1262 <fuerint>
424 1224 569 1258 aversa,
587 1211 768 1261 cupimus
790 1219 831 1250 ut
854 1211 1025 1262 inquiras
1040 1212 1202 1262 quinam
1223 1212 1277 1250 illi
1298 1212 1385 1260 sint,
1409 1227 1625 1264 eorumque

229 1265 391 1303 nomina
420 1266 470 1303 ad
500 1278 572 1303 nos
605 1265 855 1313 transmittas,
887 1274 928 1304 ut
959 1274 1188 1305 occurrente
1217 1267 1500 1306 beneficiorum
1532 1269 1625 1307 Ger-

229 1319 473 1357 manicorum
503 1319 718 1365 vacatione,
748 1319 821 1357 illis
856 1320 1013 1370 proprio
1046 1328 1154 1358 motu
1184 1321 1388 1371 providere
1415 1321 1623 1371 possimus.

228 1373 380 1412 Scimus
395 1373 500 1411 enim
514 1380 706 1423 quantum
722 1374 798 1411 Dei
814 1374 955 1412 honori
968 1382 1005 1412 et
1021 1374 1240 1413 animarum
1257 1375 1371 1413 saluti
1385 1388 1430 1414 ac
1445 1376 1624 1415 aedifica-

228 1427 325 1465 tioni
364 1426 543 1473 obfuerit,
580 1428 689 1476 quod
729 1427 876 1466 iamdiu
910 1428 1102 1467 beneficia
1140 1428 1414 1476 ecclesiastica,
1455 1430 1624 1469 maxime

228 1495 361 1519 curam
386 1489 424 1520 et
446 1480 618 1531 regimen
646 1480 863 1520 animarum
887 1482 1084 1530 habentia,
1107 1484 1199 1522 data
1219 1484 1374 1522 fuerunt
1395 1483 1622 1523 hominibus

228 1535 408 1585 indignis.
434 1566 440 1573 .
467 1568 473 1573 .
497 1566 503 1573 .

244 1649 333 1692 No.
368 1651 448 1692 60.
510 1650 618 1694 The
649 1651 793 1706 reply
824 1650 881 1694 of
906 1650 993 1695 the
1024 1650 1245 1704 Estates‚
1278 1663 1305 1705 5
1337 1653 1453 1696 Feb.
1485 1663 1607 1706 1523.

283 1739 317 1792 [ξ
337 1740 390 1793 V]
422 1743 486 1780 Ad
516 1743 613 1780 haec
635 1744 671 1781 S.
695 1742 741 1782 C.
766 1741 855 1780 Μᾐὶει
883 1744 1157 1782 locumtenens
1187 1752 1225 1782 et
1254 1744 1449 1795 principes
1478 1744 1622 1795 aliique

227 1796 384 1833 ordines
406 1796 543 1834 dicunt
571 1810 611 1835 se
632 1810 713 1835 non
734 1796 863 1835 minus
888 1810 1006 1847 quarn
1035 1797 1328 1837 Beatitudinem
1350 1798 1552 1838 Pontificis
1577 1813 1623 1838 ex

226 1848 360 1886 animo
381 1850 514 1888 dolere
535 1852 585 1888 de
607 1881 613 1889 .
638 1881 645 1889 .
670 1881 676 1889 .
700 1850 966 1890 incommodis
987 1865 1088 1901 quae
1108 1883 1115 1890 .
1141 1883 1149 1890 .
1171 1883 1178 1890 .
1202 1866 1249 1891 ex
1270 1854 1494 1892 Lutherana
1517 1861 1623 1892 secta

226 1902 359 1941 aliisve
380 1904 629 1952 provenerint
644 1920 654 1952 ,-
683 1905 878 1955 quidquid
905 1905 1010 1944 enim
1032 1905 1162 1944 auxilii
1184 1936 1191 1944 .
1209 1936 1218 1945 .
1242 1937 1250 1946 .
1273 1920 1343 1957 pro
1364 1907 1621 1957 exstirpandis

227 1956 420 1994 erroribus
443 1988 449 1995 .
473 1987 480 1994 .
505 1988 511 1995 .
536 1966 730 2007 praestare
757 1972 932 2009 unquam
952 1967 1148 2009 poterunt,
1171 1968 1261 1999 sunt
1282 1991 1290 1999 .
1313 1991 1320 1999 .
1346 1993 1353 2000 .
1374 1961 1618 2011 paratissimi,

227 2010 475 2060 ingenueque
494 2020 714 2061 agnoscunt
734 2026 774 2050 se
802 2020 839 2051 et
868 2013 1108 2052 Beatitudini
1130 2014 1332 2053 Pontificis
1353 2022 1391 2053 et
1411 2016 1449 2053 S.
1467 2016 1511 2054 C.
1535 2013 1620 2062 Μῑῑ,

227 2071 269 2102 ut
299 2063 543 2103 Christianos
579 2067 692 2104 decet
723 2066 934 2116 PrincipeS,
966 2068 1016 2105 ad
1048 2081 1208 2106 omnem
1239 2068 1506 2107 obedientiam
1536 2082 1621 2107 esse

226 2117 430 2156 obnoxios,
490 2119 567 2157 Sed
598 2120 706 2168 quod
736 2119 838 2158 sedis
868 2121 1107 2169 apostolicae
1127 2122 1322 2161 sententia
1341 2122 1381 2160 in
1403 2123 1620 2160 Lutherum

226 2173 314 2218 lata,
332 2171 528 2221 simulque
544 2174 581 2211 S.
600 2173 643 2212 C.
664 2171 753 2210 Mtis
772 2173 945 2211 edictum
967 2187 1047 2212 non
1069 2174 1117 2212 sit
1137 2175 1294 2214 debitae
1315 2175 1535 2214 executioni
1556 2177 1621 2215 de-

187 2270 190 2273 *
227 2227 468 2272 mandatum,
493 2239 574 2263 non
595 2226 677 2265 sine
699 2226 876 2265 maximis
897 2257 904 2264 .
930 2255 937 2264 .
962 2257 968 2264 .
992 2227 1220 2275 rationibus,
1239 2237 1281 2267 ut
1301 2237 1395 2278 puta
1415 2242 1465 2267 ne
1485 2229 1619 2279 peiora

227 2279 319 2318 inde
340 2287 591 2318 causarentur
612 2287 683 2318 etc.
697 2281 889 2318 hactenus
906 2281 1221 2330 praetermissum
1238 2290 1307 2321 est.
1349 2282 1492 2321 Maiori
1511 2296 1618 2321 nam—

226 2346 303 2383 que
320 2335 454 2383 populi
476 2334 574 2383 parti
595 2333 827 2384 iampridem
848 2347 1076 2384 persuasum
1093 2342 1162 2382 est,
1181 2343 1219 2373 et
1240 2337 1361 2374 modo
1382 2336 1616 2375 Lutheranis

224 2386 331 2425 libris
351 2400 397 2424 ac
413 2387 663 2437 dogmatibus
684 2388 920 2438 populorum
942 2387 1076 2438 opinio
1093 2388 1148 2426 sic
1164 2388 1370 2427 informata
1391 2397 1433 2428 ut
1453 2389 1530 2427 iam
1546 2403 1617 2440 pro

225 2448 428 2492 comperto
458 2442 628 2480 habeant
659 2440 807 2479 nationi
841 2441 1098 2481 Germanicae
1130 2456 1151 2480 a
1185 2443 1303 2481 Curia
1333 2444 1516 2482 Romana
1549 2457 1617 2496 per
