1715 2780
178 115 246 152 116
441 116 561 154 THE
594 117 731 155 DIET
762 118 834 157 OF
861 98 1180 169 AUGSBURG‚
1220 135 1319 173 1530
1497 139 1570 175 277

234 228 269 268 5.
299 219 469 257 Secundo
489 219 563 258 hae
577 219 806 260 traditiones
827 221 1135 263 obscuraverunt
1156 235 1363 277 praecepta
1377 229 1464 276 Dei,
1481 231 1574 280 quia

176 270 404 311 traditiones
417 273 533 323 longe
545 275 865 324 praeferebantur
880 278 1098 328 praeceptis
1116 280 1204 319 Dei.
1249 282 1282 320 C
1288 282 1572 323 hristianismus

177 332 282 364 totus
321 326 532 376 putabatur
571 341 658 367 esse
696 329 919 369 observatio
949 339 1143 371 certarum
1178 334 1372 384 feriarum,
1413 339 1569 386 rituum,

175 379 422 428 ieiuniorum,
453 382 627 421 vestitus.
688 385 778 422 Hae
802 384 1096 425 observationes
1121 396 1230 427 erant
1255 390 1293 427 in
1322 391 1571 440 possessione

176 433 442 472 honestissimi
463 434 574 483 tituli,
598 438 708 486 quod
733 446 864 476 essent
885 438 961 477 vita
979 440 1187 490 spiritualis
1215 451 1253 482 et
1280 443 1358 482 vita
1386 447 1569 495 perfecta.

177 490 212 525 6.
244 489 407 526 Interim
446 491 634 529 mandata
674 492 749 529 Dei
781 491 886 531 iuxta
925 494 1175 534 vocationem
1216 499 1363 536 nullam
1411 501 1569 539 laudem

175 540 402 581 habebant:
433 545 542 592 quod
569 545 846 594 paterfamilias
873 548 1070 587 educabat
1095 551 1287 600 sobolem,
1311 554 1419 602 quod
1448 562 1571 593 mater

174 596 360 646 pariebat,
401 597 510 646 quod
548 598 730 649 princeps
764 601 923 650 regebat
957 603 1254 652 rempublicam.
1313 608 1428 646 Haec
1462 617 1571 658 puta-

177 650 318 688 bantur
345 662 432 689 esse
461 664 580 701 opera
604 654 805 692 mundana
835 662 873 693 et
905 655 1133 706 imperfecta
1162 666 1201 697 et
1231 661 1347 710 longe
1376 662 1570 701 deteriora

173 703 247 742 illis
267 704 483 754 splendidis
503 705 856 747 observationibus.
920 720 950 758 7.
985 712 1035 749 Et
1052 711 1115 750 hic
1136 725 1240 752 error
1254 716 1368 754 valde
1384 716 1570 755 cruciavit

172 758 255 808 pias
288 759 562 807 conscientias,
595 774 696 810 quae
735 763 924 801 dolebant
964 777 1004 803 se
1043 766 1167 805 teneri
1201 766 1433 818 imperfecto
1467 772 1570 809 vitae

173 825 325 862 genere,
363 813 404 851 in
442 813 638 864 coniugio,
668 814 708 853 in
738 816 1040 866 magistratibus,
1074 828 1141 859 aut
1175 821 1259 860 aliis
1298 823 1569 863 functionibus

171 865 360 914 civilibus,
392 866 634 906 mirabantur
664 872 879 909 monachos
910 879 948 910 et
982 872 1140 923 similes,
1172 883 1209 914 et
1244 878 1341 915 falso
1376 878 1569 928 putabant

171 919 324 958 illorum
347 921 640 962 observationes
663 924 753 963 Deo
772 926 957 974 gratiores
980 940 1075 966 esse.

225 976 259 1012 8.
296 976 423 1014 Tertio
446 976 675 1016 traditiones
699 980 912 1018 attulerunt
934 994 1075 1031 magna
1103 984 1274 1032 pericula
1302 985 1566 1035 conscientiis,

171 1027 263 1078 quia
304 1028 547 1079 impossibile
581 1039 661 1069 erat
699 1045 837 1071 omnes
877 1034 1107 1074 traditiones
1154 1051 1316 1085 servare,
1357 1047 1395 1078 et
1435 1048 1567 1080 tamen

172 1082 352 1121 homines
371 1083 659 1123 arbitrabantur
673 1087 741 1124 lias
758 1087 1051 1128 observationes
1066 1092 1306 1131 necessarios
1328 1106 1412 1132 esse
1426 1096 1566 1134 cultus.

172 1150 206 1184 9.
239 1137 393 1175 Gerson
414 1137 558 1186 scribit,
582 1141 725 1178 multos
747 1140 932 1180 incidisse
953 1142 991 1180 in
1013 1145 1341 1195 desperationem,
1371 1150 1565 1198 quosdam

170 1191 287 1228 etiam
322 1191 396 1229 sibi
431 1200 597 1231 mortem
632 1194 880 1243 conscivisse,
913 1197 1005 1246 quia
1040 1208 1241 1238 senserant
1272 1214 1312 1239 se
1340 1214 1420 1239 non
1451 1216 1567 1252 posse

171 1243 392 1284 satisfacere
421 1246 710 1296 traditionibus,
737 1256 774 1287 et
805 1249 959 1288 interim
990 1253 1304 1293 consolationem
1337 1257 1484 1294 nullam
1516 1259 1566 1296 de

170 1297 314 1337 iustitia
335 1299 427 1338 fidei
448 1308 485 1338 et
506 1301 556 1339 de
575 1301 696 1351 gratia
717 1302 934 1342 audierant.

228 1366 284 1391 10.
317 1353 510 1392 Videmus
540 1355 773 1395 Summistas
800 1365 838 1396 et
874 1359 1079 1410 theologos
1110 1361 1291 1412 colligere
1322 1363 1566 1414 traditiones,

169 1413 207 1444 et
233 1419 420 1456 quaerere
447 1410 647 1457 ἐπιεικείας,
670 1418 712 1449 ut
737 1412 866 1450 levent
888 1414 1150 1453 conscientias
1169 1430 1178 1463 3
1205 1430 1285 1455 non
1312 1417 1403 1456 satis
1433 1426 1566 1458 tamen

169 1460 394 1510 expediunt,
425 1464 495 1502 sed
526 1463 721 1503 interdum
749 1465 869 1516 magis
898 1466 1077 1507 iniiciunt
1108 1471 1269 1519 laqueos
1299 1472 1563 1512 conscientiis.

169 1515 220 1552 Et
241 1514 280 1552 in
301 1515 532 1566 colligendis
554 1518 829 1558 traditionibus
850 1520 903 1558 ita
927 1522 1083 1561 fuerunt
1110 1532 1327 1574 occupatae
1348 1527 1506 1566 scholae
1527 1535 1565 1566 et

168 1570 380 1608 conciones
413 1578 455 1609 ut
488 1584 569 1610 non
599 1574 792 1612 vacaverit
818 1574 1009 1625 attingere
1039 1577 1289 1627 Scripturam‚
1314 1588 1351 1618 et
1378 1594 1564 1630 quaerere

168 1621 361 1662 utiliorem
401 1625 622 1664 doctrinam
656 1628 705 1665 de
737 1628 826 1675 fide,
849 1630 900 1667 de
931 1643 1057 1677 cruce,
1095 1632 1145 1670 de
1176 1645 1255 1681 spe,
1290 1634 1340 1672 de
1375 1634 1564 1684 dignitate

169 1675 341 1715 civilium
383 1691 523 1727 rerum,
564 1681 614 1718 de
657 1682 931 1721 consolatione
973 1684 1304 1724 conscientiarum
1348 1688 1387 1725 in
1432 1689 1563 1727 arduis

167 1730 462 1771 tentationibus.
526 1747 585 1772 11.
617 1736 757 1784 Itaque
795 1736 950 1775 Gerson
990 1745 1028 1775 et
1072 1738 1135 1776 alii
1178 1739 1340 1789 quidam
1390 1742 1563 1793 theologi

166 1784 331 1833 graviter
369 1786 497 1835 questi
536 1796 627 1826 sunt
662 1801 703 1827 se
737 1788 797 1827 his
836 1790 925 1828 rixis
965 1793 1221 1831 traditionum
1262 1793 1443 1844 impediri
1483 1810 1562 1845 quo

168 1837 296 1877 minus
318 1839 458 1878 versari
479 1849 639 1891 possent
660 1841 699 1879 in
727 1843 888 1882 meliore
914 1857 1056 1894 genere
1083 1847 1297 1886 doctrinae.
1358 1851 1407 1887 Et
1434 1852 1563 1900 Augu—

167 1891 291 1930 stinus
311 1901 415 1932 vetat
435 1908 596 1934 onerare
617 1896 877 1935 conscientias
899 1899 1125 1939 huiusmodi
1147 1901 1501 1951 observationibus,
1525 1912 1562 1943 et

167 1947 378 1995 prudenter
421 1949 611 1988 admonet
657 1951 894 1999 Ianuarium,
936 1960 978 1991 ut
1024 1953 1119 1993 sciat
1163 1958 1250 1995 ‘eas
1297 1956 1562 1997 indifferenter

167 1999 431 2040 observandas
452 2004 583 2042 esse'¹
598 2019 608 2051 ,-
637 2003 691 2043 sic
713 2007 817 2043 enim
839 2007 1021 2056 loquitur.

226 2068 281 2092 12.
315 2056 446 2104 Quare
477 2057 599 2096 nostri
633 2072 713 2097 non
753 2060 901 2099 debent
932 2061 1054 2100 videri
1087 2063 1189 2101 hanc
1224 2077 1381 2102 causam
1415 2073 1561 2105 temere

166 2107 337 2158 attigisse
365 2118 432 2148 aut
462 2111 556 2150 odio
588 2114 876 2163 episcoporum,
909 2122 951 2153 ut
981 2115 1141 2165 quidam
1174 2119 1270 2156 falso
1301 2119 1556 2169 suspicantur.

168 2161 313 2211 Magna
352 2166 564 2203 necessitas
603 2166 684 2213 fuit,
721 2169 770 2205 de
809 2167 882 2206 illis
922 2169 1126 2216 erroribus,
1163 2171 1230 2221 qui
1262 2173 1342 2210 nati
1374 2181 1482 2211 erant
1514 2188 1560 2212 ex

166 2215 440 2256 traditionibus
492 2221 593 2258 male
642 2220 862 2269 intellectis,
914 2224 1129 2263 admonere
1182 2226 1378 2264 ecclesias.
1454 2229 1557 2265 Nam

168 2270 410 2319 evangelium
445 2274 549 2322 cogit
589 2287 723 2323 urgere
755 2275 975 2314 doctrinam
1008 2277 1047 2315 in
1079 2279 1253 2317 ecclesiis
1287 2281 1336 2318 de
1367 2280 1489 2329 gratia
1521 2289 1558 2320 et

168 2320 310 2361 iustitia
331 2325 433 2373 fidei,
457 2339 557 2375 quae
578 2335 709 2366 tamen
732 2328 893 2379 intelligi
910 2344 991 2368 non
1012 2339 1150 2381 potest,
1168 2333 1197 2371 si
1216 2341 1354 2383 putent
1376 2334 1557 2373 homines

166 2387 207 2413 se
227 2379 363 2416 mereri
383 2379 545 2428 gratiam
566 2395 634 2431 per
654 2382 948 2423 observationes
969 2385 1019 2423 ab
1036 2386 1128 2435 ipsis
1150 2388 1303 2425 electas.

225 2443 280 2479 13.
313 2431 376 2470 Sic
404 2432 518 2483 igitur
545 2436 775 2484 docuerunt,
803 2439 909 2487 quod
941 2452 1009 2488 per
1038 2440 1354 2479 observationem
1387 2441 1556 2481 traditio-

167 2495 260 2521 num
282 2485 541 2526 humanarum
567 2503 646 2527 non
677 2492 872 2540 possimus
900 2494 1060 2541 gratiam
1094 2494 1228 2532 mereri
1255 2502 1320 2532 aut
1344 2494 1552 2534 iustificari.

737 2561 743 2579 ¹
770 2562 834 2600 Ep.
852 2562 905 2592 liv.
925 2564 939 2599 ξ
962 2573 988 2594 .‘.
