1715 2780
137 62 206 97 182
428 61 546 97 THE
589 61 724 98 DIET
764 62 835 99 OF
875 62 1085 105 SPEIER,
1123 64 1221 112 1526
1479 64 1527 112 87

185 198 273 241 No.
295 199 364 251 87.
425 197 530 240 The
564 198 763 252 League
797 197 853 242 of
880 198 1099 252 Cognac,
1131 211 1187 242 22
1210 199 1329 255 May
1349 201 1473 253 1526.

186 286 321 334 Quum
349 285 494 323 multos
518 284 595 323 iam
625 298 750 324 annos
781 284 942 323 diutinis
973 293 1010 323 et
1035 285 1232 324 continuis
1259 286 1371 325 bellis
1391 293 1527 325 vexata

130 339 355 379 Christiana
389 338 631 389 Respublica
661 368 668 376 .
700 370 707 377 .
740 370 746 377 .
781 340 902 387 Quod
941 340 1190 389 perpendens
1220 370 1227 378 .
1260 370 1267 378 .
1301 370 1308 378 .
1341 341 1378 379 S.
1402 342 1451 379 D.
1475 341 1525 379 N.

132 394 318 433 Clemens
339 394 421 431 VII
446 395 557 431 Pont.
583 394 688 431 Max.
718 406 763 431 ac
790 395 927 431 Pastor
950 393 1268 443 vigilantissimus
1298 393 1395 432 nihil
1422 407 1527 444 prae-

132 447 343 486 termittere
365 477 371 485 .
400 478 405 485 .
428 478 434 485 .
459 446 631 485 decrevit
653 460 732 496 quo
762 446 1020 497 Reipublicae
1043 447 1290 487 Christianae
1319 448 1433 487 saluti
1453 479 1460 487 .
1489 479 1495 486 .
1517 480 1524 487 .

132 502 364 548 consuleret,
406 514 616 550 veramque
665 508 702 539 et
746 501 925 540 stabilem
966 514 1104 551 pacem
1144 501 1243 540 inter
1281 501 1527 542 Christianos

134 555 332 605 Principes
348 554 614 593 constitueret.
631 586 637 593 .
660 585 668 593 .
687 585 693 592 .
713 556 849 604 Quum
865 562 997 594 autem
1015 556 1137 594 multa
1151 563 1348 604 tentasset,
1366 557 1526 596 tandem

131 609 270 648 certior
298 610 422 647 factus
450 608 750 647 Serenissimum
773 640 779 646 .
804 639 811 647 .
835 640 842 647 .
867 609 1090 659 Principem
1118 609 1382 658 Franciscum,
1412 611 1529 649 Fran-

131 677 266 702 corum
284 677 415 713 regem
430 662 820 710 Christianissimum,
839 676 861 701 a
882 663 1106 713 captivitate
1120 677 1198 714 qua
1217 665 1268 703 ab
1286 666 1528 715 Imperatore

131 717 381 756 detinebatur
402 717 608 756 liberatum
631 717 772 756 fuisse:
804 748 810 755 .
836 747 842 754 .
867 748 874 755 .
898 717 981 756 eius
1009 718 1199 756 nuncium
1219 719 1271 756 ad
1295 732 1386 757 eum
1413 718 1528 758 desti-

131 771 237 810 navit
267 801 274 810 .
307 802 314 809 .
349 803 355 809 .
388 779 429 809 ut
464 772 513 809 de
548 784 645 821 pace
674 801 681 809 .
716 802 722 809 .
756 802 762 809 .
796 773 1074 821 componenda
1104 779 1350 822 ageretur...
1375 803 1382 811 .
1407 773 1528 822 Quod

130 825 447 865 animadvertens
470 824 758 863 Illustrissimus
779 825 1035 864 Venetiarum
1058 827 1162 874 Dux,
1184 827 1362 865 Andreas
1385 826 1527 874 Gritti‚1

131 879 390 929 inclitumque
403 881 647 917 Venetorum
669 879 914 925 Dominium,
938 892 1095 918 necnon
1118 880 1405 918 Illustrissimus
1423 880 1530 919 Prin-

131 947 223 984 ceps
246 933 476 971 Franciscus
499 933 674 980 Sforcia,²
698 933 917 972 Mediolani
942 936 1042 980 Dux,
1066 933 1172 983 pacis
1193 933 1303 972 istius
1324 936 1528 984 percupidi

131 1018 138 1026 .
163 1019 170 1027 .
194 1018 201 1026 .
226 987 416 1026 nuncium
444 1018 450 1025 .
476 1016 482 1024 .
505 1018 511 1025 .
541 988 592 1025 ad
623 988 794 1026 eundem
823 1018 830 1026 .
855 1018 861 1026 .
887 1018 893 1026 .
924 989 1076 1037 Regem
1106 988 1352 1026 destinarunt
1380 990 1432 1027 ad
1461 1002 1528 1027 eos

133 1043 230 1081 fines
269 1043 488 1091 eademque
528 1043 578 1079 de
617 1054 735 1079 causa
774 1054 851 1091 qua
893 1043 1078 1080 Summus
1119 1042 1312 1081 Pontifex.
1372 1042 1528 1091 Quibus

133 1098 293 1135 tandem
328 1109 397 1146 per
429 1094 808 1134 Christianissimum
843 1097 993 1145 Regem
1028 1095 1171 1134 auditis
1197 1127 1203 1134 .
1229 1128 1236 1135 .
1260 1127 1267 1135 .
1289 1098 1437 1135 factum
1471 1104 1529 1135 est

133 1158 174 1189 ut
196 1182 202 1189 .
227 1180 233 1189 .
258 1180 266 1189 .
290 1157 559 1200 procuratores
587 1149 842 1188 constitueret
864 1180 870 1187 .
896 1181 903 1189 .
928 1179 934 1186 .
967 1163 1082 1200 super
1110 1149 1186 1188 iam
1211 1150 1316 1189 dicta
1345 1150 1531 1200 capitula-

132 1204 240 1243 tione
274 1205 417 1243 fienda.
492 1203 690 1243 Omnibus
722 1202 884 1242 demum
916 1233 922 1240 .
956 1235 962 1242 .
998 1234 1004 1242 .
1036 1204 1303 1251 consideratis,
1340 1203 1529 1254 praedicti

133 1258 267 1297 nuncii
296 1266 333 1296 et
365 1265 634 1307 procuratores
666 1271 736 1307 pro
764 1266 804 1296 'et
834 1259 995 1296 nomine
1025 1259 1062 1296 S.
1095 1260 1144 1296 D.
1177 1260 1225 1296 N.
1252 1260 1394 1311 Papae,
1420 1257 1529 1298 Chri-

133 1312 357 1351 stianissimi
372 1313 611 1350 Francorum
627 1311 762 1361 Regis,
776 1311 1031 1350 Illustrissimi
1047 1311 1170 1350 Ducis
1187 1311 1389 1362 inclitique
1403 1313 1530 1350 Vene-

131 1375 260 1405 torum
302 1365 479 1404 Dominii
519 1378 674 1404 necnon
716 1365 971 1404 Illustrissimi
1010 1365 1228 1404 Mediolani
1263 1365 1386 1404 Ducis
1422 1365 1529 1416 pacis

132 1428 339 1459 tractatum
365 1420 535 1458 inierunt
554 1427 591 1457 et
613 1421 890 1457 concluserunt
911 1419 1027 1457 etiam
1050 1433 1120 1469 pro
1143 1421 1395 1470 Imperatore,
1419 1421 1529 1470 Rege

132 1474 298 1524 Angliae
318 1473 482 1524 aliisque
499 1473 731 1513 Christianis
750 1473 996 1523 Principibus
1020 1504 1026 1511 .
1052 1504 1059 1512 .
1083 1504 1089 1511 .
1113 1473 1178 1523 qui
1201 1475 1307 1512 hunc
1321 1481 1527 1512 tractatum

131 1527 282 1578 ingredi
304 1528 507 1566 voluerint.
532 1558 539 1565 .
565 1559 571 1566 .
594 1559 599 1566 .

189 1584 218 1621 I.
253 1582 451 1632 Imprimis
473 1581 713 1620 conveniunt
731 1612 737 1619 .
759 1613 765 1620 .
784 1613 791 1620 .
810 1581 998 1632 praedicti
1019 1583 1294 1620 contrahentes
1316 1595 1400 1620 sese
1421 1583 1530 1620 nullo

134 1637 314 1675 modo..
339 1666 345 1674 .
370 1637 524 1674 laedere
554 1644 621 1674 aut
650 1636 885 1686 perturbare,
919 1649 1048 1685 neque
1078 1637 1200 1674 ullum
1231 1635 1417 1674 auxilium
1444 1667 1451 1674 .
1481 1666 1489 1674 .
1521 1666 1530 1674 .

134 1698 328 1740 praestare
348 1690 604 1740 aliquibusvis
626 1703 761 1728 eorum
783 1690 962 1728 hostibus
985 1720 992 1728 .
1016 1720 1022 1727 .
1047 1720 1054 1728 .
1077 1689 1157 1728 imo
1178 1689 1333 1728 illorum
1354 1689 1530 1728 resistere

135 1744 342 1783 conatibus
362 1757 408 1782 ac
429 1757 514 1783 sese
535 1744 703 1783 invicem
727 1757 875 1794 suaque
903 1757 1021 1794 regna
1048 1751 1085 1782 et
1113 1743 1289 1782 dominia
1315 1744 1530 1782 defendere

136 1811 237 1848 quae
262 1799 311 1836 de
338 1798 531 1847 praesenti
560 1806 695 1836 tenent
718 1829 725 1837 .
748 1829 755 1837 .
780 1828 787 1836 .
811 1797 866 1835 uti
897 1798 1024 1836 bonos
1047 1828 1054 1835 .
1079 1829 1085 1836 .
1111 1829 1117 1836 .
1140 1797 1318 1838 amicos.
1343 1829 1350 1836 .
1373 1828 1380 1836 .
1405 1798 1530 1836 decet.

136 1883 142 1890 .
167 1883 173 1890 .
199 1883 205 1890 .
232 1851 548 1901 Pollicenturque
579 1865 716 1890 omnes
747 1851 935 1902 praedicti
969 1853 1005 1889 S.
1030 1853 1079 1889 D.
1102 1853 1152 1890 N.
1180 1853 1309 1901 Papae
1338 1851 1527 1899 assistere,

136 1906 299 1955 eiusque
335 1904 564 1954 dignitatem
604 1918 649 1943 ac
689 1918 897 1955 personam
933 1906 1145 1944 defendere
1179 1907 1366 1944 adversus
1397 1918 1530 1955 quem-

137 1972 307 2009 cumque
328 1958 433 1996 illam
458 1959 683 2008 perturbare
706 1990 711 1996 .
736 1990 742 1996 .
767 1990 773 1996 .
797 1961 1008 1998 volentem.
1032 1990 1039 1996 .
1064 1990 1070 1997 .
1095 1990 1101 1997 .

193 2014 245 2051 II.
279 2013 529 2051 Conventum
561 2020 629 2059 est,
661 2020 702 2050 ut
733 2013 972 2061 relinquatur
1001 2013 1240 2051 honorificus
1271 2014 1380 2051 locus
1411 2012 1532 2062 ingre-

137 2066 273 2106 diendi
289 2067 364 2104 hoc
378 2066 667 2104 sanctissimum
687 2067 835 2112 foedus,
846 2066 876 2103 si
894 2066 1059 2112 libuerit,
1070 2065 1260 2116 imprimis
1274 2065 1531 2104 Serenissimo

137 2151 145 2159 .
171 2153 177 2159 .
203 2152 210 2159 .
234 2120 404 2170 Principi
432 2121 587 2166 Carolo,
614 2119 841 2168 Imperatori
870 2121 1007 2166 electo,
1030 2127 1067 2158 et
1089 2119 1344 2158 Serenissimo
1366 2119 1531 2169 Angliae

139 2174 249 2225 Regi,
272 2187 354 2213 non
376 2175 495 2211 modo
517 2181 558 2211 ut
575 2173 831 2219 contrahenti,
851 2174 920 2211 sed
933 2173 1049 2211 etiam
1072 2181 1114 2210 ut
1130 2172 1342 2222 praesentis
1364 2173 1532 2211 foederis

140 2228 366 2275 Protectori‚
391 2227 421 2265 si
442 2240 644 2265 assensum
663 2226 883 2277 praebuerit
901 2241 908 2270 3
937 2234 1055 2276 atque
1073 2225 1340 2264 Illustrissimo
1356 2227 1532 2265 Domino

140 2282 402 2328 Ferdinando,
434 2280 615 2319 Austriae
647 2279 871 2327 Archiduci,
904 2279 1144 2330 caeterisque
1176 2311 1182 2317 .
1210 2311 1216 2318 .
1245 2310 1252 2318 .
1286 2279 1532 2330 Principibus

139 2369 145 2376 .
171 2368 178 2376 .
203 2369 208 2375 .
235 2335 477 2376 Christianis.
538 2336 630 2373 Non
661 2334 867 2384 recipietur
897 2342 1027 2372 tamen
1059 2366 1065 2372 .
1100 2365 1106 2372 .
1141 2365 1147 2371 .
1180 2333 1433 2384 supradictus
1455 2335 1533 2373 'Im-

186 2444 193 2462 ¹
227 2445 359 2483 1523-8,
677 2442 689 2460 2
716 2443 888 2483 1521-†35
908 2440 1080 2483 [Imperial
1098 2441 1292 2481 occupatiori
1312 2440 1466 2482 1525-9].
