1715 2780
146 93 202 142 98
357 92 674 131 LUTHERAN
716 91 1138 137 COMMUNITIES‚
1182 94 1332 140 ¹526—9
1472 106 1545 140 229

145 194 247 233 vivat
276 193 435 235 Christo
464 202 503 233 et
537 193 703 233 ecclesia
731 193 917 244 dignam:
945 195 1054 244 quod
1089 193 1120 232 si
1151 193 1249 232 infra
1276 207 1323 231 xv
1352 194 1436 232 dies
1467 207 1547 232 non

145 247 379 288 mutaverint
395 247 551 288 vivendi
571 248 763 287 rationem
780 255 823 287 ut
844 261 925 287 non
942 249 1042 286 ultra
1057 247 1134 286 sint
1154 249 1343 287 scandalo
1359 247 1548 286 ecclesiae

146 301 233 350 Dei,
257 301 321 342 die
341 315 400 351 xv,
422 303 464 342 id
484 310 554 349 est,
585 301 698 342 tertia
717 303 918 341 dominica
938 302 988 341 ab
1013 301 1098 353 ipsa
1127 301 1294 341 ecclesia
1323 315 1547 340 excommu-

145 356 391 404 nicabuntur‚
408 356 526 396 etiam
543 356 777 395 nominatim
795 355 965 395 universi
981 369 1150 407 quorum
1172 358 1318 395 scelera
1335 364 1428 395 nota
1445 364 1547 403 sunt,

144 412 273 450 donec
298 410 540 461 resipiscant.
594 413 667 450 Per
687 418 791 450 totos
811 418 944 450 autern
968 410 1056 450 illos
1082 425 1130 449 xv
1150 410 1235 450 dies
1256 410 1431 461 episcopi
1451 411 1549 449 haec

144 465 298 516 saepius
322 465 522 504 inculcent
549 478 599 504 ne
627 479 668 504 se
695 478 776 504 non
802 464 1069 515 praemonitos
1099 464 1218 504 fuisse
1247 464 1357 516 queri
1387 463 1550 515 possint.

145 520 267 569 Quod
293 518 324 558 si
345 520 432 569 quis
460 518 552 558 huic
579 519 654 570 legi
685 527 722 558 et
751 528 962 570 praecepto
985 518 1149 558 Domini
1180 532 1261 558 non
1283 520 1364 558 vult
1394 518 1546 565 subiici,

143 586 218 613 nec
237 572 277 612 in
297 572 427 624 ipsum
443 581 685 612 conventum
703 587 776 613 nec
796 574 847 612 ad
862 574 1040 613 Coenam
1060 573 1226 612 Domini
1247 573 1456 624 recipiatur
1477 586 1549 612 nec

143 640 213 677 pro
244 628 358 666 fratre
390 627 607 675 habeatur3
645 641 725 666 non
760 635 891 678 potest
923 629 1029 667 enim
1064 641 1138 666 nec
1171 627 1293 666 debet
1331 628 1546 674 doctrinae,

143 694 303 721 mensae
331 695 377 720 ac
406 683 700 721 communionis
730 683 924 732 particeps
955 683 1048 730 fieri,
1079 681 1147 732 qui
1170 683 1259 721 Deo
1281 681 1443 720 iubente
1468 695 1549 720 non

143 737 224 775 vult
251 749 321 786 pro
347 735 577 775 criminibus
599 736 677 774 suis
698 744 804 774 extra
824 736 1149 775 communionem
1172 736 1265 775 fieri.
1325 735 1481 774 Idcirco
1507 744 1549 775 ut

142 789 378 841 praescripta
411 789 495 829 sine
525 792 696 829 tumultu
726 790 809 829 fieri
838 792 1000 840 possint,
1032 790 1196 829 verbum
1228 798 1419 836 sanctum,
1450 789 1550 829 sicut

143 843 418 894 praediximus,
439 844 683 895 aliquamdiu
711 844 971 894 praedicetur,
999 852 1041 883 ut
1067 844 1173 895 prius
1201 844 1249 883 sit
1273 845 1439 883 ecclesia
1461 844 1549 891 Dei,

143 911 244 948 quae
275 899 354 938 fide
387 898 427 937 in
466 898 597 950 ipsum
629 899 792 938 verbum
827 898 1088 946 constituitur,
1123 912 1242 960 quarn
1278 906 1546 958 congregetur.

145 953 319 991 Demum
357 960 399 991 ut
433 966 552 992 nemo
586 952 717 993 dicere
752 952 874 1002 possit
905 953 1052 993 iudicio
1091 952 1295 1004 praecipiti
1334 952 1549 1004 quicquam

142 1007 299 1054 facturn,
346 1014 560 1057 antequam
610 1008 676 1046 fiat
715 1007 861 1046 alicubi
900 1015 1119 1046 conventus
1159 1007 1241 1055 iste,
1284 1020 1420 1046 mense
1469 1020 1550 1045 uno

143 1061 303 1112 singulis
339 1060 561 1100 Dominicis
599 1075 645 1099 ac
685 1061 791 1100 sestis
835 1061 1110 1112 pronuntietur
1148 1063 1299 1100 futurus
1335 1060 1550 1100 Dominica

142 1127 243 1165 quae
269 1116 376 1153 hunc
404 1128 581 1154 mensem
610 1123 805 1166 sequetur,
835 1124 873 1154 et
898 1124 1228 1165 praemoneantur
1259 1129 1397 1154 omnes
1432 1129 1482 1154 ne
1509 1115 1550 1153 in

141 1167 268 1218 ipsum
290 1177 531 1208 conventum
548 1169 717 1217 veniant,
742 1169 816 1208 nisi
832 1169 951 1208 velint
971 1177 1008 1209 et
1030 1169 1292 1220 praescriptae
1308 1178 1345 1208 et
1363 1168 1549 1208 omnibus

143 1223 219 1262 Dei
252 1223 404 1273 legibus
443 1223 594 1270 subiici,
636 1223 734 1262 sicut
770 1237 869 1273 opus
909 1232 966 1262 est
1006 1223 1189 1262 fidelibus
1228 1224 1390 1262 cunctis.
1452 1225 1550 1262 Mox

141 1285 273 1316 autem
298 1285 340 1316 ut
367 1277 604 1328 praescripta
626 1277 839 1316 Dominica
869 1278 1093 1328 congregati
1123 1277 1277 1325 fuerint,
1301 1277 1367 1328 qui
1395 1277 1435 1316 in
1466 1291 1549 1316 san-

141 1338 293 1370 ctorum
309 1345 475 1370 numero
492 1331 625 1370 haberi
641 1333 789 1379 v,olunt
809 1332 881 1370 etsi
902 1331 1024 1391 pauci
1038 1340 1139 1379 sunt,
1160 1332 1256 1370 nihil
1273 1340 1546 1383 expavescant,

142 1384 236 1424 certi
256 1387 364 1436 quod
392 1399 527 1424 eorum
554 1399 741 1424 numerus
768 1363 857 1425 Deo
885 1385 1056 1446 propitio
1079 1387 1185 1425 brevi
1213 1386 1420 1446 augebitur
1440 1385 1548 1424 verbi

144 1438 218 1478 Dei
239 1439 420 1487 efficacia,
443 1440 515 1479 etsi
541 1454 564 1478 a
590 1439 783 1490 principio
805 1440 962 1479 nonnisi
983 1440 1117 1491 viginti
1138 1448 1206 1479 aut
1231 1440 1387 1490 triginta
1408 1448 1549 1479 essent.

144 1493 298 1532 Deinde
319 1494 605 1543 interrogentur
626 1493 821 1544 sigillatim
838 1495 889 1533 ab
905 1494 1104 1545 episcopo,
1129 1494 1159 1533 si
1181 1496 1318 1533 volunt
1338 1493 1548 1554 praedictis

143 1546 292 1597 legibus
332 1547 479 1587 subditi
519 1561 614 1596 esse,
662 1556 700 1587 et
739 1548 845 1587 iuxta
884 1550 960 1588 Dei
996 1549 1159 1587 verbum
1200 1548 1544 1595 excommunicari,

142 1603 301 1650 quando
317 1615 435 1640 causa
451 1610 552 1641 esset
569 1618 578 1650 3
606 1611 700 1649 tum,
720 1610 916 1652 quotquot
937 1602 1216 1653 acquieverint,
1234 1602 1545 1642 conscribantur.

143 1655 263 1704 Quod
292 1655 324 1694 si
353 1655 421 1706 qui
451 1657 619 1695 virorum
650 1657 934 1704 contradicant,
968 1670 1105 1695 uxores
1133 1670 1268 1695 eorum
1300 1664 1337 1695 et
1369 1656 1478 1695 liberi
1509 1666 1546 1694 et

141 1708 239 1747 servi
271 1709 580 1757 conscribantur,
612 1710 643 1749 si
672 1710 939 1760 acquieverint
970 1710 1130 1760 pietati3
1176 1710 1215 1748 in
1245 1710 1411 1749 ecclesia
1441 1710 1546 1749 enim

142 1775 223 1802 non
251 1771 308 1802 est
333 1776 586 1813 personarum
614 1765 803 1811 delectus,
834 1766 941 1815 quod
969 1765 1010 1803 in
1037 1764 1153 1803 nullis
1185 1764 1352 1803 externis
1383 1766 1456 1803 sita
1485 1764 1546 1802 sit.

143 1817 222 1866 Qui
242 1831 334 1856 vero
360 1817 611 1868 acquiescere
638 1818 846 1866 noluerint,
878 1827 1028 1865 exeant,
1059 1827 1096 1857 et
1124 1832 1194 1869 pro
1221 1818 1389 1858 ethnicis
1413 1832 1460 1857 ac
1487 1818 1546 1857 his

142 1870 208 1920 qui
227 1871 319 1911 foris
340 1879 430 1911 sunt
451 1872 681 1912 habeantur.
706 1903 712 1911 .
738 1902 744 1910 .
767 1903 774 1910 .

195 1926 244 1964 In
270 1926 331 1964 his
351 1926 612 1965 conventibus
640 1935 854 1966 tractentur
875 1928 1009 1966 omnia
1033 1927 1243 1965 cuiuslibet
1268 1927 1458 1966 ecclesiae
1483 1939 1548 1966 ne-

141 1979 255 2028 gotia,
287 1981 478 2030 eligantur
499 1982 685 2031 episcopi,
712 1982 881 2029 diaconi,
910 1982 1305 2020 excommunicentur
1331 1980 1542 2028 criminosi,

143 2039 180 2070 et
200 2033 295 2072 dum
316 2046 404 2074 vere
427 2035 671 2084 resipuerint,
695 2036 746 2074 ad
775 2036 1101 2074 communionem
1133 2036 1267 2074 denuo
1297 2036 1544 2084 recipiantur.

204 2087 281 2125 In
307 2088 366 2127 his
393 2089 655 2127 conventibus
681 2090 853 2139 praesint
880 2090 1067 2139 episcopi,
1097 2096 1138 2127 ut
1166 2089 1244 2128 Dei
1271 2089 1391 2128 verbo
1412 2090 1546 2128 omnia

142 2114 318 2190 dirigant,
340 2149 378 2180 et
399 2141 494 2180 nihil
514 2142 724 2182 admittant
745 2144 853 2194 quod
877 2144 950 2183 Dei
972 2144 1093 2182 verbo
1120 2156 1201 2181 non
1222 2150 1465 2193 competat.

196 2191 308 2245 [Cap.
330 2195 403 2242 xvi,
432 2196 494 2235 De
516 2198 930 2236 Εχσοηιηιιιηιῖαίιοηε.
991 2197 1088 2247 Cap
1109 2198 1195 2244 xvii,
1225 2198 1290 2235 De
1313 2172 1547 2235 absolutione

143 2249 446 2296 resipiscentzum.
504 2251 600 2299 Cap.
624 2250 725 2295 xviii,
747 2253 812 2289 De
832 2252 1121 2290 Anmmversama
1144 2252 1304 2298 Synodo.
1357 2252 1453 2299 Cap.
1471 2263 1542 2296 mx,

142 2301 206 2338 De
224 2302 481 2342 Electzom'bus
500 2309 534 2341 el
549 2306 871 2354 Deposi·t20m'.bus
931 2305 1028 2355 Cap.
1053 2319 1110 2352 xx,
1139 2306 1228 2353 Qua
1250 2306 1398 2342 milone
1419 2311 1545 2353 proce-

143 2354 301 2393 dendum
329 2370 369 2395 m
396 2359 639 2397 electmmbus.
700 2360 796 2411 Cap
818 2360 890 2405 xxi,
922 2361 985 2398 De
1009 2360 1251 2397 ordinatione
1278 2359 1544 2396 mmz'strorum

143 2409 304 2447 eccleszae
323 2418 398 2460 per
414 2413 624 2450 orationem
645 2418 680 2450 et
699 2426 883 2451 manuum
906 2414 1190 2472 tmposi'lzotrefsz.
1252 2414 1347 2462 Cap
1372 2410 1458 2457 xxii,
1481 2413 1545 2450 De

142 2462 399 2502 veff‘sztatombus
429 2479 627 2515 eorumque
658 2468 875 2506 mtmsterzo.
937 2470 1032 2515 Cap.
1064 2467 1163 2512 xxm,
1201 2467 1264 2504 De
1293 2467 1543 2515 eplkcoporlzm
