1715 2780
115 73 198 126 256
471 71 655 109 FAREL
686 70 746 108 IN
778 69 1022 115 GENEVA,
1060 70 1213 117 1532-6
1436 78 1507 116 511

115 189 265 215 omnes.
325 175 446 226 Cupit
477 176 579 222 Dux,
603 174 709 213 iuxta
739 172 975 213 sententiam
1001 171 1220 211 Paterniaci
1241 172 1371 217 latam,
1396 169 1512 208 widu-

115 237 252 268 natum
291 243 405 269 suum
445 229 674 280 possidere‚¹
710 227 765 267 sic
804 235 842 266 et
882 226 1106 277 Episcopus
1146 239 1217 265 suo
1257 225 1338 264 iure
1377 223 1513 262 nititur

113 285 295 334 gaudere,
326 285 402 332 cui,
434 292 476 322 ut
510 282 642 328 audio,
674 296 765 321 cum
805 281 986 321 nonnihil
1027 288 1212 331 negatum
1244 279 1292 319 sit
1330 279 1440 329 quod
1475 284 1513 316 et

112 345 230 377 antea
249 339 415 389 prodere
435 346 474 377 et
493 337 687 376 trucidare
707 343 871 376 conatus
893 335 941 374 sit
962 336 1058 386 pios,
1081 336 1117 373 vi
1139 336 1323 374 invadere
1347 339 1513 371 conatur

113 393 223 442 quod
256 392 338 431 iure
372 399 580 443 praetenso
614 405 695 430 non
725 398 864 442 potest.
925 389 988 429 Sic
1019 403 1154 429 sumus
1184 388 1361 439 undique
1391 393 1513 426 tenta-

113 445 288 486 tionibus
308 446 550 486 circumdati.
575 476 582 484 .
606 477 612 484 .
638 477 645 484 .

155 573 244 617 No.
268 583 366 627 257.
413 572 522 615 The
553 571 829 614 Reformed
860 569 963 613 still
994 569 1047 612 in
1076 581 1108 613 a
1139 568 1382 623 minority
1411 568 1468 611 at

636 629 860 680 Geneva,
882 639 1004 682 1534.

168 731 285 768 From
315 741 340 766 α
361 729 469 766 letter
494 727 542 776 of
562 728 710 765 Haller
737 732 774 764 to
793 728 931 773 Emer,
958 739 1003 763 22
1027 726 1133 775 Sept.
1162 724 1369 774 1534—8.
1404 723 1512 760 Nun<

113 784 211 822 tium
227 784 405 833 adeptus,
424 781 491 832 qui
511 787 549 820 et
569 794 591 819 a
612 789 649 820 te
670 781 838 828 referret,
857 779 889 818 si
908 792 1005 829 quas
1023 778 1211 817 scriberes
1228 777 1384 823 litteras,
1404 775 1513 815 nolui

115 846 152 877 te
172 839 293 876 latere
313 850 441 876 rerum
463 843 683 875 nostrarum
705 833 1081 885 periculosissimum
1102 840 1259 871 statum.

168 890 495 932 Gebennensium
512 891 689 929 exsules2
718 888 773 928 sic
792 889 998 927 turbarunt
1018 887 1156 926 urbem
1178 888 1383 926 Genevam
1405 891 1446 922 ut
1468 898 1514 922 ex

113 953 198 985 toto
218 946 324 994 orbe,
347 958 418 996 pro
438 958 509 984 sua
528 943 859 994 pusillanimitate,
874 944 1008 981 hostes
1029 940 1257 980 catervatim
1278 939 1514 979 confluxisse

115 1000 188 1039 sibi
209 999 445 1039 viderentur.
485 1000 795 1048 Conqueruntur
814 996 994 1047 quotidie
1016 995 1273 1046 Episcopum,
1293 1007 1412 1044 opera
1435 995 1515 1031 Du-

114 1056 170 1093 cis
194 1054 466 1104 Allobrogum,
489 1052 545 1091 sic
573 1052 798 1090 invasurum
829 1058 867 1090 et
897 1058 1216 1101 oppugnaturum
1247 1048 1397 1095 urbem,
1420 1054 1462 1085 ut
1483 1045 1515 1085 si

116 1110 305 1147 Bernates
319 1121 399 1146 non
417 1108 687 1153 succurrerint,
704 1113 836 1144 actum
852 1105 899 1143 sit
916 1106 966 1144 de
983 1104 1067 1143 illis.
1103 1106 1257 1154 Urgent
1274 1101 1513 1142 Civilitatem

116 1170 301 1210 nostram,
324 1163 387 1200 cui
410 1160 690 1211 Friburgenses
711 1167 922 1198 cesserunt.
983 1159 1147 1197 Interim
1168 1166 1301 1196 tamen
1324 1156 1379 1194 sic
1400 1154 1514 1194 divisi

116 1216 216 1255 inter
245 1230 298 1263 se,
320 1223 404 1255 turn
434 1216 488 1254 ob
516 1214 756 1265 religionem,
780 1222 863 1252 turn
897 1213 949 1252 ob
982 1214 1150 1259 Ducem,
1183 1219 1225 1250 ut
1254 1218 1383 1261 partes
1411 1210 1515 1248 duae

116 1269 301 1310 Pontifici
330 1283 376 1309 ac
409 1268 524 1316 Daci,
559 1268 622 1307 vix
653 1268 766 1307 tertia
799 1281 886 1318 pars
925 1274 1082 1306 nostrae
1122 1265 1268 1305 civitati
1307 1273 1346 1304 et
1379 1263 1515 1303 Verbo

116 1326 254 1364 faveat.

169 1379 210 1419 Si
238 1377 549 1428 derelinquimus
578 1390 658 1425 eos,
688 1376 739 1415 ab
769 1376 954 1415 omnibus
984 1374 1205 1426 proditores
1234 1381 1272 1413 et
1301 1373 1516 1412 mendaces

115 1432 400 1472 accusabimur.
473 1431 556 1471 Ubi
587 1432 800 1470 exercitum
835 1429 1067 1477 miserimus,
1104 1428 1326 1467 timendum
1362 1440 1412 1465 ne
1440 1427 1516 1463 Va-

117 1487 254 1526 lesiani
283 1500 374 1526 curn
397 1485 724 1536 Friburgensibus
755 1486 861 1523 hunc
890 1487 1158 1534 insequantur,
1182 1490 1220 1521 et
1250 1481 1281 1520 si
1301 1481 1409 1519 aliud
1435 1493 1515 1518 non

117 1541 279 1592 possint,
302 1540 382 1579 vias
412 1548 547 1579 tamen
575 1541 630 1578 sic
658 1546 866 1589 occupent,
890 1552 940 1577 ne
970 1537 1112 1578 nostris
1143 1537 1291 1575 reditus
1314 1542 1382 1574 aut
1411 1547 1516 1573 corn-

119 1602 270 1634 meatus
297 1601 440 1646 pateat.
499 1594 562 1633 Sic
587 1593 687 1633 inter
710 1606 864 1632 sacrum
892 1600 931 1632 et
955 1606 1091 1631 saxum
1119 1592 1338 1636 haerentes,
1361 1595 1514 1626 tantum

118 1663 166 1688 eo
187 1648 420 1688 devenimus
439 1655 494 1696 ut,
516 1648 636 1686 missa
655 1647 851 1698 legatione
871 1648 922 1686 ad
944 1646 1174 1686 Sabaudum
1196 1657 1334 1694 pacem
1359 1642 1516 1681 Geben-

119 1703 302 1742 nensium
323 1710 515 1753 petamus,
538 1710 576 1741 et
598 1702 629 1740 si
650 1702 746 1751 quid
766 1701 816 1740 ab
838 1708 1003 1750 utraque
1023 1707 1132 1749 parte
1153 1704 1360 1749 peccatum
1389 1695 1515 1741 fuerit,

119 1759 180 1796 vel
209 1756 465 1796 amicabiliter
494 1757 555 1794 vel
584 1755 747 1794 iuridice
776 1768 844 1805 per
875 1753 1094 1800 Helvetios,
1126 1752 1193 1803 qui
1223 1751 1392 1803 priorem
1423 1748 1517 1788 belli

119 1810 383 1850 calamitatem
414 1810 752 1859 composuerunt,3
786 1808 946 1859 transigi
979 1807 1189 1858 permittat.
1262 1807 1515 1855 Responsum

120 1872 404 1915 exspectamus.
478 1864 637 1903 Deinde
666 1862 809 1902 delecti
843 1870 934 1902 sunt
965 1875 1069 1909 4000
1104 1860 1268 1911 pedites,
1298 1860 1369 1897 mit
1399 1858 1517 1896 einem

119 1920 286 1958 ffenlz'nf
343 1919 399 1956 Hi
420 1925 658 1968 exspectant,
682 1918 758 1955 iam
781 1917 914 1967 parati,
938 1924 980 1955 ut
1001 1913 1337 1955 Gebennensibus
1364 1925 1518 1950 succur-

120 1981 216 2012 rant.
275 1974 438 2023 Optima
461 1985 549 2022 pars
572 1972 681 2011 domi
708 1972 972 2010 domesticum
997 1977 1035 2009 et
1065 1968 1305 2009 Antronium
1334 1966 1518 2006 hostem5

120 2034 330 2078 exspectat.

166 2106 176 2123 ¹
201 2106 233 2137 It
256 2105 321 2137 had
342 2106 423 2138 been
448 2104 598 2144 decided‚
616 2109 649 2136 at
673 2104 829 2145 Payerne,
847 2104 926 2135 Dec.
948 2112 983 2143 15
989 2111 1038 2142 30,
1058 2102 1129 2134 that
1153 2101 1208 2133 the
1230 2101 1328 2132 Duke
1344 2099 1452 2140 might
1470 2108 1517 2129 re-

122 2160 248 2181 assume
263 2149 318 2181 the
335 2149 534 2181 Vidomnate
552 2154 585 2180 at
602 2149 746 2188 Geneva,
764 2148 792 2179 if
804 2148 844 2179 he
861 2147 971 2179 would
989 2157 1092 2178 swear
1106 2151 1141 2177 to
1158 2149 1286 2186 respect
1300 2144 1354 2175 the
1372 2142 1518 2174 liberties

122 2193 159 2224 of
172 2194 227 2225 the
242 2193 318 2233 city.
364 2193 446 2224 This
462 2193 502 2224 he
519 2192 677 2224 deelined.

166 2236 178 2257 ²
202 2236 389 2278 Forty—four
415 2236 643 2274 Mamelul<es;
678 2234 741 2266 and
765 2235 819 2266 the
842 2235 972 2266 traitors
994 2234 1070 2265 who
1097 2233 1164 2265 had
1188 2231 1269 2264 tried
1293 2235 1328 2263 to
1353 2240 1439 2272 open
1462 2228 1517 2260 the

122 2285 215 2322 gates
230 2290 272 2311 on
288 2280 343 2312 the
360 2280 454 2321 night
471 2281 508 2311 of
518 2279 573 2311 the
591 2279 740 2320 Bishop’s
756 2279 877 2318 attack,
897 2287 998 2319 30-31
1019 2277 1107 2318 July.

165 2323 178 2343 ³
201 2334 244 2355 se.
262 2324 304 2364 by
319 2324 374 2356 the
389 2328 493 2364 treaty
510 2323 547 2355 of
558 2323 605 2355 St.
622 2323 743 2364 Julien‚
764 2331 802 2364 19
819 2323 896 2354 Oct.
916 2330 1008 2362 1530.

166 2367 178 2386 4
202 2367 370 2405 F'ahnlein,
389 2378 409 2398 a
425 2367 556 2398 banner.

166 2410 179 2428 ⁵
201 2420 244 2441 se.
258 2411 313 2442 the
323 2410 479 2442 Catholic
493 2411 642 2442 Cantons
659 2422 665 2441 :
689 2411 729 2442 cf.
742 2408 869 2442 Erasmi
880 2409 1022 2449 Adagm,
1037 2415 1074 2439 11.
1086 2418 1115 2438 v.
1127 2407 1168 2438 68
1182 2404 1377 2437 ‘Antronius
1389 2404 1498 2436 asinus
1509 2401 1518 2416 '

125 2453 260 2495 (Opera,
277 2454 310 2485 ii.
329 2461 402 2495 571,
421 2454 528 2495 Lugd.
546 2454 616 2485 Bat.
639 2454 748 2494 1703).
