1715 2780
110 101 164 140 39
197 91 316 130 THE
340 92 476 130 DIET
498 91 569 130 OF
590 91 808 138 woaMS,
835 102 880 139 27
904 92 1128 141 JAN.—25
1154 93 1285 138 MAY,
1316 103 1409 141 1521
1460 95 1504 130 81

63 235 65 238 ,
111 195 242 234 multis
280 195 365 233 aliis
397 193 637 233 doctissimis
671 193 761 232 viris
795 195 869 232 Ro.
905 194 1060 242 Curiae,
1093 194 1178 233 illos
1217 194 1430 242 damnavit,
1472 204 1509 234 et

109 257 328 301 propterea,
362 262 453 288 cum
492 248 625 287 fecerit
663 249 772 298 quod
811 248 871 286 sui
910 247 1027 287 officii
1066 255 1135 295 est,
1167 248 1264 298 petit
1305 248 1508 287 brachium

109 304 309 355 potentiae
337 302 427 342 Mtis
456 316 560 350 suae,
587 302 698 341 cuius
726 302 899 341 officium
927 309 984 341 est
1009 302 1227 341 haereticos
1254 310 1346 341 ante
1375 303 1508 341 omnia

109 358 319 409 exstirpare
333 365 453 408 atque
473 357 564 396 ideo
580 358 684 395 iuxta
705 358 967 407 apostolicum
987 357 1161 407 gladium
1183 363 1321 407 portat,
1338 364 1380 396 ut
1397 357 1509 395 malis

109 412 337 451 hominibus
358 418 495 463 purget
516 410 736 450 Ecclesiam
754 410 830 449 Dei
844 425 854 459 3
884 418 922 449 et
943 410 1123 449 nitamini
1140 410 1348 461 impetrare
1364 410 1509 449 litteras

106 466 157 505 ab
188 466 272 505 eius
307 467 387 504 M¹³e
417 466 468 504 ad
498 478 637 504 omnes
668 464 906 504 Germaniae
936 464 1148 515 Principes,
1180 472 1259 503 tarn
1291 466 1509 504 saeculares

106 531 225 570 quam
250 519 548 567 ecclesiasticos,
577 518 809 558 hortatorias
839 527 882 558 ut
909 518 1029 557 velint
1059 519 1244 558 adiuvare
1282 520 1334 557 ad
1373 532 1509 558 execu—

106 573 256 613 tionem
304 574 435 612 bullae
482 580 521 612 et
568 572 748 612 omnium
791 573 831 611 in
879 586 925 612 ea
973 579 1251 612 contentorum
1300 580 1338 612 et
1390 580 1505 624 prout

106 626 302 667 videbitur
336 627 475 666 melius
507 626 702 678 expedire,
739 640 904 677 quarum
940 628 1065 665 forma
1094 626 1327 677 prudentiae
1357 633 1507 666 vestrae

106 681 347 732 relinquitur.
371 711 378 719 .
402 712 409 719 .
435 712 442 719 .

160 735 324 785 Quinto,
365 735 397 775 si
436 734 658 774 Martinus.
683 736 855 774 ..vellet
893 748 935 774 se
974 734 1182 774 iustificare
1221 742 1259 774 et
1299 742 1431 785 petere
1466 748 1507 773 se

104 789 229 829 audiri
249 789 291 828 in
307 789 427 830 Curia
440 789 657 830 Caesareae
680 787 778 835 Mffiss,
798 788 1089 840 respondebitis
1110 789 1188 827 iam
1210 789 1283 828 sibi
1300 789 1419 828 fuisse
1439 802 1507 839 per

104 844 141 882 S.
166 845 214 881 D.
239 844 288 882 N.
311 843 489 882 oblatum
510 845 660 881 salvum
688 844 931 882 conductum
960 850 1001 882 ut
1023 842 1171 881 veniret
1201 844 1252 881 ad
1280 845 1505 881 Romanam

105 896 265 937 Curiam
291 904 329 936 et
358 898 502 936 Sedem
533 897 806 947 Apostolicam
837 897 904 936 ubi
935 910 1076 936 causae
1106 899 1313 936 haeresum
1343 898 1393 936 de
1423 897 1505 935 iure

104 950 258 990 tractari
287 958 325 990 et
354 950 509 990 definiri
538 951 697 997 debent,
730 951 1037 1002 praesertimque
1068 958 1279 1002 postquam
1310 952 1347 990 S.
1375 952 1423 989 D.
1452 952 1503 989 N.

102 1004 286 1056 apposuit
325 1019 486 1043 manum
527 1013 564 1043 et
603 1005 883 1044 condemnavit
923 1005 1151 1044 huiusmodi
1184 1018 1357 1053 errores3
1403 1018 1505 1055 quae

101 1066 210 1109 gesta
230 1073 298 1110 per
318 1073 429 1098 suam
451 1058 707 1097 Sanctitatem
729 1059 760 1097 si
783 1059 876 1098 alibi
897 1059 1224 1107 examinarentur,
1247 1066 1349 1098 esset
1370 1066 1506 1097 contra

102 1126 262 1152 omnem
292 1112 479 1152 iustitiam
519 1120 557 1151 et
595 1112 769 1152 divinam
802 1121 840 1152 et
874 1115 1088 1152 humanam
1105 1128 1115 1161 3
1157 1121 1206 1160 et,
1239 1113 1269 1151 si
1310 1112 1505 1151 Martinus

101 1168 218 1206 vellet
248 1167 367 1206 hodie
391 1168 442 1206 ad
473 1168 698 1205 Romanam
721 1166 881 1207 Curiam
902 1167 1033 1206 venire
1055 1175 1092 1206 et
1113 1167 1167 1205 ibi
1188 1166 1323 1214 audiri,
1348 1173 1504 1217 paratus

103 1228 161 1259 est
181 1222 217 1260 S.
235 1222 284 1259 D.
300 1223 351 1260 N.
374 1220 480 1259 iuxta
500 1222 665 1259 formam
688 1222 818 1260 bullae
839 1222 932 1260 dare
953 1221 1026 1260 sibi
1048 1220 1320 1271 plenissimum
1352 1222 1502 1259 salvum

103 1276 357 1322 conductum,
380 1282 419 1313 et
438 1274 697 1313 libentissime
719 1288 810 1313 eum
830 1275 978 1314 audire.

155 1329 285 1377 Sexto,
317 1329 507 1368 scribatur
537 1330 615 1368 Smo
648 1330 696 1367 D.
729 1330 778 1367 N.
811 1329 890 1368 cito
921 1337 959 1368 et
999 1329 1194 1379 sigillatim
1226 1341 1502 1379 quaecumque

101 1382 249 1422 facietis
270 1390 312 1422 ut
332 1395 403 1434 pro
424 1390 601 1433 tempore
622 1383 745 1433 possit
766 1383 985 1422 remedium
1001 1385 1148 1422 afferre.
1167 1413 1174 1421 .
1196 1413 1202 1421 .
1221 1413 1228 1421 .

155 1436 320 1484 Ultimo,
362 1436 616 1475 hortabimini
667 1444 746 1475 tam
795 1438 1030 1477 Caesaream
1081 1437 1332 1475 Maiestatem
1381 1449 1500 1486 quam

103 1503 240 1529 omnes
280 1490 480 1541 Principes
519 1498 575 1538 ut,
613 1498 703 1541 post
742 1490 1052 1541 publicationem
1092 1491 1223 1529 bullae
1261 1498 1299 1529 et
1348 1492 1499 1540 lapsum

102 1544 256 1582 termini
276 1544 316 1582 in
337 1558 382 1583 ea
403 1544 591 1592 contenti,
612 1545 807 1583 Martinus
829 1545 1014 1596 capiatur,
1034 1552 1072 1584 et
1092 1552 1134 1583 ut
1155 1545 1319 1588 vinctus,
1335 1545 1501 1583 ducatur

101 1599 151 1636 ad
171 1597 333 1638 Curiam
355 1600 579 1637 Romanam
602 1607 643 1637 ut
664 1599 862 1649 condigna
883 1612 1011 1649 poena
1033 1599 1227 1649 puniatur.
1248 1629 1255 1636 .
1274 1628 1280 1636 .
1302 1629 1307 1635 .

220 1702 311 1746 No.
345 1715 424 1756 40.
485 1704 787 1748 Aleander’s
817 1703 932 1748 first
962 1704 1302 1758 impressions
1333 1702 1392 1746 of

646 1762 861 1807 Charles
887 1762 947 1804 V.

155 1845 300 1893 Hodie,
331 1845 444 1884 tertio
479 1858 598 1895 quarn
631 1846 898 1896 Antwerpiam
929 1846 1185 1897 pervenerim,
1217 1852 1376 1885 auctore
1403 1846 1499 1884 Leo-

101 1896 226 1936 diensi
256 1900 461 1948 praesule,¹
497 1912 583 1937 sum
618 1901 669 1938 ad
701 1901 911 1939 Caesarem
950 1900 1209 1939 introductus.
1270 1900 1446 1938 Aderant
1477 1912 1499 1936 e

100 1951 240 1990 nostris
297 1953 395 1991 Rev.
449 1953 744 1991 Protonotarius
801 1953 1080 1993 Caracciolus²
1127 1960 1165 1993 et
1218 1954 1268 1992 D.
1318 1953 1497 2002 Raphael

101 2004 330 2054 Medices33
373 2021 394 2045 e
425 2006 670 2046 Caesarianis
704 2014 788 2045 tum
817 2007 881 2045 alii
920 2007 1096 2057 plerique
1135 2020 1235 2057 quos
1274 2019 1354 2045 non
1394 2005 1497 2053 novi,

100 2064 182 2096 tum
213 2060 394 2099 Marchio
423 2061 473 2099 de
507 2060 716 2108 Chevres⁴,
751 2074 916 2111 magnus
951 2060 1254 2109 cancellarius⁵‚
1288 2060 1497 2110 episcopus

100 2111 326 2152 Tudensisss.
383 2113 523 2152 Visum
545 2121 602 2153 est
635 2114 852 2152 consultius
874 2114 1086 2153 Leodiensi
1108 2113 1275 2165 praesuli
1296 2121 1334 2153 et
1355 2113 1501 2151 nostris

101 2165 394 2215 oratiunculam,
412 2175 449 2206 et
466 2168 625 2206 brevem
643 2176 680 2206 et
697 2181 878 2207 sermone
893 2167 1056 2215 Gallico,
1074 2168 1272 2208 haberem.
1332 2166 1494 2206 Audivit

144 2238 155 2258 ¹
179 2241 345 2273 Eberhard
360 2253 424 2274 von
440 2243 495 2274 der
513 2242 621 2282 Mark,
640 2243 764 2284 Bishop
784 2243 821 2274 of
833 2242 945 2284 Liege,
965 2242 1146 2284 1506-†38.

142 2281 156 2301 ²
179 2283 307 2316 Marino
324 2285 527 2324 Caraceiolo,
548 2286 775 2328 1469-†1538,
792 2287 896 2327 Papal
913 2286 1048 2327 Legate.

143 2325 155 2344 ³
177 2327 208 2357 A
224 2327 374 2360 kinsman
391 2329 428 2360 of
440 2329 508 2361 Leo
524 2329 567 2360 X.

143 2368 155 2415 ξ
179 2369 324 2412 Marquis
340 2372 530 2403 Guillaume
547 2373 587 2403 de
604 2372 706 2413 Croy‚
722 2372 879 2414 Seigneur
894 2373 935 2404 de
952 2371 1120 2413 Chievres,
1140 2373 1366 2414 1458-†1521.

145 2415 156 2428 '⁴
180 2412 365 2446 Mercurino
382 2416 526 2447 Arborio
542 2416 582 2447 de
600 2415 784 2453 Gattinara,
804 2416 1033 2457 1465*†1530.

145 2455 157 2474 ὓ
178 2455 346 2489 Lodovico
363 2458 539 2497 Marliano,
557 2458 736 2500 Bishoprof
748 2459 822 2500 Tuy
838 2460 871 2490 in
887 2459 1002 2501 Spain,
1021 2461 1203 2499 1517—†21.

155 2515 214 2546 944
800 2514 825 2539 G
