1715 2780
177 98 251 144 356
394 94 513 130 THE
547 93 805 132 COUNCIL
836 93 906 131 OF
936 95 1139 141 TRENT,
1176 97 1356 144 1545-63
1497 105 1570 143 145

173 212 263 237 cum
299 199 368 236 erit
403 199 698 236 decertandum.
768 200 817 236 Et
852 200 1039 248 quoniam
1080 199 1242 249 quidam
1275 201 1324 238 ad
1360 201 1566 240 hominum

173 253 320 291 abusus
336 253 662 291 descendendum
680 253 858 300 censuit,ยน
876 252 972 291 sciat
988 252 1030 300 is,
1047 254 1154 303 quod
1172 254 1363 304 expeditis
1379 255 1567 294 abusibus

173 307 449 357 scripturarum
471 314 509 344 et
530 305 797 353 traditionum,
821 306 892 344 erit
913 307 1095 357 expedita
1122 307 1291 346 maxima
1313 321 1401 358 pars
1421 310 1567 360 negotii

173 360 305 400 nostri.
367 362 470 399 Nam
500 361 646 398 abusus
677 360 953 410 scripturarum
981 362 1054 400 sub
1083 375 1125 400 se
1155 361 1360 401 continent
1387 363 1566 403 ordinem

173 423 211 454 et
250 416 415 454 modum
455 415 708 464 praedicandi
747 415 912 453 verbum
954 415 1029 453 Dei
1063 423 1102 454 et
1133 415 1414 466 interpretandi
1447 417 1567 457 libros

172 470 303 520 ipsos:
355 468 611 507 traditionum
661 481 753 506 vero
800 469 947 507 abusus
995 476 1119 508 totam
1166 483 1268 520 pene
1318 469 1567 521 disciplinam

171 522 477 562 ecclesiasticam
522 522 716 572 respicere
760 522 856 561 mihi
894 524 1101 572 videntur,-
1146 523 1416 563 confessiones
1460 526 1566 564 enim

171 585 209 616 et
243 584 399 615 nostrae
437 576 599 627 quidem
634 576 905 616 caeremoniae
939 590 1078 617 omnes
1110 579 1162 617 ad
1195 579 1299 629 ipsas
1337 578 1567 619 traditiones

170 630 392 681 respiciunt.

225 687 339 734 Quae
367 697 457 722 curn
486 684 569 735 ipse
596 684 804 723 cardinalis
830 686 999 724 maxima
1025 685 1180 736 pietate,
1203 687 1287 725 zelo
1309 699 1356 725 ac
1380 687 1567 737 gravitate

171 739 342 786 dixisset,
383 752 522 777 omnes
565 746 694 788 patres
741 740 881 778 eadem
928 740 1148 790 approbare
1195 740 1267 779 visi
1314 748 1429 780 sunt:
1476 755 1567 780 con-

170 795 404 843 clusumque
433 792 504 831 fuit
534 800 577 831 ut
606 792 645 831 in
675 794 818 832 eodem
844 794 1003 833 decreto
1029 794 1117 833 libri
1145 802 1184 834 et
1213 795 1442 834 traditiones
1473 795 1566 835 reci-

168 855 325 898 piantur
350 878 357 886 .
380 878 389 886 .
412 876 420 884 .

244 935 336 978 No.
369 936 465 990 146.
521 935 791 979 Decretum
826 936 888 979 de
921 935 1180 980 canonicis
1218 935 1509 991 Scripturis,

529 993 706 1037 Sessio
733 995 800 1046 iv,
833 995 860 1037 8
892 994 1037 1048 April
1067 995 1195 1048 1546.

225 1070 483 1107 Sacrosancta
516 1068 772 1107 oecumenica
807 1076 845 1107 et
877 1069 1068 1119 generalis
1107 1067 1342 1107 Tridentina
1379 1069 1565 1119 synodus,

170 1123 211 1161 in
245 1124 390 1172 Spiritu
425 1130 562 1161 sancto
600 1122 773 1172 legitime
812 1131 1057 1173 congregata,
1095 1122 1409 1172 praesidentibus
1447 1122 1488 1161 in
1521 1136 1568 1162 ea

170 1177 319 1216 eisdem
341 1176 464 1215 tribus
486 1176 741 1227 Apostolicae
765 1177 877 1216 Sedis
904 1176 1049 1227 legatis,
1073 1178 1150 1215 hoc
1170 1176 1245 1215 sibi
1265 1184 1456 1227 perpetuo
1475 1185 1567 1216 ante

170 1233 306 1270 oculos
337 1243 564 1281 proponens
593 1239 635 1269 ut
665 1231 828 1270 sublatis
858 1231 1052 1269 erroribus
1082 1231 1229 1281 puritas
1258 1230 1342 1280 ipsa
1376 1231 1566 1281 evangelii

169 1287 208 1323 in
240 1284 405 1324 ecclesia
434 1293 695 1332 conservetur,
728 1286 836 1335 quod
856 1285 1102 1376 Ipromissum
1132 1292 1223 1324 ante
1252 1298 1321 1335 per
1354 1285 1566 1335 prophetas

170 1340 209 1377 in
258 1338 456 1388 scripturis
500 1338 644 1377 sanctis
687 1341 737 1377 D.
771 1340 819 1377 N.
879 1338 965 1378 ..C
1012 1340 1086 1377 Dei
1126 1338 1247 1376 Filius
1294 1338 1452 1388 proprio
1499 1352 1566 1377 ore

169 1392 339 1443 primum
378 1392 650 1442 promulgavit,
691 1392 836 1431 deinde
856 1340 943 1452 Iper
987 1405 1079 1431 suos
1116 1388 1332 1442 Apostolos
1376 1399 1565 1452 tanquam

170 1448 319 1485 fontem
348 1446 476 1484 omnis
504 1454 541 1484 et
569 1446 745 1484 salutaris
766 1445 936 1484 veritatis
958 1454 996 1484 et
1024 1459 1178 1484 morum
1205 1445 1436 1495 disciplinae
1456 1446 1565 1484 omni

170 1508 368 1539 creaturae
395 1499 610 1549 praedicari
640 1499 775 1547 iussit3
815 1499 1134 1550 perspiciensque
1164 1500 1266 1538 hanc
1295 1499 1497 1538 veritatem
1527 1508 1566 1539 et

169 1554 417 1604 disciplinam
458 1553 650 1592 contineri
684 1553 723 1591 in
759 1553 865 1592 libris
900 1553 1052 1603 scriptis
1087 1560 1124 1592 et
1158 1553 1242 1592 sine
1273 1552 1419 1603 scripto
1452 1553 1566 1592 tradi-

170 1608 343 1647 tionibus
360 1621 461 1657 quae
481 1607 531 1646 ab
552 1607 672 1658 ipsius
688 1607 831 1647 Christi
853 1620 918 1646 ore
938 1607 988 1645 ab
1003 1607 1205 1657 Apostolis
1221 1615 1408 1657 acceptae
1427 1615 1495 1646 aut
1514 1607 1565 1646 ab

169 1662 263 1712 ipsis
281 1663 492 1712 Apostolis,
511 1661 656 1712 Spiritu
673 1670 810 1700 sancto
827 1661 1012 1708 dictante,
1031 1662 1141 1711 quasi
1158 1674 1227 1711 per
1242 1674 1382 1699 manus
1401 1660 1565 1700 traditae

169 1718 219 1755 ad
253 1729 324 1754 nos
359 1728 484 1765 usque
518 1723 802 1765 pervenerunt3
843 1716 1152 1753 orthodoxorum
1193 1717 1352 1753 Patrum
1387 1716 1565 1764 exempla

170 1778 315 1817 secuta,
334 1783 472 1808 omnes
494 1769 613 1808 libros
629 1777 708 1807 tam
726 1770 878 1808 Veteris
900 1782 1018 1819 quarn
1038 1768 1140 1807 Novi
1161 1768 1418 1816 Testamenti,
1441 1781 1563 1818 quum

170 1823 372 1873 utriusque
403 1837 503 1862 unus
532 1825 642 1861 Deus
670 1824 718 1861 sit
744 1830 890 1869 auctor,
914 1836 1073 1861 necnon
1097 1822 1326 1860 traditiones
1350 1822 1453 1872 ipsas
1480 1829 1562 1860 tum

169 1878 220 1915 ad
255 1878 373 1915 fidem
414 1885 497 1915 tum
531 1879 583 1915 ad
618 1890 745 1916 mores
777 1876 1028 1926 pertinentes,
1064 1884 1253 1926 tanquam
1286 1877 1347 1914 vel
1380 1882 1564 1914 oretenus

168 1944 191 1969 a
212 1930 371 1969 Christo
391 1932 451 1968 vel
471 1944 493 1968 a
514 1930 658 1979 Spiritu
685 1938 822 1968 sancto
850 1930 1026 1977 dictatas,
1049 1937 1087 1968 et
1106 1929 1294 1967 continua
1314 1929 1563 1968 successione

169 1984 209 2022 in
234 1985 398 2022 ecclesia
426 1984 619 2021 catholica
646 1992 905 2030 conservataS,
928 1983 1011 2033 pari
1041 1983 1194 2032 pietatis
1220 1983 1361 2021 affectu
1385 1996 1432 2020 ac
1461 1995 1564 2021 reve-

170 2037 294 2076 rentia
321 2037 483 2087 suscipit
515 2045 553 2075 et
583 2045 791 2075 veneratur
831 2036 1074 2088 [Sequuntur
1106 2037 1261 2073 nomina
1294 2037 1563 2074 canonicarum

170 2088 493 2141 Scripturarmn}
553 2090 592 2128 Si
613 2092 700 2139 quis
720 2098 851 2128 autem
873 2091 991 2128 libros
1012 2091 1118 2138 ipsos
1138 2089 1308 2138 integros
1328 2102 1418 2127 cum
1440 2090 1563 2127 omni-

171 2146 244 2183 bus
261 2144 339 2183 suis
356 2144 542 2194 partibus,
561 2151 676 2193 prout
693 2144 732 2181 in
750 2143 926 2182 Ecclesia
948 2144 1155 2182 Catholica
1170 2142 1244 2192 legi
1260 2150 1559 2190 consueverunt,

169 2206 208 2237 et
242 2199 282 2236 in
313 2198 433 2236 veteri
466 2199 621 2248 vulgata
654 2197 773 2235 latina
810 2196 984 2235 editione
1024 2197 1230 2242 habentur,
1266 2209 1336 2246 pro
1373 2196 1490 2234 sacris
1523 2203 1562 2235 et

170 2252 371 2290 canonicis
416 2264 496 2290 non
542 2252 766 2301 susceperit,
814 2259 852 2289 et
897 2249 1127 2288 traditiones
1170 2249 1388 2299 praedictas
1435 2251 1562 2288 sciens

170 2314 207 2344 et
227 2307 400 2355 prudens
427 2305 718 2354 contempserit,
740 2306 951 2342 anathema
972 2305 1029 2342 sit.
1089 2304 1240 2342 Omnes
1267 2303 1399 2353 itaque
1424 2302 1563 2341 intelli-

169 2368 261 2409 gant
295 2373 375 2409 quo
407 2359 545 2397 ordine
576 2366 614 2397 et
647 2358 709 2396 via
739 2358 822 2407 ipsa
852 2358 1026 2407 synodus
1055 2364 1144 2406 post
1174 2357 1319 2395 iactum
1350 2356 1442 2396 fidei
1470 2369 1561 2394 con-

169 2413 349 2451 fessionis
379 2414 681 2451 fundamentum
710 2411 758 2450 sit
784 2424 1044 2461 progressura,
1071 2418 1109 2449 et
1138 2410 1282 2460 quibus
1311 2409 1558 2460 potissimum

598 2476 609 2496 1
634 2477 697 2508 viz.
713 2475 768 2507 the
787 2475 910 2516 Bishop
927 2475 964 2506 of
977 2476 1130 2515 Astorgn.
