1715 2780
8 2651 14 2770 μ-ᾼᾼ,
6 2549 12 2642 „vs-
9 2533 11 2540 1
3 2430 11 2518 ψ-ιᾼ

168 79 222 127 36
388 81 507 118 ΤΗΕ
550 80 749 118 THREE
793 81 1104 119 TREATISES
1147 82 1217 120 OF
1255 93 1353 131 1520
1521 85 1568 132 67

165 183 386 223 Cardinalis
422 182 748 230 Cameracensis,¹
782 182 883 222 libro
922 184 1215 222 Sententiarum
1252 186 1311 223 IV
1344 185 1570 225 acutissime

164 236 382 288 disputans,
407 238 539 277 Multo
569 237 812 288 probabilius
842 251 928 276 esse
957 245 995 276 et
1026 237 1156 277 minus
1187 240 1475 289 superfluorum
1503 242 1570 279 mi-

166 293 386 331 raculorum
415 291 511 342 poni
539 293 569 330 si
599 291 639 330 in
668 291 778 330 altari
807 305 920 331 verus
949 292 1061 342 panis
1082 306 1299 344 verumque
1319 293 1466 342 vinum,
1489 308 1570 333 non

164 354 297 385 autem
329 348 413 385 sola
445 346 666 386 accidentia
704 359 789 385 esse
820 353 1094 394 astruerentur,
1130 346 1204 386 nisi
1242 350 1408 387 ecclesia
1447 349 1570 388 deter-

166 400 353 440 minasset
373 400 624 439 contrarium.
683 403 836 448 Postea,
858 400 997 439 videns
1025 415 1126 451 quae
1147 410 1249 441 esset
1275 402 1441 441 ecclesia
1468 417 1569 453 quae

166 455 241 493 hoc
273 454 582 503 determinasset,
617 468 763 505 nempe
796 454 1053 503 Thomistica‚
1090 457 1166 495 hoc
1204 464 1274 504 est,
1308 457 1568 505 Aristotelica,

164 508 351 548 audacior
374 511 499 548 factus
526 523 625 557 sum,
649 516 686 548 et
717 509 784 560 qui
808 509 908 548 inter
935 523 1070 548 saxum
1095 517 1134 549 et
1161 524 1314 549 sacrum
1345 512 1567 558 haerebam,

163 564 325 602 tandem
357 563 525 602 stabilivi
565 563 848 603 conscientiam
889 577 1016 603 meam
1056 565 1252 604 sententia
1289 565 1440 615 priore:
1485 580 1570 605 esse

164 618 345 656 videlicet
366 631 500 656 verum
522 631 665 669 panem
682 632 897 668 verumque
918 618 1064 665 vinum,
1089 618 1127 656 in
1149 619 1293 669 quibus
1315 620 1460 660 Christi
1482 634 1571 659 vera

164 685 254 710 caro
278 685 471 722 verusque
498 672 655 722 sanguis
682 686 765 711 non
788 672 899 711 aliter
927 686 1001 711 nec
1031 672 1159 711 minus
1184 673 1242 720 sit,
1267 688 1384 723 quam
1414 674 1467 712 illi
1496 676 1569 714 sub

162 725 437 765 accidentibus
464 725 543 765 suis
570 734 735 776 ponunt.
796 727 918 775 Quod
945 727 1029 774 feci,
1053 727 1144 777 quia
1171 727 1250 767 vidi
1272 728 1568 767 shomistarum

162 779 382 840 opiniones,
433 780 513 819 sive
560 781 776 830 probentur
813 794 835 818 a
870 794 971 840 papa
1009 781 1089 819 sive
1127 795 1150 819 a
1188 782 1369 830 concilio,
1412 797 1570 822 manere

164 833 383 885 opinioneS,
402 848 475 874 nec
492 834 574 874 fieri
589 834 773 874 articulos
790 834 893 881 fidei,
909 835 1061 874 etiamsi
1083 837 1244 895 angelus
1266 837 1316 875 de
1333 838 1446 875 coelo
1462 837 1570 877 aliud

163 896 359 928 statueret
418 891 522 927 Nam
550 890 659 939 quod
685 889 768 927 sine
796 889 1004 939 Scripturis
1028 890 1211 929 asseritur
1237 898 1303 929 aut
1331 905 1396 930 rev
1399 892 1568 931 elatione

163 943 338 992 probata,
361 943 512 994 opinari
533 943 637 992 licet,
657 943 763 982 credi
784 956 866 981 non
887 952 944 982 est
965 957 1139 983 necesse.
1163 976 1169 983 .

217 997 406 1036 Permitto
427 997 571 1047 itaque,
591 997 657 1047 qui
683 999 787 1036 volet
815 1005 1022 1048 utramque
1043 998 1273 1049 opinionem
1301 1006 1457 1039 tenere:
1493 1001 1568 1039 hoc

161 1053 290 1090 solum
312 1065 418 1090 nunc
437 1065 511 1102 ago
532 1060 574 1090 ut
601 1053 805 1102 scrupulos
832 1052 1162 1091 conscientiarum
1188 1055 1238 1092 de
1266 1053 1399 1092 medio
1419 1056 1568 1102 tollam,

163 1119 212 1144 ne
239 1105 326 1156 quis
354 1118 395 1144 se
425 1119 534 1144 reum
565 1107 772 1145 haereseos
803 1113 963 1153 metuat,
996 1106 1024 1145 si
1056 1107 1095 1145 in
1127 1107 1236 1146 altari
1261 1121 1395 1146 verum
1424 1122 1566 1159 panem

160 1173 375 1210 verumque
397 1159 532 1198 vinum
554 1173 639 1198 esse
659 1160 878 1199 crediderit.
902 1191 909 1198 .
934 1190 941 1198 .
965 1191 972 1198 .

217 1215 288 1253 Est
307 1221 439 1253 autem
468 1227 579 1253 meae
609 1214 828 1253 sententiae
851 1214 949 1253 ratio
977 1228 1129 1265 magna,
1154 1215 1343 1266 imprimis
1370 1215 1434 1254 illa
1459 1218 1568 1267 quod

162 1267 288 1307 verbis
327 1267 469 1307 divinis
509 1282 590 1307 non
625 1276 683 1307 est
719 1270 797 1306 ulla
832 1269 1012 1308 facienda
1046 1269 1102 1307 vis
1136 1301 1142 1308 .
1175 1300 1181 1307 .
1215 1300 1222 1308 .
1255 1271 1336 1318 sed,
1374 1278 1566 1320 quantum

161 1321 243 1361 fieri
264 1330 404 1373 potest,
436 1322 475 1361 in
507 1321 797 1373 simplicissima
826 1322 1113 1373 significatione
1143 1326 1333 1363 servanda
1363 1334 1481 1373 sunt,
1516 1334 1565 1373 et,

162 1376 235 1415 nisi
256 1376 462 1416 manifesta
492 1376 784 1416 circumstantia
810 1385 936 1427 cogat,
965 1386 1071 1416 extra
1093 1378 1388 1428 grammaticam
1418 1386 1456 1418 et
1484 1393 1567 1429 pro-

160 1430 283 1481 priam
331 1431 563 1482 accipienda
610 1445 691 1469 non
739 1438 840 1478 sunt,
884 1445 933 1470 ne
981 1433 1095 1471 detur
1142 1433 1370 1472 adversariis
1410 1434 1567 1473 occasio

160 1484 383 1524 universam
410 1485 648 1536 Scripturam
676 1485 877 1524 eludendi.
937 1487 1029 1534 Quo
1056 1487 1223 1524 consilio
1250 1495 1354 1526 recte
1376 1487 1566 1538 Origenes

160 1538 254 1578 olim
285 1539 513 1590 repudiatus
546 1547 614 1587 est,
650 1541 759 1589 quod
791 1539 895 1590 ligna
925 1547 962 1578 et
996 1540 1140 1588 omnia,
1173 1554 1274 1591 quae
1304 1543 1355 1580 de
1385 1542 1566 1591 paradiso

160 1593 392 1642 scribuntur,
440 1593 694 1645 grammatica
741 1594 942 1633 locutione
989 1603 1229 1645 contempta,
1275 1595 1313 1633 in
1362 1596 1566 1646 allegorias

160 1649 325 1695 verterit,
358 1661 449 1686 cum
481 1649 573 1686 hinc
608 1647 730 1698 possit
765 1649 856 1687 duci
888 1650 992 1698 ligna
1027 1662 1108 1687 non
1138 1662 1224 1688 esse
1253 1657 1381 1688 creata
1410 1663 1432 1688 a
1465 1652 1565 1689 Deo.

162 1703 222 1740 Ita
243 1709 280 1741 et
301 1703 375 1750 1116,
398 1716 488 1741 611111
514 1702 776 1752 evangelistae
802 1704 904 1741 clare
931 1702 1113 1751 scribant,
1137 1705 1337 1742 Christum
1366 1705 1566 1754 accepisse

159 1769 302 1806 panem
332 1769 378 1795 ac
407 1756 666 1804 benedixisse,
699 1764 737 1794 et
771 1759 944 1794 Actuum
976 1756 1082 1804 liber,
1116 1766 1153 1795 et
1185 1759 1329 1796 Paulus
1363 1760 1564 1808 apostolus

160 1823 303 1860 panem
342 1811 531 1861 deinceps
569 1811 778 1860 appellent,
821 1824 953 1849 verum
1003 1820 1158 1861 oportet
1206 1813 1367 1862 intelligi
1408 1825 1562 1862 panem,

160 1877 374 1915 verumque
412 1866 558 1913 vinum,
596 1866 695 1902 sicut
731 1877 863 1903 verum
900 1866 1074 1904 calicem.
1133 1867 1225 1905 Non
1260 1867 1366 1904 enim
1401 1868 1563 1906 calicem

159 1918 496 1958 transubstantiari
519 1918 637 1958 etiam
659 1918 732 1969 ipsi
754 1919 901 1957 dicunt.
959 1920 1442 1959 Transubstantiationem
1474 1935 1565 1960 vero

159 1980 351 2022 potestate
371 1974 504 2012 divina
525 1974 666 2011 factam
688 1986 779 2011 cum
802 1986 882 2011 non
904 1974 951 2012 511
973 1987 1134 2013 11666556
1155 1974 1260 2024 poni,
1283 1988 1354 2024 pro
1375 1976 1565 2025 figmento

159 2027 356 2065 humanae
384 2027 583 2077 opinionis
613 2026 759 2074 haberi,
782 2027 873 2076 quia
903 2029 1009 2066 nulla
1039 2028 1247 2079 Scriptura,
1278 2030 1384 2066 nulla
1414 2031 1564 2068 ratione

157 2081 300 2119 nititur.
326 2111 332 2118 .
356 2112 363 2120 .
388 2110 394 2117 .

213 2136 294 2175 C-ur
308 2142 440 2174 autem
458 2149 539 2174 non
560 2136 682 2185 possit
696 2135 876 2176 Christus
892 2148 1034 2185 corpus
1051 2148 1166 2174 suum
1188 2137 1288 2174 intra
1304 2136 1563 2175 substantiam

160 2188 271 2238 panis
298 2189 511 2237 continere,
535 2191 635 2228 516111
659 2190 699 2227 111
726 2189 1029 2229 accidentibus?
1087 2191 1193 2229 Ecce
1223 2192 1321 2240 ignis
1352 2198 1389 2229 et
1420 2193 1562 2229 ferrum

159 2243 261 2282 duae
280 2243 523 2282 substantiae
543 2244 598 2282 sic
620 2244 834 2283 miscentur
854 2246 893 2281 in
914 2245 1014 2282 ferro
1036 2243 1169 2294 ignito,
1192 2253 1233 2282 ut
1255 2245 1454 2294 quaelibet
1476 2259 1563 2295 pars

159 2297 208 2334 sit
238 2298 380 2335 ferrum
412 2305 450 2337 et
481 2297 590 2348 ignis.
649 2299 730 2338 Cur
760 2311 841 2336 non
871 2299 996 2336 multo
1027 2299 1149 2348 magis
1178 2300 1563 2349 corpus'gloriosum

161 2350 304 2390 Christi
326 2351 380 2390 516
401 2351 441 2390 111
461 2353 570 2390 0111111
592 2360 699 2402 parte
721 2352 963 2391 substantiae
984 2353 1096 2402 panis
1117 2365 1203 2392 esse
1225 2352 1377 2403 possit?
1398 2382 1405 2389 .
1427 2382 1434 2390 .

378 2456 388 2474 ¹
411 2457 516 2489 Pierre
532 2457 668 2498 d'Ailly‚
692 2460 920 2499 1350-†1420,
939 2459 1096 2490 Cardinal
1115 2458 1150 2490 os
1170 2459 1344 2497 Cambray.

829 2523 848 2547 F
877 2525 895 2547 2
