1715 2780
191 98 266 144 316
332 138 335 142 ⁴
591 94 709 131 THE
750 79 1074 130 EXTENSION
1116 93 1187 131 OF
1512 96 1586 133 126

190 197 367 245 Antonii,
399 197 563 246 aliisque
593 196 708 234 huius
735 197 898 246 generis,
926 195 992 245 qui
1019 195 1222 246 decipiunt
1246 198 1410 236 rusticos
1437 204 1475 236 et
1501 198 1588 236 sim-

189 252 321 303 plices,
341 264 489 301 eosque
505 249 720 288 innumeris
742 249 1086 300 superstitionibus
1103 249 1316 300 implicant.
1369 252 1587 291 Tollendos

191 308 262 345 hos
284 306 554 356 quaestuarios
575 317 793 343 censemus.

241 360 327 412 (17)
358 360 519 399 Abusus
543 359 642 397 alius
666 358 705 396 in
733 357 1028 408 dispensatione
1051 371 1142 397 cum
1164 358 1380 398 constituto
1409 360 1448 398 in
1470 361 1587 399 sacris

193 414 398 453 ordinibus
432 421 475 452 ut
509 413 632 463 possit
663 425 824 451 uxorem
859 413 1014 451 ducere.
1085 414 1200 451 Haec
1231 414 1473 464 dispensatio
1506 428 1587 453 non

191 476 292 508 esset
323 468 391 506 ulli
420 468 552 506 danda
581 466 656 505 nisi
685 479 756 516 pro
786 466 1086 506 conservatione
1111 466 1248 517 populi
1277 467 1498 518 cuiuspiam
1526 470 1588 507 vel

191 522 317 573 gentis
348 522 416 561 ubi
446 529 548 560 esset
577 520 736 571 publica
759 533 877 558 causa
905 520 1141 571 gravissima,
1166 521 1392 571 praesertim
1414 522 1474 561 his
1495 530 1589 561 tem-

191 576 381 628 poribus
373 590 412 614 1n
434 575 578 635 quibus
599 582 736 625 urgent
758 574 971 613 Lutherani
993 576 1096 613 hanc
1116 588 1197 614 rem
1219 577 1398 615 maxime.

245 631 331 682 (18)
361 629 550 669 Abusus
542 643 581 667 in
603 628 930 689 dispensatione
922 643 961 667 in
982 629 1129 679 nuptiis
1150 629 1250 668 inter
1274 630 1589 680 consanguineos

193 699 261 723 seu
291 685 438 723 affines.
496 684 614 724 Certe
645 683 684 721 in
714 684 891 722 secundo
916 684 1039 733 gradu
1060 697 1141 722 non
1161 692 1345 734 putamus
1367 684 1588 723 faciendam

193 753 278 778 esse
304 739 377 777 nisi
398 739 451 777 ob
479 737 678 788 publicam
706 751 865 776 causam
889 751 1060 788 gravem.
1119 739 1167 776 In
1187 737 1272 777 aliis
1292 751 1384 778 vero
1403 739 1590 789 gradibus

193 808 273 832 non
303 793 376 832 nisi
407 792 459 831 ob
487 805 645 831 causam
673 793 880 830 honestam
908 800 946 831 et
972 791 1123 842 absque
1143 792 1322 842 pecunia,
1344 800 1386 832 ut
1406 792 1588 841 diximus,

192 848 265 886 nisi
306 847 382 886 iam
418 846 522 897 prius
555 845 755 884 coniuncti
788 854 929 893 essent,
966 845 1034 885 ubi
1066 845 1198 885 liceret
1236 860 1307 897 pro
1340 847 1589 886 absolutione

191 916 213 940 a
252 908 417 952 peccato
456 901 531 939 iam
578 907 800 950 perpetrato
841 900 992 950 imponi
1034 901 1181 939 mulcta
1225 900 1461 951 pecuniaria,
1501 909 1590 952 post

191 955 496 1003 absolutionem,
514 962 551 993 et
572 955 750 1004 deputari
770 955 820 993 ad
841 954 927 1004 pios
948 967 1052 1002 usus,
1070 955 1110 992 in
1130 954 1274 1005 quibus
1294 954 1385 994 facit
1405 956 1590 994 sanctitas

193 1019 260 1048 tua
298 1010 507 1060 impensas.
580 1010 682 1047 Nam
723 1008 823 1047 sicut
869 1008 937 1047 ubi
976 1022 1056 1047 non
1090 1017 1149 1048 est
1182 1016 1387 1059 peccatum
1432 1010 1472 1048 in
1518 1023 1589 1048 usu

193 1064 373 1112 clavium,
405 1063 501 1101 nihil
531 1063 631 1112 exigi
661 1070 790 1113 potest
818 1062 1020 1113 pecuniae,
1050 1064 1102 1101 ita
1128 1062 1197 1101 ubi
1224 1063 1421 1102 absolutio
1447 1065 1591 1114 petitur

192 1133 214 1156 a
253 1126 427 1169 peccato,
465 1117 613 1167 imponi
650 1118 796 1155 mulcta
830 1116 1054 1167 pecuniaria
1092 1124 1221 1167 potest
1255 1125 1293 1157 et
1327 1117 1506 1168 deputari
1539 1119 1589 1156 ad

194 1174 279 1223 pios
310 1186 414 1211 usuS.

249 1227 335 1279 (19)
366 1227 526 1264 Abusus
554 1225 653 1264 alius
683 1225 722 1263 in
751 1224 1002 1264 absolutione
1034 1224 1257 1264 Simoniaci.
1322 1227 1426 1264 Proh
1456 1226 1590 1264 dolor!

194 1289 387 1331 quantum
408 1280 447 1318 in
477 1279 641 1318 ecclesia
664 1280 739 1318 Dei
770 1286 903 1329 regnat
933 1280 1009 1317 hoc
1039 1279 1224 1330 pestilens
1252 1279 1399 1326 vitium,
1426 1280 1528 1319 adeo
1549 1287 1590 1318 ut

193 1334 355 1384 quidam
377 1347 457 1372 non
475 1341 680 1372 vereantur
700 1334 916 1372 Simoniani
938 1333 1195 1380 committere,
1218 1333 1364 1372 deinde
1383 1333 1590 1372 confestim

194 1396 333 1438 petunt
353 1388 643 1426 absolutionem
671 1401 693 1425 a
714 1400 853 1437 poena,
882 1387 963 1424 imo
984 1401 1069 1425 eam
1092 1394 1238 1435 emunt,
1263 1389 1398 1437 sicque
1422 1387 1589 1426 retinent

194 1443 431 1480 beneficium
452 1443 561 1491 quod
581 1449 772 1480 emerunt.
815 1442 908 1479 Non
924 1440 1092 1479 dicimus
1113 1442 1359 1480 sanctitatem
1380 1449 1488 1480 tuam
1508 1455 1590 1481 non

194 1509 309 1546 posse
343 1508 512 1546 poenam
543 1496 648 1534 illam
679 1508 779 1545 quae
811 1502 869 1533 est
898 1496 948 1533 de
978 1494 1059 1534 iure
1093 1494 1262 1545 positivo
1291 1496 1506 1534 constituta
1534 1495 1589 1535 eis

194 1551 422 1589 condonare
443 1564 454 1598 3
496 1551 566 1588 sed
604 1550 711 1599 quod
752 1550 860 1587 nullo
898 1556 1014 1598 pacto
1053 1549 1197 1588 debeat
1230 1556 1272 1587 ut
1305 1556 1416 1588 tanto
1455 1549 1589 1588 sceleri

195 1606 403 1651 resistatur,
426 1617 506 1653 quo
527 1604 678 1641 nullum
700 1602 955 1653 perniciosius
977 1615 1051 1642 nec
1071 1603 1194 1654 magis
1215 1604 1504 1642 scandalosum.

249 1658 334 1709 (20)
364 1658 542 1696 Licentia
569 1658 684 1696 etiam
713 1658 882 1696 testandi
907 1657 1056 1696 clericis
1083 1658 1133 1696 de
1157 1657 1271 1696 bonis
1297 1656 1485 1696 ecclesiae
1507 1671 1589 1696 non

197 1721 297 1751 esset
319 1713 451 1751 danda
471 1711 545 1749 nisi
566 1725 635 1761 pro
660 1725 778 1749 causa
804 1711 966 1761 urgenti,
990 1724 1040 1749 ne
1065 1711 1170 1750 bona
1190 1724 1408 1762 pauperum
1430 1724 1588 1750 conver-

194 1774 366 1805 terentur
387 1767 426 1803 in
446 1765 612 1815 privatas
632 1765 792 1804 delicias
814 1773 851 1803 et
870 1764 1195 1815 amplificationes
1216 1766 1438 1804 domorum.

251 1820 337 1870 (21)
368 1819 684 1859 Confessionalia
717 1827 848 1858 autem
881 1832 970 1857 cum
1006 1832 1078 1858 usu
1109 1819 1239 1858 altaris
1279 1819 1467 1869 portatilis
1506 1833 1586 1858 non

196 1881 326 1912 essent
358 1873 472 1912 facile
504 1874 647 1919 danda,
677 1873 732 1911 sic
763 1873 867 1911 enim
909 1873 1100 1912 vilescunt
1139 1873 1427 1912 ecclesiasticae
1459 1886 1518 1912 res
1549 1882 1587 1912 et

196 1934 485 1966 sacramentum
525 1927 702 1965 omnium
742 1927 1007 1977 praecipuum.
1067 1929 1152 1966 Nec
1191 1927 1458 1977 indulgentiae
1492 1927 1585 1966 item

195 1982 351 2020 dandae
390 1988 519 2019 essent
554 1980 627 2018 nisi
661 1982 782 2019 semel
818 1981 856 2018 in
888 1994 993 2019 anno
1026 1980 1064 2018 in
1099 1994 1335 2031 unaquaque
1375 1980 1585 2032 insignium

195 2035 407 2073 civitatum.
481 2034 751 2073 Commutatio
799 2037 916 2073 etiam
966 2042 1145 2073 votorum
1195 2048 1323 2085 neque
1375 2034 1426 2073 ita
1474 2035 1586 2074 facile

195 2089 374 2127 facienda
418 2102 547 2137 neque
598 2090 882 2127 commutanda
932 2097 1204 2139 praeterquam
1251 2089 1288 2127 in
1334 2088 1585 2138 aequivalens

195 2144 358 2181 bonum.

250 2197 336 2248 (22)
366 2198 617 2235 Consuevere
638 2196 753 2234 etiam
778 2196 914 2234 mutari
930 2198 1150 2235 voluntates
1166 2196 1326 2235 ultimae
1342 2204 1582 2244 testatorum,

195 2251 261 2301 qui
278 2252 329 2289 ad
351 2251 433 2301 pias
454 2263 590 2288 causas
611 2251 741 2299 legant
766 2250 992 2299 quampiam
1023 2250 1214 2300 pecuniae
1234 2263 1441 2298 summam,
1464 2264 1582 2300 quam

194 2305 424 2343 auctoritate
455 2303 669 2342 sanctitatis
700 2311 789 2342 tuae
822 2305 1059 2342 transferunt
1090 2305 1140 2342 ad
1174 2305 1361 2342 heredem
1395 2306 1455 2343 vel
1486 2306 1585 2354 lega-

194 2359 346 2405 tarium,
387 2359 440 2396 ob
479 2365 723 2408 praetensam
763 2364 1032 2407 paupertatem
1068 2359 1152 2404 &c.,
1188 2358 1308 2407 idque
1336 2357 1388 2396 ob
1418 2359 1580 2396 lucrum.

197 2415 322 2457 Certe,
351 2412 422 2450 nisi
450 2414 550 2450 sacta
577 2411 625 2449 sit
651 2425 791 2461 magna
818 2411 983 2449 mutatio
1008 2411 1047 2448 in
1071 2425 1111 2450 re
1139 2411 1315 2449 familiari
1340 2411 1495 2450 heredis
1516 2424 1584 2461 per

195 2467 347 2504 obitum
379 2466 581 2513 testatoris,
615 2466 666 2504 ita
697 2466 805 2515 quod
838 2465 1043 2503 verisimile
1079 2465 1125 2504 sit
1157 2472 1382 2505 testatorem
1413 2466 1465 2504 ob
1495 2478 1580 2504 eam
