1715 2780
117 90 192 127 126
464 85 948 131 PROTESTANTISM,
985 97 1162 134 1532-41
1448 98 1521 134 313

122 191 314 231 Ambiunt
346 197 546 241 praeterea
575 189 792 228 cardinales
822 203 843 227 a
870 188 1025 239 regibus
1050 196 1087 227 et
1112 188 1355 239 principibus
1377 190 1523 238 episco-

121 253 233 296 patus
251 260 257 284 :
284 257 306 283 a
326 244 470 295 quibus
491 252 629 295 postea
650 244 878 294 dependent
899 256 949 282 ne
970 242 1122 293 possint
1142 242 1264 281 libere
1285 243 1521 281 sententiam

121 301 276 347 dicere3
305 298 386 337 imo
416 298 447 337 si
477 306 639 349 possent
668 306 707 337 et
736 299 891 346 vellent,
924 299 1149 336 fallerentur
1178 304 1317 336 tamen
1339 298 1522 347 passione

121 353 241 393 animi
260 352 302 391 in
317 352 532 392 iudicando
552 352 779 403 perturbati.
838 353 937 391 Ideo
958 353 1109 390 utinam
1130 352 1194 390 hic
1216 364 1302 390 mos
1323 353 1522 390 tolleretur

121 416 160 447 et
179 406 476 459 providerentur
499 407 774 454 cardinalibus,
796 415 838 445 ut
864 414 1026 457 possent
1047 407 1213 445 honeste
1237 419 1307 456 pro
1332 405 1522 456 dignitate

122 462 262 510 vivere,
283 461 469 500 omnibus
497 463 682 511 aequales
712 461 912 500 redditus:
943 462 1052 511 quod
1083 468 1267 510 putamus
1298 461 1411 499 facile
1441 461 1521 499 fieri

122 529 247 567 posse,
279 517 310 554 si
338 516 527 554 vellemus
561 515 731 554 abiicere
762 515 988 554 servitutem
1016 527 1269 553 mammonae
1297 522 1334 553 et
1362 516 1522 554 Christo

121 578 271 609 tantum
294 569 447 608 servire.

175 624 253 663 His
273 623 468 674 castigatis
490 637 591 674 quae
619 624 816 674 pertinent
837 625 887 662 ad
908 623 1209 662 constituendos
1230 622 1301 661 tibi
1322 622 1522 661 ministros

121 678 264 730 quibus
293 678 414 717 veluti
440 678 709 716 instrumentis
738 686 775 717 et
805 679 933 716 cultus
959 678 1034 716 Dei
1062 678 1166 716 bene
1194 677 1457 716 administrari
1485 686 1522 716 et

121 734 290 784 populus
321 731 569 772 Christianus
603 732 643 770 in
674 732 753 771 vita
793 732 1016 772 Christiana
1056 732 1158 770 bene
1190 731 1339 770 institui
1373 739 1411 770 et
1443 732 1522 782 regi

120 786 254 838 possit,
275 787 548 826 accedendum
566 786 682 825 nobis
704 794 761 826 est
781 788 832 825 ad
853 786 917 824 illa
938 799 1039 837 quae
1061 793 1240 836 spectant
1262 787 1313 825 ad
1332 786 1523 836 guberna-

121 841 269 880 tionem
291 840 503 880 Christiani
528 840 675 891 populi.
736 843 783 879 In
805 854 884 891 qua
911 854 960 888 re,
984 848 1093 891 pater
1113 840 1352 888 beatissime,
1375 840 1522 879 abusus

122 895 185 935 ille
204 896 332 946 primo
352 902 390 934 et
418 908 510 945 prae
539 895 726 933 omnibus
752 895 1006 945 corrigendus
1028 903 1086 934 est
1107 908 1156 934 ne
1177 894 1326 933 scilicet
1347 894 1522 945 episcopi

123 949 291 1000 primum
312 957 350 988 et
371 962 463 1000 prae
484 949 670 988 omnibus
691 949 786 997 aliis,
810 949 957 988 deinde
978 962 1028 988 ne
1047 949 1170 988 curati
1191 949 1376 988 abessent
1399 962 1421 988 a
1443 949 1522 987 suis

122 1003 296 1043 ecclesiis
321 1011 359 1042 et
383 1003 578 1054 parochiis
606 1004 679 1041 nisi
708 1005 761 1042 ob
780 1017 937 1054 gravem
958 1003 1130 1054 aliquam
1152 1016 1322 1051 causam,
1345 1004 1414 1043 sed
1436 1004 1523 1042 resi-

121 1059 296 1096 dentiam
331 1059 536 1105 facerent3
578 1057 747 1097 maxime
782 1058 968 1108 episcopi,
1006 1066 1047 1096 ut
1081 1058 1262 1105 diximus,
1302 1058 1395 1108 quia
1433 1066 1523 1097 sunt

121 1111 254 1162 sponsi
269 1111 457 1151 ecclesiae
473 1111 566 1162 ipsis
580 1113 853 1151 demandatae.
887 1114 1002 1159 Nam,
1015 1126 1083 1162 per
1098 1114 1231 1151 Deum
1245 1112 1520 1160 immortalem,

122 1165 209 1216 quis
223 1165 481 1205 miserabilior
494 1165 576 1204 viro
592 1166 819 1206 Christiano
836 1174 1073 1216 conspectus
1090 1179 1175 1205 esse
1192 1174 1321 1217 potest
1339 1166 1524 1206 Christia-

124 1233 219 1258 num
258 1220 395 1259 orbem
444 1220 662 1271 peragranti
710 1234 828 1270 quam
878 1222 976 1260 haec
1021 1222 1194 1259 solitudo
1238 1220 1523 1260 ecclesiarum?

124 1275 275 1313 Omnes
309 1275 388 1313 fere
422 1281 598 1325 pastores
632 1282 877 1314 recesserunt
911 1289 933 1313 a
973 1275 1052 1313 suis
1091 1275 1283 1325 gregibus,
1322 1275 1521 1313 commissi

123 1336 213 1367 sunt
250 1341 389 1367 omnes
421 1330 501 1367 fere
539 1329 799 1368 mercenariis.
873 1331 1125 1379 Imponenda
1165 1342 1256 1379 ergo
1288 1337 1346 1368 est
1381 1343 1522 1380 magna

123 1395 251 1433 poena
284 1382 480 1433 episcopis
511 1396 603 1433 prae
631 1383 726 1431 aliis,
758 1383 904 1422 deinde
933 1383 1088 1431 curatis,
1122 1383 1189 1434 qui
1218 1383 1362 1422 absunt
1391 1397 1414 1421 a
1444 1383 1523 1421 suis

121 1436 313 1487 gregibus,
349 1451 430 1476 non
469 1444 622 1476 tantum
658 1451 910 1476 censurarum
949 1439 1019 1477 sed
1058 1438 1176 1477 etiam
1217 1451 1266 1477 ne
1305 1451 1382 1476 rec
1385 1446 1523 1488 perent

123 1492 298 1530 redditus
319 1491 373 1529 illi
394 1490 460 1541 qui
481 1492 636 1539 absunt,
660 1491 733 1530 nisi
761 1492 967 1552 impetrata
992 1492 1150 1531 licentia
1175 1505 1198 1530 a
1224 1499 1290 1531 tua
1317 1491 1523 1531 sanctitate

123 1544 309 1595 episcopi,
337 1547 458 1584 curati
488 1546 538 1584 ab
569 1545 764 1596 episcopis
795 1546 886 1594 suis,
902 1560 982 1607 'per
1008 1546 1126 1585 breve
1150 1546 1312 1596 aliquod
1334 1546 1522 1596 temporis

124 1600 305 1649 spatium.
364 1601 589 1650 Legantur
581 1613 620 1638 in
648 1601 724 1638 hoc
745 1601 875 1660 aliqua
899 1601 992 1649 iura,
1014 1600 1235 1651 aliquorum
1263 1602 1520 1639 conciliorum

123 1654 281 1692 decreta
309 1654 454 1703 quibus
480 1661 639 1692 cautum
668 1662 748 1693 erat
778 1655 967 1704 episcopo
997 1668 1076 1693 non
1107 1654 1223 1693 licere
1250 1656 1389 1694 abesse
1410 1669 1431 1692 a
1453 1668 1522 1692 sua

122 1708 289 1746 ecclesia
307 1707 380 1745 nisi
402 1707 524 1745 tribus
544 1715 698 1746 tantum
723 1708 955 1747 Dominicis.

177 1761 237 1812 (9)
267 1761 428 1799 Abusus
449 1761 566 1800 etiam
584 1770 643 1800 est
663 1764 772 1811 quod
794 1770 851 1801 tot
872 1763 1128 1802 reverendiss.
1151 1762 1369 1801 cardinales
1390 1763 1521 1802 absint

123 1815 174 1853 ab
204 1816 278 1853 hac
307 1815 424 1862 curia,
455 1828 529 1854 nec
557 1815 688 1866 aliqua
716 1816 754 1854 in
782 1824 891 1866 parte
912 1818 1055 1855 faciant
1076 1817 1279 1867 quidpiam
1302 1817 1385 1856 eius
1406 1817 1521 1855 officii

124 1870 232 1918 quod
253 1877 403 1919 spectat
422 1870 473 1908 ad
494 1870 721 1909 cardinales.
770 1871 868 1910 Ideo
884 1870 955 1909 etsi
976 1872 1139 1910 fortasse
1159 1885 1240 1909 non
1257 1885 1407 1919 omnes,
1431 1873 1522 1922 quia

125 1923 308 1972 expedire
345 1923 612 1962 existimamus
645 1926 859 1964 nonnullos
894 1925 1069 1964 habitare
1101 1925 1140 1964 in
1180 1925 1390 1976 provinciis
1429 1926 1519 1973 suis,

126 1990 214 2015 nam
246 1991 314 2028 per
344 1979 429 2016 illos
457 1985 645 2028 tanquam
676 1992 743 2028 per
770 1979 920 2018 radices
945 1981 1136 2030 quasdam
1163 1980 1201 2018 in
1229 1988 1354 2019 totum
1384 1981 1520 2019 orbem

126 2031 392 2070 Christianum
414 2045 565 2082 sparsas
593 2033 845 2072 continentur
865 2035 999 2084 populi
1022 2035 1094 2072 sub
1116 2036 1189 2073 hac
1211 2036 1394 2073 Romana
1415 2036 1519 2079 sede,

125 2084 313 2135 plurimos
343 2094 475 2125 tamen
505 2094 606 2125 esset
631 2087 846 2126 sanctitatis
871 2096 961 2127 tuae
981 2101 1120 2127 vocare
1141 2090 1190 2127 ad
1212 2088 1371 2135 curiam,
1395 2097 1436 2127 ut
1458 2090 1521 2125 hic

126 2139 351 2178 residerent.
411 2143 501 2179 Hac
528 2140 632 2179 enim
663 2141 821 2189 ratione,
846 2150 1117 2192 praeterquam
1140 2144 1249 2193 quod
1271 2144 1522 2192 fungerentur

126 2193 253 2232 officio
288 2207 359 2233 suo
392 2194 621 2242 cardinales,
658 2195 926 2245 provideretur
958 2196 1075 2235 etiam
1110 2196 1361 2247 amplitudini
1393 2196 1523 2235 curiae

126 2248 448 2298 supplereturque
478 2249 508 2287 si
536 2249 632 2299 quid
662 2249 696 2288 ei
723 2251 942 2289 detractum
964 2252 1099 2290 fuisset
1120 2264 1189 2301 per
1208 2264 1404 2289 recessum
1428 2251 1522 2288 mul-

125 2308 252 2339 torum
274 2302 550 2353 episcoporum
571 2303 638 2353 qui
658 2304 708 2342 ad
729 2317 817 2342 suas
839 2305 1023 2343 ecclesias
1044 2318 1085 2343 se
1105 2305 1374 2343 contulissent.

181 2355 266 2406 (10)
296 2356 406 2395 Alius
435 2356 582 2396 abusus
613 2371 777 2408 magnus
804 2365 842 2397 et
873 2359 1034 2398 minime
1063 2360 1301 2405 tolerandus,
1331 2371 1411 2408 quo
1442 2359 1522 2396 uni-

126 2422 258 2447 versus
287 2412 456 2460 populus
486 2411 732 2450 Christianus
762 2413 1055 2460 scandalizatur,
1079 2421 1135 2451 cst
1161 2427 1206 2451 cx
1228 2412 1521 2463 impedimentis

127 2475 228 2512 quae
266 2465 482 2503 inferuntur
521 2465 715 2515 episcopis
755 2466 792 2504 in
836 2467 1121 2516 gubernatione
1167 2480 1324 2504 suarum
1375 2466 1519 2514 ovium,
