1715 2780
195 97 272 133 410
354 87 476 125 THE
507 86 925 125 DISPUTATIONS
955 86 1029 124 AT
1058 76 1288 132 ZURICH,
1325 96 1424 135 1523
1514 85 1586 131 185

193 199 282 243 No.
305 201 397 254 185.
445 200 553 244 The
584 198 957 254 proclamation
991 198 1048 242 of
1071 199 1158 242 the
1187 199 1323 243 First
1351 198 1582 253 Disputa-

653 258 776 309 tion,
807 268 834 310 3
865 257 982 309 Jan.
1013 267 1135 310 1523.

246 348 458 400 Tigurinae
480 349 718 400 reipublicae
740 350 892 389 Consul
921 355 1108 399 totusque
1129 347 1406 387 Diacosiorum
1427 355 1585 387 senatus

193 403 378 442 omnibus
400 412 438 443 et
458 403 619 454 singulis
640 404 893 442 ecclesiarum
914 402 1170 453 praesidibus,
1193 401 1383 452 plebanis,
1405 403 1585 452 parochis

193 465 231 495 et
247 458 353 496 verbi
375 457 561 496 ministris
576 459 615 495 in
635 457 794 496 urbibus
815 457 1068 496 comitatibus
1088 456 1274 495 dominiis
1291 464 1329 496 et
1343 455 1428 495 aliis
1444 455 1586 495 ditioni

193 519 349 550 nostrae
370 511 555 550 subiectis
580 511 675 551 locis
705 512 923 562 agentibus,
946 512 1111 550 salutem
1136 524 1226 549 cum
1254 510 1388 550 debita
1413 510 1585 550 benevo—

192 565 311 604 lentia
330 573 523 616 optamus.

248 620 409 658 Nemini
429 621 591 670 quidem
612 621 790 670 ignotum
813 633 898 658 esse
923 626 1108 670 putamus
1138 631 1239 669 quae
1260 625 1298 658 et
1319 625 1466 669 quanta
1484 618 1585 657 inter

193 673 373 723 publicos
394 674 646 713 ecclesiarum
664 674 861 712 ministros
877 681 914 712 et
931 673 1037 712 verbi
1054 686 1268 723 praecones
1284 672 1445 713 dissidia
1460 686 1584 723 nuper

193 736 325 766 exorta
359 727 447 767 sint.
519 728 692 777 Quidam
725 727 829 766 enim
852 741 892 766 se
927 727 1131 778 Evangelii
1165 727 1382 766 doctrinam
1415 728 1583 765 antehac

194 796 352 832 quoque
387 783 493 821 bona
524 784 603 821 fide
637 782 923 832 praedicavisse
953 782 1198 820 arbitrantur.
1261 781 1339 819 Alii
1371 794 1463 820 vero
1497 780 1583 819 illos

192 838 536 886 reprehendentes,
569 850 637 875 eos
666 850 740 875 nec
770 837 982 874 commode
1011 849 1084 874 nec
1114 837 1231 886 digne
1260 835 1457 874 vocationi
1491 848 1584 874 suae

193 890 425 929 satisfecisse
456 891 604 929 dicunt.
676 891 796 930 Unde
828 898 865 928 et
897 889 1043 940 priores
1074 890 1128 928 illi
1162 891 1234 928 hos
1262 902 1354 928 suae
1380 890 1583 928 doctrinae

195 945 507 994 reprehensores,
530 958 703 984 errorum
720 951 912 990 auctores,
935 945 1163 983 seductores
1184 951 1222 982 et
1242 943 1459 982 haereticos
1488 956 1583 981 non-

193 1012 397 1048 nunquam
428 998 645 1046 nominant,
669 1012 736 1037 eos
766 997 950 1036 nimirum
981 997 1047 1048 qui
1075 995 1166 1037 fidei
1193 1005 1231 1036 et
1261 996 1463 1036 doctrinae
1490 1010 1583 1036 suae

192 1051 385 1091 rationem
416 1054 629 1103 unicuique
654 1052 801 1103 petenti
832 1066 873 1091 se
903 1053 1124 1091 reddituros
1154 1065 1238 1090 esse
1267 1064 1471 1101 nunquam
1501 1064 1582 1090 non

192 1114 377 1156 prompto
405 1107 540 1145 animo
569 1108 814 1167 pollicentur.
873 1106 1124 1156 Quapropter
1146 1112 1189 1144 ut
1210 1105 1285 1144 Dei
1306 1106 1432 1144 honor
1450 1104 1581 1152 asseri,

193 1160 350 1209 publica
380 1174 455 1211 pax
483 1160 703 1200 conservari
725 1168 763 1199 et
784 1160 1007 1200 Christiana
1031 1159 1244 1199 concordia
1269 1159 1425 1219 retineri
1446 1158 1580 1209 possit,

192 1215 385 1261 volumus,
396 1214 666 1274 praecipimus
687 1223 725 1253 et
746 1215 980 1253 mandamus
1002 1221 1044 1252 ut
1065 1227 1203 1253 omnes
1218 1227 1300 1260 vos,
1317 1212 1384 1263 qui
1405 1212 1584 1252 ecclesia-

192 1281 277 1305 rum
308 1268 524 1307 ministerio
545 1276 583 1308 et
605 1283 643 1306 1n
664 1269 761 1307 urbe
782 1276 914 1307 nostra
934 1276 972 1306 et
997 1268 1035 1306 in
1056 1281 1148 1318 agro
1172 1269 1357 1318 praefecti
1384 1266 1475 1306 estis
1506 1266 1582 1317 (vel

194 1321 223 1359 si
254 1322 321 1371 qui
350 1322 414 1360 alii
444 1336 604 1373 quoque
633 1322 918 1361 concertationi
947 1322 1009 1360 isti
1039 1335 1124 1361 sese
1153 1321 1366 1372 adiungere
1386 1320 1522 1370 velint)
1544 1327 1583 1359 et

192 1377 397 1414 alterutros
427 1390 552 1415 errare
582 1376 800 1425 meliusque
830 1375 979 1414 institui
1000 1389 1114 1425 posse
1143 1374 1398 1423 arbitramini,
1418 1376 1469 1413 ad
1495 1376 1582 1412 xxix

196 1429 367 1467 Ianuarii
388 1429 494 1468 diem
515 1430 707 1468 matutina
727 1431 823 1468 hora
839 1429 878 1467 in
899 1428 1004 1468 urbis
1020 1438 1175 1468 nostrae
1189 1430 1296 1467 curia
1311 1428 1406 1467 citra
1421 1441 1580 1467 omnem

192 1485 551 1533 tergiversationem
581 1483 815 1534 congregati,
848 1483 1004 1522 divinae
1033 1484 1253 1533 Scripturae
1280 1482 1514 1522 testimoniis
1544 1490 1582 1520 et

192 1537 408 1576 rationibus
437 1551 483 1577 ea
512 1537 761 1588 impugnetis,
791 1551 891 1588 quae
913 1537 1024 1576 vobis
1052 1538 1149 1576 falso
1179 1536 1312 1576 doceri
1340 1544 1407 1574 aut
1436 1549 1583 1575 errores

192 1605 277 1630 esse
298 1591 491 1631 videntur.
549 1592 787 1632 Curabimus
808 1591 913 1630 enim
941 1598 983 1629 ut
1004 1598 1041 1630 et
1065 1604 1138 1630 nos
1157 1590 1334 1641 diligenti
1352 1590 1484 1629 studio
1505 1603 1583 1628 una

192 1659 283 1683 cum
318 1645 446 1684 doctis
485 1646 725 1696 quibusdam
756 1654 793 1684 et
827 1644 988 1684 eruditis
1015 1644 1104 1683 viris
1133 1644 1346 1695 (siquidem
1375 1644 1428 1683 ita
1466 1644 1581 1682 nobis

192 1701 449 1739 commodum
479 1713 564 1738 esse
593 1699 718 1738 visum
750 1699 838 1750 fuit)
859 1699 1011 1749 singula
1035 1698 1254 1746 audiamus,
1277 1706 1316 1737 et
1344 1697 1440 1748 quid
1466 1711 1582 1748 porro

193 1753 407 1803 unicuique
439 1754 665 1792 faciendum
700 1754 748 1792 sit
781 1754 892 1792 finito
926 1753 1124 1802 colloquio
1163 1754 1433 1799 decernamus,
1467 1758 1583 1801 prout

194 1820 353 1845 causam
375 1808 477 1846 hanc
498 1821 544 1846 ex
564 1807 849 1858 Scripturarum
870 1815 908 1845 et
928 1806 1050 1846 divini
1070 1806 1178 1845 verbi
1197 1805 1428 1845 auctoritate
1448 1812 1584 1844 tracta-

196 1868 275 1898 tam
290 1860 515 1899 viderimus‚
568 1863 765 1900 Nolumus
783 1862 888 1900 enim
910 1869 952 1899 ut
973 1860 1166 1899 unicuivis
1196 1862 1291 1898 citra
1310 1859 1466 1899 divinae
1487 1858 1583 1898 Scri—

196 1922 331 1963 pturae
364 1914 589 1952 testimonia
620 1915 775 1964 quidvis
806 1928 877 1965 pro
910 1914 1068 1964 publica
1097 1914 1290 1953 concione
1318 1926 1489 1952 asserere
1517 1920 1584 1951 aut

193 1969 336 2006 docere
353 1969 517 2017 posthac
531 1968 764 2018 permissum
783 1968 840 2007 sit.
885 1970 1088 2006 Praeterea
1104 1969 1152 2006 R.
1172 1969 1220 2005 D.
1237 1968 1583 2006 Constantiensem

195 2021 438 2072 Episcopum
456 2021 570 2060 huius
592 2022 757 2060 instituti
778 2021 900 2059 nostri
919 2022 1122 2060 certiorem
1143 2021 1342 2068 faciemus,
1366 2028 1408 2059 ut
1430 2028 1467 2059 et
1487 2020 1582 2071 ipse,

195 2077 225 2112 si
257 2077 370 2123 volet,
403 2077 462 2113 vel
497 2075 611 2125 legati
643 2075 763 2125 ipsius
795 2075 1051 2125 disputationi
1082 2074 1173 2112 huic
1204 2075 1390 2113 interesse
1419 2076 1580 2124 possint.

196 2130 318 2177 Quod
349 2129 379 2167 si
402 2142 493 2167 vero
514 2129 602 2178 quis
623 2138 711 2179 post
741 2131 837 2166 haec
868 2142 1026 2178 quoque
1056 2130 1329 2166 contumacius
1356 2141 1441 2166 sese
1465 2141 1582 2166 sanae

193 2183 396 2222 doctrinae
417 2196 616 2232 opponere
637 2184 819 2232 coeperit,
844 2195 915 2220 nec
936 2182 1063 2231 dignis
1085 2195 1215 2220 sacrae
1236 2182 1456 2232 Scripturae
1475 2195 1583 2231 argu-

195 2237 337 2275 mentis
359 2251 428 2275 sua
448 2237 630 2287 probarit,
654 2236 693 2274 in
714 2250 804 2274 eum
825 2250 896 2286 pro
924 2237 976 2274 rei
1004 2236 1235 2286 indignitate
1254 2235 1417 2286 graviori
1438 2234 1583 2274 iudicio

193 2290 552 2330 animadvertemus
570 2305 578 2338 ;
608 2291 785 2340 quamvis
806 2303 852 2329 ea
873 2290 1052 2328 molestia
1073 2298 1151 2328 tam
1168 2303 1240 2328 nos
1257 2290 1362 2340 ipsos
1378 2302 1496 2339 quam
1513 2302 1582 2327 vos

196 2345 379 2383 liberatos
402 2345 594 2383 malimus.
639 2346 848 2394 Speramus
869 2351 999 2382 autern
1023 2343 1241 2382 Dominum
1261 2345 1390 2382 Deum
1413 2356 1492 2389 eos,
1515 2341 1581 2391 qui

196 2398 365 2437 veritatis
386 2400 513 2438 lucem
538 2406 646 2437 tanto
667 2398 797 2437 studio
820 2397 1030 2448 inquirunt,
1055 2399 1108 2435 sic
1130 2398 1409 2436 illustraturum
1434 2410 1518 2435 esse
1539 2403 1580 2433 ut

195 2466 266 2490 ceu
289 2452 354 2490 filii
376 2453 472 2491 lucis
495 2453 533 2491 in
554 2455 640 2491 luce
661 2453 823 2501 posthac
845 2452 1045 2490 ambulare
1068 2452 1271 2501 possimus.
