1715 2780
220 68 293 102 144
387 56 507 93 THE
540 54 769 93 MISSION
801 54 871 92 OF
902 53 1250 100 CAMPEGGIO,
1288 65 1442 104 1523-4
1563 61 1611 100 73

216 158 395 198 Christus
428 158 597 208 requirit,
632 158 840 207 inquiens:
884 159 946 195 Sic
976 159 1099 195 luceat
1130 159 1200 194 lux
1232 163 1368 204 vestra,
1405 161 1485 204 &c.,
1522 171 1611 195 cum

217 212 358 251 vestitu
379 213 548 251 honesto
569 211 765 259 incedant,
784 225 902 262 quarn
926 212 1070 249 Paulus
1089 210 1183 249 alibi
1205 211 1464 262 praescripsit.
1509 213 1613 260 Qua-

217 274 374 317 propter
395 265 578 316 singulari
599 279 691 304 cura
716 266 894 304 intendat
917 266 1085 315 quisque
1106 266 1305 303 Praelatus
1328 278 1379 304 ne
1408 265 1448 304 hi
1469 265 1612 316 quibus

216 328 381 371 praeest,
419 320 459 358 in
499 320 616 358 sacris
654 319 858 358 ordinibus
901 318 1116 366 constituti,
1154 326 1281 358 vestes
1319 318 1413 357 varii
1460 319 1614 368 coloris,

217 374 337 413 veluti
358 374 522 425 virgatas
544 382 581 413 et
603 374 816 412 fimbriatas
843 375 1020 412 deferant
1041 374 1111 412 sed
1131 372 1257 423 longis
1280 380 1399 423 atque
1428 373 1613 412 talaribus

216 436 385 476 utantur,
409 429 515 466 nulla
536 442 643 466 arma
670 428 847 474 induant,
870 426 944 465 nisi
971 426 1212 474 itinerantes,
1232 427 1476 477 barbamque
1495 434 1613 478 atque

216 495 373 522 comam
407 496 487 521 non
526 481 709 528 nutriant,
742 494 928 520 coronam
961 488 998 519 et
1032 488 1233 519 tonsuram
1267 482 1501 530 deferentes,
1530 489 1614 520 tum

217 549 467 586 summopere
506 543 685 574 curantes
725 549 775 574 ne
815 548 933 585 quem
968 534 1156 574 laicorum
1195 534 1420 574 indecentia
1453 535 1614 575 vestitus

217 591 430 629 offendant.
463 621 470 628 .
503 621 510 628 .
544 620 551 628 .

273 658 306 694 3.
340 646 507 694 Insuper
536 643 718 682 tabernas
747 642 925 693 publicas
955 642 1111 690 evitent,
1143 642 1219 682 nisi
1248 656 1313 682 eas
1343 656 1502 694 peregre
1531 656 1613 696 pro-

218 698 436 737 ficiscentes
476 697 626 748 ingredi
658 705 848 748 oporteat,
880 704 918 735 et
944 705 1023 735 tam
1052 696 1149 735 inibi
1176 710 1295 747 quam
1321 697 1432 736 domi
1455 705 1494 736 et
1522 697 1616 736 alibi

216 765 239 790 a
272 753 440 802 crapula,
475 751 739 799 ebrietatibus,
771 750 959 801 omnique
998 752 1093 790 ludo
1125 764 1148 789 a
1181 750 1264 789 iure
1293 751 1504 801 prohibito,
1538 752 1615 790 bla-

217 805 416 856 sphemiis,
439 805 527 843 rixis
548 819 594 844 ac
614 805 698 843 aliis
719 804 1023 855 quibuscunque
1038 804 1262 843 excessibus
1278 812 1316 843 et
1332 805 1616 844 offensionibus

217 859 372 909 penitus
401 859 648 906 abstineant,
679 860 840 897 choreas
870 860 1173 909 spectaculaque
1200 866 1238 897 et
1258 858 1437 898 convivia
1458 859 1617 909 publica

217 915 350 960 vitent,
373 927 422 952 ne
452 914 505 952 ob
534 915 668 951 luxum
690 912 1026 963 petulantiamque
1056 925 1190 951 eorum
1219 925 1366 951 nomen
1387 913 1617 951 ecclesiasti-

217 980 307 1005 cum
330 969 431 1006 male
450 967 595 1006 audiat.

273 1035 307 1069 4.
350 1023 534 1071 Cumque
564 1022 783 1059 secundum
812 1022 1049 1070 Apostolum
1076 1022 1200 1058 lVemo
1227 1021 1400 1059 militans
1428 1023 1515 1059 Deo
1544 1035 1618 1060 sese

219 1076 374 1124 negotiis
392 1075 622 1112 secularibus
641 1076 835 1124 implicare
853 1075 991 1121 debeat,
1011 1073 1158 1113 nemini
1180 1073 1294 1113 liceat
1313 1082 1450 1113 contra
1465 1075 1617 1126 provin-

218 1128 330 1167 cialia
351 1136 494 1167 statuta
515 1136 552 1167 et
574 1128 777 1178 synodalia
805 1127 915 1167 domi
936 1141 1029 1166 suae
1049 1128 1252 1166 tabernam
1280 1129 1616 1179 compotandique

219 1185 349 1221 locum
371 1182 519 1233 aperire
541 1182 659 1230 laicis,
683 1182 871 1232 quoniam
893 1196 974 1221 non
995 1195 1079 1220 raro
1104 1182 1215 1232 sequi
1239 1184 1367 1221 solent
1387 1183 1614 1222 ebrietatem

220 1237 332 1283 rixae,
365 1238 507 1275 caedes
537 1244 575 1275 et
597 1238 720 1274 multa
749 1237 825 1275 hoc
859 1249 982 1286 genus
1012 1237 1158 1275 scelera
1197 1249 1298 1286 quae
1332 1238 1614 1276 sacerdotalem

219 1292 400 1340 polluunt
414 1290 657 1340 dignitatem.
705 1293 907 1329 Praeterea
924 1290 1255 1340 negotiationibus
1273 1290 1616 1342 mercimoniisque

219 1357 327 1383 more
348 1352 608 1383 mercatorum
629 1344 862 1383 abstineant.

276 1410 309 1448 5.
355 1399 587 1437 Sacerdotes
621 1406 753 1437 autem
786 1398 908 1437 curati
942 1398 1089 1448 quique
1122 1399 1246 1437 vicem
1279 1412 1414 1438 eorum
1446 1400 1615 1438 referunt

220 1452 400 1490 subditos
422 1452 460 1490 in
482 1452 665 1491 remediis
687 1461 724 1491 et
745 1452 829 1491 aliis
856 1452 1004 1491 iuribus
1019 1452 1309 1502 parochialibus
1330 1454 1430 1492 ultra
1449 1466 1495 1492 ea
1514 1466 1616 1503 quae

221 1506 292 1543 sibi
311 1507 360 1544 de
374 1505 455 1545 iure
471 1507 666 1545 debentur
683 1519 761 1545 non
778 1513 951 1556 gravent,
967 1507 1145 1556 ultraque
1166 1506 1457 1556 depositionem
1478 1520 1546 1546 eos
1566 1508 1616 1546 ad

222 1561 466 1609 peractiones
488 1560 663 1610 Septimi,
683 1560 889 1599 Tricesimi
906 1561 966 1598 vel
980 1559 1244 1599 Anniversarii
1265 1560 1396 1610 peragi
1416 1560 1616 1600 faciendas

222 1626 301 1651 non
337 1621 478 1663 cogant
495 1628 504 1661 ;
549 1622 633 1652 tum
672 1622 824 1664 praeter
854 1613 1074 1652 oblationes
1108 1613 1215 1653 festis
1246 1614 1503 1653 sollemnibus
1535 1614 1615 1654 fieri

222 1667 366 1713 solitas,
382 1681 471 1706 cum
494 1668 558 1706 illa
578 1681 649 1718 pro
669 1668 827 1707 arbitrio
848 1667 929 1706 fieri
951 1668 1133 1715 debeant,
1151 1667 1246 1706 alias
1266 1681 1347 1707 non
1368 1668 1532 1719 exigant.

277 1723 310 1758 6.
345 1723 406 1759 De
436 1723 634 1772 sepultura
663 1734 823 1772 quoque
850 1734 896 1759 ac
922 1721 1261 1760 administratione
1281 1729 1615 1761 sacramentorum

221 1774 385 1824 aliisque
406 1775 671 1825 spiritualibus
692 1775 837 1826 pacisci
857 1784 923 1813 aut
944 1775 1092 1825 aliquid
1112 1776 1163 1814 ab
1184 1775 1306 1815 invito
1326 1775 1478 1826 exigere
1497 1789 1616 1814 nemo

222 1828 343 1877 possit
373 1837 439 1867 aut
469 1829 622 1876 debeat,
647 1836 685 1868 et
714 1836 871 1880 propter
891 1829 1085 1868 eiusmodi
1115 1842 1137 1867 a
1166 1829 1412 1880 parochianis
1440 1831 1617 1880 neglecta

223 1881 406 1931 cuiquam
437 1896 518 1921 non
547 1882 662 1921 liceat
691 1884 853 1933 aliquod
887 1890 1221 1921 sacramentorum
1250 1884 1454 1932 denegare,
1487 1896 1616 1933 neque

222 1943 379 1985 propter
400 1936 533 1975 debita
554 1936 780 1987 quempiam
808 1937 859 1975 ab
887 1936 1151 1975 ecclesiastica
1171 1938 1370 1987 sepultura
1395 1936 1613 1987 prohibere.

224 1990 466 2028 Parochialia
494 1998 627 2029 tamen
657 1990 752 2039 iura,
779 2004 880 2040 quae
910 2003 1002 2028 usus
1032 1990 1177 2040 recepit
1207 1998 1244 2029 et
1278 1991 1474 2030 debentur
1505 1991 1615 2029 altari

223 2042 415 2091 servienti,
437 2056 506 2095 per
526 2044 726 2094 praedicta
746 2057 827 2083 non
847 2045 1093 2095 abrogamus.

280 2109 312 2144 7.
345 2098 448 2136 Cum
476 2105 608 2137 autem
636 2098 675 2136 in
696 2098 921 2137 diocesibus
951 2111 1032 2137 non
1060 2099 1108 2137 sit
1136 2099 1275 2137 eadem
1300 2100 1548 2137 consuetudo
1577 2106 1614 2138 et

224 2149 322 2188 inter
356 2152 536 2190 subditos
570 2159 608 2191 et
639 2160 814 2202 pastores
849 2154 971 2190 multa
1005 2160 1043 2191 et
1075 2151 1178 2191 varia
1208 2159 1408 2201 emergant
1441 2152 1613 2200 dissidia,

225 2204 446 2252 pastoribus
477 2205 716 2255 quibusdam
748 2207 859 2256 plura
893 2205 1044 2256 exigere
1075 2204 1290 2256 propensis,
1322 2205 1489 2244 subditis
1522 2219 1615 2245 vero

223 2257 275 2294 ob
296 2260 499 2307 penuriam
521 2266 558 2297 et
579 2267 791 2309 egestatem
813 2259 1115 2297 reclamantibus
1145 2266 1183 2297 et
1211 2259 1494 2307 recusantibus,
1516 2261 1616 2299 ordi-

224 2322 363 2348 namus
393 2314 501 2360 quod
531 2313 695 2362 quilibet
725 2313 955 2352 Ordinarius
990 2313 1087 2350 infra
1117 2325 1182 2350 sex
1212 2325 1366 2351 menses
1392 2320 1481 2363 post
1510 2325 1616 2364 prae-

224 2363 394 2402 sentium
429 2365 738 2414 publicationem
773 2398 780 2405 .
819 2396 826 2405 .
862 2397 869 2404 .
907 2380 1022 2416 super
1055 2365 1263 2416 praedictis
1298 2373 1444 2405 certam
1486 2367 1613 2417 legem

223 2416 592 2467 ordinationemque
622 2433 700 2458 una
729 2433 819 2459 cum
848 2420 1074 2470 Principum
1101 2427 1167 2458 aut
1194 2420 1458 2459 Dominorum
1484 2433 1615 2460 saecu-

224 2469 361 2508 larium
400 2471 576 2519 consilio,
617 2486 716 2522 quos
764 2475 837 2512 ista
879 2473 1033 2523 negotia
1076 2481 1250 2523 tangunt,
1297 2473 1518 2521 constituat,
1564 2486 1613 2511 ne
