1715 2780
9 2412 37 2543 l‘

99 91 215 130 132a
336 81 593 126 NORWAY,
626 81 744 119 AND
780 81 1043 125 1CELAN1)‚
1081 91 1261 129 15377-40
1421 94 1489 130 331

98 185 348 225 ministerium
379 185 491 223 Verbi
515 190 552 222 et
579 185 925 223 Sacrameutorum.
982 183 1106 221 Nemo
1134 184 1233 221 euim
1254 190 1329 234 per
1352 196 1397 230 se,
1421 197 1496 221 nou

97 245 252 280 vocatus
270 240 353 287 rite,
374 240 500 278 subire
519 239 772 278 ministerium
794 238 834 277 iu
864 238 1033 276 Ecclesia
1053 238 1165 284 debet,
1187 242 1260 275 aut
1268 238 1495 288 parochiam

99 295 277 334 invadere
306 324 314 332 .
345 324 352 331 .
387 324 393 331 .

148 378 156 387 .
179 379 186 387 .
211 378 219 386 .
241 347 436 398 Suscipiat
457 361 547 386 eum
571 346 638 400 [sc.
663 349 832 385 electum
853 344 1144 398 presbyterum]
1161 347 1497 396 Superattendens

96 402 136 442 in
155 403 346 453 templum
367 401 545 449 civitatis,
562 401 630 440 ubi
647 400 809 448 habitat,
828 408 866 439 et
882 413 1014 439 coram
1030 399 1140 439 altari
1156 399 1316 451 publice
1332 400 1387 438 sic
1404 414 1494 439 eum

95 456 259 504 ordinet,
281 457 355 495 hac
374 455 599 495 ceremonia
617 471 623 494 :

150 511 336 557 Primum,
366 518 455 561 post
485 511 627 549 lectam
657 508 876 560 Epistolam
901 510 941 547 in
972 509 1106 557 Missa,
1132 522 1232 547 unus
1261 523 1307 547 ex
1337 509 1495 559 presby-

97 565 186 604 teris
205 565 394 604 ascendat
414 572 651 615 suggestum,
675 572 713 603 et
734 563 850 610 dicat,
882 564 993 602 illum
1021 565 1161 611 virum,
1184 564 1239 602 JV.
1257 568 1429 602 vocatum
1450 565 1497 602 ab

94 620 238 658 ecclesia
270 621 324 658 JV.
358 620 413 657 ad
439 620 635 668 publicum
674 619 778 656 sacri
815 618 1026 668 Evangelii
1060 618 1325 665 ministerimz,
1361 619 1496 656 lzabere

95 675 230 712 bonum
264 674 516 727 testimouium
551 673 662 719 vitae,
696 674 803 722 apud
833 673 942 711 illam
985 673 1180 719 ecclesiam,
1206 673 1417 722 probatum
1449 674 1497 710 ab

93 729 278 779 Episcopo
307 729 348 766 in
375 728 548 766 doctriua
576 728 722 765 sincera
736 742 753 772 ,·
790 728 910 764 sVuuc
934 726 1194 764 ordinandum
1223 728 1277 764 ad
1296 728 1363 764 lloc
1388 727 1495 765 illius

93 783 256 820 ecclesiae
301 782 461 831 officium
507 794 632 819 coram
679 782 811 828 altari,
859 794 967 818 sacra
1012 781 1171 828 lectione,
1221 781 1493 828 exhortatione,

96 850 279 874 manuum
295 836 540 886 impositione,
559 841 595 873 et
611 836 793 874 oratioue.
834 836 978 873 Idcirco
998 835 1201 873 exhortari
1218 848 1254 872 se
1274 840 1319 872 ut
1328 837 1497 885 populus

93 891 246 930 interim
265 896 346 929 oret
363 896 399 929 et
421 891 647 929 commendet
670 890 890 928 uu'm'strum
914 903 995 927 cum
1018 889 1228 927 ministerio
1253 891 1340 927 Deo
1367 894 1412 927 ut
1432 890 1498 927 lcoc

93 946 198 983 cedat
214 945 255 984 in
279 945 447 994 gloriam
466 945 551 983 Dei
572 950 608 982 et
638 946 799 982 salutem
830 945 1038 981 multorum
1054 958 1073 987 ,·
1105 957 1169 981 uec
1196 944 1323 982 miuus
1340 945 1496 992 gratias

92 1005 185 1048 agat
194 1000 281 1038 Deo
291 1006 367 1050 per
383 999 593 1046 Christum,
617 1000 719 1048 quod
725 999 1011 1048 praedicatores
1030 1011 1121 1036 suae
1133 998 1322 1036 Ecclesiae
1343 998 1464 1036 mittit
1479 1012 1493 1040 ,-

93 1054 273 1103 siquidem
303 1054 393 1091 llaec
418 1059 511 1091 suut
537 1054 637 1091 dona
660 1066 756 1101 quae
787 1053 968 1091 Christus
997 1054 1194 1090 ascendens
1219 1065 1309 1090 suae
1337 1053 1499 1091 donavit

92 1109 265 1156 ecclesiae,
289 1114 334 1146 ut
350 1112 406 1145 est
425 1108 524 1157 Eph.
549 1107 598 1146 iv.
622 1105 679 1159 [8]
701 1108 914 1145 Asceudeus
934 1108 974 1143 iu
994 1108 1128 1154 altum,
1152 1109 1224 1145 &o

147 1161 304 1201 Deinde
324 1168 509 1200 cantante
529 1162 675 1209 schola,
702 1161 800 1208 Veni,
824 1162 960 1200 Saucte
990 1162 1168 1211 Spiritus,
1193 1160 1342 1208 Latine,
1362 1174 1493 1199 coram

93 1216 201 1255 altari
214 1216 458 1266 geniculatur
474 1215 729 1263 ordinandus,
748 1229 838 1254 cum
852 1214 1002 1265 aliquot
1019 1214 1254 1265 presbyteris
1270 1215 1337 1265 qui
1356 1216 1495 1254 adesse

93 1278 282 1320 possunt3
311 1278 348 1309 et
379 1271 714 1320 Superattendens
744 1278 850 1308 stans
881 1271 932 1308 ad
966 1271 1095 1316 altare,
1128 1269 1233 1308 dicat
1260 1269 1492 1316 Collectam,

94 1326 202 1363 Deus
229 1326 301 1374 qui
324 1326 437 1363 corda
455 1325 636 1374 fidelium
666 1325 803 1363 Sancti
829 1325 1013 1373 Spiritus,
1037 1325 1106 1362 &o
1168 1322 1338 1370 Deinde,
1361 1337 1494 1362 versus

92 1379 143 1418 ad
163 1380 365 1429 populum,
389 1380 490 1429 legat
515 1392 665 1417 sacram
693 1377 904 1417 lectionem
936 1379 986 1417 de
1014 1377 1220 1428 episcopis,
1245 1392 1291 1416 ex
1316 1378 1493 1428 Epistola

93 1433 143 1471 ad
171 1432 319 1480 Titum,
351 1432 498 1483 vulgari
529 1446 721 1471 sermone.
782 1434 876 1471 Post
910 1431 1134 1479 lectionem,
1166 1439 1361 1482 proponat
1395 1432 1494 1471 ordi-

94 1487 226 1526 nando
247 1488 434 1526 mandata
453 1488 503 1526 de
526 1487 741 1537 Evangelio
762 1486 912 1525 sincere
942 1486 1210 1537 praedicando
1235 1494 1273 1525 et
1294 1487 1344 1525 de
1365 1487 1495 1525 Sacra-

95 1542 235 1580 mentis
256 1548 360 1580 recte
379 1540 701 1581 administrandis
719 1556 728 1589 3
758 1540 904 1580 deinde
926 1549 967 1579 ut
994 1548 1098 1579 recte
1125 1541 1267 1579 doceat
1288 1541 1338 1580 de
1363 1541 1495 1591 poeni-

93 1595 227 1643 tentia,
257 1596 308 1635 de
328 1608 455 1643 cruce,
478 1596 528 1634 de
556 1595 782 1645 magistratu
807 1603 845 1634 et
876 1594 1114 1642 obedientia,
1148 1595 1197 1633 de
1228 1594 1342 1633 bonis
1373 1595 1494 1644 operi<

94 1649 179 1697 buS‚
202 1657 240 1688 et
270 1649 421 1688 resistat
442 1663 510 1700 per
531 1663 666 1688 sanam
694 1649 915 1688 doctrinam
937 1648 1143 1694 erroribus,
1166 1656 1203 1686 et
1226 1657 1266 1686 ut
1288 1648 1494 1697 diligenter

95 1704 250 1742 studeat
271 1703 388 1742 saeris
409 1703 555 1750 litteris,
575 1704 622 1742 sit
643 1717 803 1753 quoque
819 1703 1001 1741 assiduus
1024 1702 1062 1740 in
1080 1702 1266 1740 oratione.
1312 1703 1377 1740 Ad
1394 1715 1494 1752 quae

94 1757 238 1805 omnia,
260 1765 394 1808 aperta
414 1770 522 1804 voce,
545 1770 676 1796 coram
699 1757 884 1796 omnibus
906 1758 1152 1807 respondeat,
1177 1770 1261 1795 sese
1284 1758 1380 1795 haec
1411 1757 1494 1795 dili-

93 1819 227 1861 genter
247 1819 470 1850 curaturum
491 1813 710 1850 secundum
730 1812 892 1861 gratiam
916 1811 1002 1849 Dei.

150 1867 307 1904 Deinde
338 1867 560 1916 Episcopus
590 1865 670 1904 sive
698 1866 1032 1916 Superattendens
1060 1879 1149 1904 cum
1173 1865 1406 1916 presbyteris
1429 1867 1495 1904 im-

97 1928 217 1970 ponat
238 1919 460 1959 ordinando
490 1933 641 1967 manuS,
665 1927 703 1959 et
733 1928 816 1958 oret
843 1928 977 1970 aperta
1006 1933 1104 1958 voce
1134 1919 1350 1970 vulgariter,
1373 1921 1497 1958 Pater

97 1979 222 2012 noster
237 1989 245 2021 3
275 1981 312 2012 et
327 1975 449 2013 addat
465 1973 696 2021 Collectam,
715 1975 765 2013 ad
787 1976 863 2013 hoc
880 1975 1034 2021 factam,
1054 1975 1138 2013 sine
1154 1982 1250 2013 tono
1268 1991 1274 2013 :
1305 1982 1343 2012 et
1360 1975 1399 2012 in
1417 1975 1494 2012 fine

96 2026 227 2067 iubeat
241 2035 364 2067 totam
377 2028 584 2067 ecclesiam
599 2030 837 2079 respondere
849 2030 984 2067 Amen.
1015 2030 1111 2067 Mox
1123 2028 1275 2067 canitur
1288 2028 1495 2078 vulgariter

96 2082 215 2120 qunc
231 2089 440 2132 precamur
457 2084 639 2122 Sanctum
661 2083 863 2133 Spiritum,
886 2082 1033 2133 integre
1062 2096 1153 2121 cum
1175 2082 1361 2121 omnibus
1383 2083 1494 2120 versi-

96 2135 191 2176 bus„
240 2137 401 2176 Interim
422 2138 756 2187 Superattendens
785 2136 1029 2187 geniculatur
1057 2150 1188 2176 coram
1208 2137 1330 2183 altari,
1352 2144 1389 2174 et
1411 2146 1494 2174 orat

97 2197 257 2228 secreto.
315 2191 447 2229 Finito
461 2204 552 2230 vero
567 2190 693 2241 primo
709 2205 822 2230 versu
836 2190 989 2239 cantici,
1006 2191 1126 2241 surgit
1142 2198 1180 2230 et
1194 2198 1267 2229 stat
1281 2192 1400 2228 altare
1418 2203 1496 2228 ver-

99 2256 163 2282 sus
183 2251 221 2282 et
242 2244 357 2283 simul
379 2253 541 2295 surgunt
561 2245 624 2283 alii
647 2245 862 2295 presbyteri
883 2259 973 2284 curn
995 2245 1177 2284 ordinato
1195 2261 1201 2284 ;
1229 2252 1266 2284 et
1291 2244 1494 2282 ordinatus

97 2296 239 2347 accipit
259 2297 334 2336 sibi
358 2300 489 2338 locum
517 2312 597 2337 non
620 2300 755 2349 procul
776 2299 827 2337 ab
852 2299 973 2347 altari,
997 2306 1039 2337 ut
1062 2298 1229 2349 accipiat
1250 2297 1494 2336 communio-

100 2364 191 2389 nem
205 2364 353 2391 sacram
373 2367 382 2400 3
410 2354 461 2392 ad
474 2366 593 2403 quam
611 2367 702 2403 prae
723 2353 860 2392 ceteris
874 2360 969 2392 tunc
990 2353 1138 2404 primus
1155 2352 1275 2391 debet
1291 2352 1490 2390 accedere.

154 2406 215 2443 Ita
243 2407 318 2444 hoc
341 2414 467 2445 totum
494 2407 695 2457 negotium
719 2407 989 2446 Ordinationis
1013 2406 1245 2457 perficietur,
1275 2406 1494 2443 secundum

100 2457 247 2497 dictum
269 2460 375 2498 Pauli
392 2475 402 2507 3
436 2462 629 2500 Creatura
649 2462 911 2511 sanctificatur
921 2468 996 2510 per
1019 2463 1032 2498 I
1044 2462 1174 2498 'erbum
1200 2467 1235 2497 et
1259 2460 1492 2499 Orationem.
