1715 2780
149 110 224 160 278
405 111 525 151 THE
557 111 694 151 DIET
724 111 796 151 OF
825 111 1144 159 AUGSBURG,
1179 123 1279 163 1530
1469 117 1537 154 116

147 217 280 265 Quare
303 229 385 254 non
406 223 464 255 est
487 217 737 255 sentiendum
761 216 869 266 quod
889 215 1118 255 huiusmodi
1144 215 1437 257 observationes
1461 216 1539 256 sint

143 269 385 309 necessarius
406 272 544 309 cultus.

206 337 262 371 14.
295 325 463 363 Addunt
483 324 709 363 testimonia
736 338 781 363 ex
808 323 1017 375 Scriptura.
1077 323 1256 364 Christus
1302 325 1445 363 Matth.
1486 339 1536 363 xv

145 385 305 416 excusat
334 380 559 428 Apostolos,
592 378 658 428 qui
682 391 763 416 non
788 384 1034 417 servaverant
1061 377 1243 417 usitatam
1273 377 1535 426 traditionem,

146 445 247 481 quae
279 439 412 471 tamen
441 432 647 471 videbatur
678 433 728 471 de
762 445 802 471 re
829 445 910 470 non
942 431 1085 479 illicita,
1108 433 1178 471 sed
1210 431 1341 471 media
1374 445 1470 479 esse,
1499 439 1537 471 et

147 486 291 525 habere
308 486 583 536 cognationem
598 499 688 524 cum
701 485 1003 536 baptismatibus
1017 485 1111 536 legis
1126 500 1135 533 ;
1165 493 1203 524 et
1222 485 1317 524 dicit
1334 501 1341 524 z
1370 488 1538 524 Frustra

145 541 273 578 colunt
284 554 339 578 me
354 542 548 578 mandatis
559 541 764 578 hominum.
821 539 943 590 Igitur
955 553 1036 578 non
1050 540 1166 590 exigit
1179 540 1328 578 cultum
1345 539 1537 578 inutilem.

148 595 198 632 Et
227 595 345 643 paulo
374 602 462 644 post
492 594 627 632 addit:
661 595 782 633 Omne
813 596 916 642 qnod
941 595 1070 631 intrat
1096 594 1137 632 in
1168 606 1218 641 os,
1254 607 1328 631 non
1358 595 1542 643 inquinat

145 648 342 686 hominem.
407 660 464 697 15.
497 649 599 686 Item
630 649 774 686 Paulus
804 649 972 686 Roman.
1005 647 1092 685 xiv:
1148 649 1325 697 Regnum
1353 649 1437 686 Dei
1461 661 1537 686 non

145 707 200 739 est
225 715 302 739 esca
330 707 402 739 aut
415 708 545 751 potus.
603 702 756 741 Coloss.
779 701 804 739 ii
825 716 832 740 z
861 703 986 740 Nemo
1011 702 1148 740 iudicet
1173 714 1238 740 vos
1261 702 1302 740 in
1328 702 1413 749 cibo,
1424 708 1534 751 potu,

144 756 299 793 sabbato
328 762 399 793 aut
424 757 483 794 die
508 756 623 805 festo.
681 757 806 794 Item:
837 756 886 794 Si
910 756 1056 794 mortui
1079 756 1165 793 estis
1192 768 1274 794 cum
1309 757 1463 795 Christo
1490 757 1538 793 ab

144 810 331 847 elementis
364 811 509 857 mzmdi,
549 823 666 859 quare
705 815 902 859 tamquam
936 811 1100 848 viventes
1136 810 1177 848 in
1217 811 1357 847 mundo
1393 811 1536 848 decreta

134 863 297 912 facitis:
342 878 387 901 me
423 865 604 913 attingas,
635 878 679 901 ase
702 870 838 913 3,ηςίες
872 877 917 901 ne
949 868 1144 901 contrectes
1158 867 1174 902 ‚2
1234 866 1293 902 16.
1323 865 1457 902 Actor.
1488 877 1536 902 xv

145 917 198 955 ait
238 919 398 956 Petrus:
451 919 583 966 Quam
622 919 776 956 tentatis
813 919 954 965 Deum,
995 918 1224 967 imponentes
1261 919 1320 967 ign
1307 931 1392 955 ffum
1424 924 1539 967 super

143 972 296 1009 (emices
313 973 594 1021 ἅῑὲίζρῑιίονηηι,
620 974 721 1021 quod
739 985 852 1021 neque
877 985 942 1009 7205
963 985 1077 1021 neque
1086 977 1224 1022 patres
1247 973 1372 1010 nostri
1382 978 1540 1021 portare

135 1026 335 1074 potuimus
349 1029 366 1064 .?
422 1027 498 1064 Sed
506 1033 582 1075 per
595 1027 766 1075 gratiam
796 1027 964 1064 Domini
987 1027 1112 1064 nostri
1137 1027 1224 1064 Iesu
1255 1026 1406 1065 Christi
1427 1028 1538 1065 credi-

146 1093 229 1117 mus
253 1081 414 1127 salvari,
437 1081 748 1129 quemadmodum
779 1085 815 1117 et
843 1081 913 1118 illi.
973 1081 1053 1118 Hic
1078 1087 1183 1118 vetat
1211 1082 1347 1118 Petrus
1376 1093 1538 1120 onerare

146 1133 407 1172 conscientias
442 1133 619 1184 pluribus
658 1133 795 1172 ritibus
835 1135 914 1172 sive
954 1133 1072 1180 Mosi,
1109 1133 1190 1172 sive
1227 1133 1322 1172 aliis.
1394 1147 1454 1184 17.
1485 1138 1537 1174 Et

150 1202 165 1225 1
207 1188 380 1226 Timoth.
416 1189 453 1225 iv
492 1195 604 1227 vocat
636 1187 943 1238 prohibitionem
982 1187 1162 1226 ciborum
1196 1188 1415 1227 doctrinam
1448 1190 1538 1228 dae-

146 1242 381 1289 moniorum,
413 1243 505 1291 quia
533 1249 681 1292 pugnat
710 1255 799 1280 cum
825 1241 1038 1291 evangelio,
1069 1241 1160 1280 talia
1189 1255 1306 1292 opera
1334 1242 1534 1282 instituere

144 1302 211 1333 aut
231 1296 368 1342 facere,
395 1303 437 1333 ut
464 1309 532 1345 per
557 1309 603 1333 ea
629 1308 848 1334 mereamur
873 1297 1046 1346 gratiam,
1075 1303 1142 1334 aut
1167 1297 1383 1346 quod-non
1411 1297 1536 1347 possit

145 1348 327 1388 exsistere
349 1349 670 1388 Christianismus
692 1349 775 1387 sine
795 1349 861 1387 tali
881 1351 999 1388 cultu.

204 1405 261 1440 18.
294 1402 374 1441 Hic
401 1402 593 1441 obiiciunt
621 1403 841 1450 adversarii,
873 1405 982 1453 quod
1008 1406 1129 1443 nostri
1157 1404 1393 1454 prohibeant
1422 1405 1535 1444 disci-

143 1457 289 1506 plinam
330 1464 368 1495 et
407 1456 746 1496 mortificationem
782 1457 919 1505 carnis,
956 1457 1055 1496 sicut
1088 1458 1327 1497 Iovinianus.
1386 1461 1535 1498 Verum

143 1510 250 1549 aliud
280 1512 597 1560 deprehendetur
617 1525 663 1549 ex
692 1511 843 1560 scriptis
865 1519 1098 1550 nostrorum.
1155 1513 1318 1562 Semper
1341 1512 1447 1551 enirn
1468 1514 1535 1552 do-

144 1572 309 1603 cuerunt
329 1566 379 1603 de
399 1578 525 1612 cruce,
541 1567 649 1614 quod
664 1565 908 1604 Christianos
921 1573 1099 1615 oporteat
1115 1567 1278 1604 tolerare
1293 1566 1534 1606 afflictiones.

146 1620 260 1657 Haec
280 1626 338 1657 est
358 1632 458 1666 vera,
482 1619 580 1657 seria
595 1627 632 1657 et
648 1632 729 1657 non
750 1619 932 1657 simulata
952 1619 1211 1667 mortificatio,
1229 1620 1343 1659 variis
1362 1620 1535 1659 afflictio-

143 1672 259 1711 nibus
280 1672 447 1711 exerceri
467 1680 505 1711 et
525 1672 698 1723 crucifigi
717 1686 807 1711 cum
829 1672 999 1713 Christo.

202 1740 259 1776 19.
306 1729 473 1776 Insuper
511 1728 656 1766 docent
694 1728 801 1777 quod
840 1727 1005 1776 quilibet
1037 1727 1283 1767 Christianus
1317 1727 1459 1766 debeat
1493 1741 1534 1766 se

144 1780 335 1830 corporali
359 1780 566 1830 disciplina
591 1788 658 1818 aut
685 1781 952 1830 corporalibus
982 1781 1172 1820 exercitiis
1197 1789 1234 1820 et
1257 1781 1457 1820 laboribus
1478 1782 1533 1819 sic

143 1847 321 1872 exercere
342 1841 380 1872 et
400 1847 590 1882 coercere,
609 1848 658 1873 ne
679 1836 858 1873 saturitas
879 1842 945 1873 aut
960 1834 1111 1873 desidia
1128 1835 1349 1873 exstimulet
1369 1836 1420 1874 ad
1440 1848 1533 1885 pec-

143 1889 327 1935 candum,
351 1901 431 1925 non
452 1896 493 1926 ut
514 1902 582 1938 per
603 1888 666 1926 illa
693 1888 874 1927 exercitia
901 1902 1119 1927 mereamur
1143 1888 1317 1938 gratiam,
1339 1896 1406 1927 aut
1427 1889 1533 1927 satis-

144 1941 331 1979 faciamus
361 1954 431 1991 pro
461 1941 642 1991 peccatis.
704 1957 762 1980 20.
797 1944 847 1980 Et
876 1943 978 1981 hanc
1007 1944 1249 2003 corporalem
1284 1942 1532 1992 disciplinam

142 2002 297 2044 oportet
318 2008 470 2044 semper
491 2009 558 2045 urg
554 2009 635 2042 ·,ere
658 2009 739 2034 non
761 1998 887 2034 solum
908 1996 1043 2046 paucis
1063 2004 1101 2034 et
1125 1995 1346 2035 constitutis
1367 1996 1532 2035 diebus·
1523 2027 1533 2044 ,

144 2050 243 2086 sicut
273 2048 451 2088 Christus
478 2049 689 2098 praecipit.
741 2051 887 2097 Cavete,
920 2064 964 2087 ne
991 2057 1146 2100 corpora
1174 2055 1298 2088 vestra
1319 2055 1537 2099 graventur

143 2104 329 2151 empnam
359 2104 450 2141 item
475 2104 561 2140 Hoc
573 2116 693 2151 gemts
718 2105 1001 2141 daemoniorum
1031 2118 1106 2141 mm
1132 2104 1281 2142 elicitur
1299 2104 1378 2142 nisi
1392 2105 1534 2142 iei'umo

143 2162 179 2193 et
196 2157 374 2194 oratzone.
436 2157 486 2193 Et
513 2157 656 2194 Paulus
685 2156 949 2206 ait1Castzg0
977 2163 1108 2206 empus
1133 2170 1265 2204 meum,
1292 2162 1328 2194 et
1348 2158 1472 2206 redigo
1491 2171 1533 2194 zn

143 2211 388 2256 servz'lutem3
426 2209 492 2247 ubi
523 2211 624 2247 clare
651 2210 824 2248 ostendit
851 2224 892 2248 se
926 2211 1016 2249 ideo
1046 2211 1233 2260 castigare
1267 2223 1418 2260 corpus,
1451 2223 1533 2248 non

145 2271 186 2301 ut
225 2276 293 2313 per
326 2276 411 2301 eam
451 2263 697 2313 disciplinam
728 2271 921 2302 mereatur
955 2264 1224 2302 remissionem
1266 2272 1530 2313 peccatorum,

144 2318 213 2355 sed
234 2324 275 2355 ut
296 2330 437 2367 corpus
458 2317 600 2355 habeat
626 2317 840 2355 obnoxium
869 2325 907 2355 et
930 2318 1117 2355 idoneum
1146 2318 1197 2355 ad
1226 2331 1286 2355 res
1315 2317 1533 2367 spirituales

144 2378 182 2409 et
202 2372 252 2409 ad
273 2371 496 2409 faciendum
518 2370 689 2409 officium
720 2370 824 2408 iuxta
847 2370 1095 2409 vocationem
1120 2384 1241 2409 suam.
1301 2385 1361 2409 21.
1392 2373 1532 2420 Itaque

145 2437 225 2462 non
252 2425 488 2463 damnantur
511 2424 594 2475 ipsa
617 2424 771 2471 ieiunia,
795 2425 865 2463 sed
892 2424 1129 2471 traditiones,
1153 2437 1253 2474 quae
1281 2432 1406 2464 certos
1433 2424 1529 2471 dies,

146 2486 271 2516 certos
293 2478 402 2516 cibos
423 2478 691 2528 praescribunt
717 2492 805 2516 cum
831 2478 1003 2528 periculo
1031 2478 1305 2525 conscientiae,
1329 2486 1529 2528 tamquam

145 2531 364 2570 istiusmodi
387 2546 502 2581 opera
525 2532 599 2571 sint
621 2532 860 2571 necessarius
883 2534 1019 2570 cultus.

1699 0 1715 210 ξ
