1715 2780
135 74 192 122 36
357 71 476 109 THE
516 70 716 108 THREE
756 68 1067 106 TREATISES
1110 67 1182 106 OF
1218 79 1318 117 1520
1503 79 1545 115 71

134 177 185 216 ab
205 175 434 215 hominibus
456 174 537 213 sive
562 174 613 212 ab
641 171 801 223 angelis,
824 171 898 210 nisi
926 178 1119 222 quantum
1141 171 1289 218 volunt,
1312 170 1423 209 liberi
1444 171 1550 209 enim

135 244 270 270 sumus
290 230 341 269 ab
361 229 559 269 omnibus.
601 227 758 277 Quodsi
778 239 881 277 quae
901 225 1168 276 imponuntur,
1188 224 1243 263 sic
1264 225 1426 264 ferenda
1447 233 1549 272 sunt,

135 293 178 324 ut
201 284 390 324 libertatis
419 282 663 322 conscientia
692 283 797 321 salva
827 280 886 328 sit,
909 293 1012 331 quae
1042 281 1138 318 sciat
1167 287 1206 319 et
1236 286 1343 318 certo
1372 280 1550 327 affirmet,

135 338 317 378 iniuriam
338 338 413 377 sibi
425 338 518 386 fieri,
542 350 661 388 quam
683 350 772 375 cum
790 335 913 386 gloria
932 336 1039 382 ferat,
1063 334 1116 373 ita
1136 347 1279 373 cavens
1301 347 1351 373 ne
1367 334 1551 372 iustificet

135 402 356 445 tyrannum,
393 400 435 431 ut
473 406 523 431 ne
562 397 778 430 murmuret
816 397 954 429 contra
984 389 1244 440 tyrannidem.
1269 419 1275 426 .
1300 419 1307 426 .
1331 419 1338 427 .
1363 390 1551 427 Attamen

136 447 228 499 quia
255 449 358 487 hanc
384 446 571 497 baptismi
596 445 759 496 gloriam
781 451 819 484 et
845 443 1034 483 libertatis
1056 442 1304 483 Christianae
1324 442 1551 482 felicitatem

135 502 251 554 pauci
280 508 484 548 noverunt,
508 514 582 539 nec
612 512 704 550 prae
733 498 939 549 tyrannide
960 511 1086 549 papae
1117 510 1233 536 nosse
1263 504 1438 548 possunt,
1469 496 1552 547 ipse

136 570 200 596 me
233 556 298 595 hic
332 556 511 607 expedio,
548 562 585 594 et
619 554 903 593 conscientiam
938 566 1068 591 meam
1107 551 1274 600 redimo,
1309 552 1553 602 compellans

136 624 279 662 papam
314 618 352 650 et
386 623 525 649 omnes
557 608 740 660 papistaS,
779 609 888 658 quod
920 606 995 645 nisi
1031 620 1100 645 sua
1132 606 1214 645 iura
1249 614 1286 645 et
1321 606 1552 644 traditiones

136 665 374 713 sustulerint,
393 673 430 704 et
451 663 627 703 ecclesiis
641 662 787 703 Christi
809 662 1029 701 libertatem
1052 674 1163 700 suam
1185 660 1432 707 restituerint,
1453 674 1554 699 eam-

137 733 214 771 que
234 719 367 759 doceri
389 718 562 766 fecerint,
585 731 672 756 reos
693 730 778 756 esse
805 729 873 755 eos
894 715 1074 755 omnium
1101 715 1333 762 animarum,
1357 728 1458 765 quae
1480 716 1553 753 hac

137 774 278 813 misera
304 773 529 825 captivitate
557 779 734 824 pereunt,
757 784 923 820 esseque
951 778 1139 820 papatum
1167 769 1275 808 aliud
1304 782 1435 808 revera
1456 769 1554 807 nihil

136 842 256 880 quam
290 841 453 879 regnum
487 826 702 878 Babylonis
734 834 773 865 et
806 825 886 864 veri
919 824 1148 863 antichristi.
1210 823 1309 873 Quis
1349 823 1455 862 enim
1497 831 1555 862 est

137 885 260 922 homo
281 882 432 934 peccati
453 890 491 921 et
512 881 614 920 filius
635 879 877 931 perditionis,
902 892 1021 929 quam
1047 878 1077 917 is
1103 878 1169 929 qui
1198 878 1277 916 suis
1299 877 1488 917 doctrinis
1509 890 1554 916 ac

138 937 291 977 statutis
325 945 488 988 peccata
522 944 560 975 et
593 934 858 986 perditionem
892 935 1113 972 animarum
1146 940 1261 983 auget
1297 933 1334 970 in
1376 932 1552 979 ecclesia,

139 993 282 1032 sedens
303 1000 436 1031 tamen
457 991 497 1030 in
518 990 683 1030 ecclesia
705 989 805 1028 sicut
828 990 949 1027 Deus.
974 1019 981 1026 .
1005 1019 1011 1026 .
1037 1019 1044 1026 .

193 1047 430 1098 Opponetur
445 1045 607 1084 forsitan
627 1044 684 1092 iis,
701 1057 802 1094 quae
815 1043 920 1082 dicta
936 1050 1038 1090 sunt,
1056 1041 1275 1092 baptismus
1290 1042 1553 1091 parvulorum,

139 1101 206 1152 qui
226 1100 531 1151 promissionem
554 1098 630 1138 Dei
657 1111 738 1137 non
766 1097 937 1148 capiant,
959 1110 1032 1135 nec
1054 1097 1173 1135 fidem
1200 1095 1387 1145 baptismi
1409 1095 1556 1133 habere

139 1163 316 1206 possunt,
350 1154 522 1205 ideoque
556 1161 623 1193 aut
656 1166 738 1192 non
768 1151 911 1202 requiri
942 1152 1074 1198 fidem,
1106 1157 1173 1188 aut
1203 1150 1386 1200 parvulos
1416 1150 1556 1187 frustra

140 1209 338 1261 baptizari.
399 1209 480 1248 Hic
510 1207 612 1255 dico,
640 1207 750 1258 quod
781 1219 920 1245 omnes
950 1205 1089 1244 dicunt
1120 1205 1198 1243 fide
1228 1203 1356 1242 aliena
1386 1203 1555 1254 parvulis

139 1264 311 1303 succurri
350 1263 505 1302 illorum
544 1262 612 1313 qui
651 1262 819 1301 offerunt
858 1274 936 1299 eos.
997 1259 1105 1298 Sicut
1140 1258 1247 1297 enim
1280 1258 1443 1296 verbum
1480 1257 1556 1296 Dei

140 1326 280 1369 potens
311 1326 380 1366 est,
411 1319 508 1357 dum
539 1324 663 1363 sonat,
696 1315 814 1354 etiam
845 1314 956 1365 impii
985 1327 1052 1353 cor
1082 1313 1302 1359 immutare,
1335 1313 1444 1362 quod
1474 1325 1555 1350 non

141 1373 270 1412 minus
309 1380 368 1412 est
406 1373 570 1411 surdum
609 1379 647 1410 et
686 1372 851 1419 incapax
883 1382 1001 1419 quam
1035 1369 1136 1406 ullus
1171 1368 1367 1417 parvulus,
1402 1366 1454 1404 ita
1490 1380 1558 1416 per

140 1428 358 1466 orationem
380 1425 570 1466 ecclesiae
591 1424 788 1464 offerentis
816 1431 854 1462 et
878 1422 1085 1470 credentis,
1110 1421 1173 1460 cui
1201 1420 1335 1460 onmia
1356 1420 1558 1471 possibilia

141 1490 241 1530 sunt,
271 1489 309 1521 et
338 1482 521 1532 parvulus
552 1481 629 1519 fide
660 1479 789 1517 infusa
817 1485 1001 1525 mutatur,
1025 1477 1238 1515 mundatur
1268 1482 1306 1514 et
1336 1482 1556 1514 renovatur.

142 1537 227 1576 Nec
254 1535 477 1575 dubitarem
503 1534 622 1573 etiam
649 1534 829 1572 adultum
859 1531 1037 1582 impium,
1062 1531 1203 1570 eadem
1230 1529 1397 1569 ecclesia
1422 1536 1558 1568 orante

143 1598 180 1630 et
200 1591 400 1637 offerente,
423 1602 539 1639 posse
568 1589 609 1626 in
636 1587 776 1638 quovis
804 1594 1051 1625 sacramento
1076 1584 1230 1632 mutari,
1253 1584 1353 1623 sicut
1380 1585 1430 1623 de
1452 1597 1559 1634 para-

142 1644 260 1696 lytico
280 1644 508 1694 evangelico
528 1642 694 1694 legimus
715 1641 843 1680 aliena
863 1642 942 1679 fide
961 1648 1109 1678 sanato.
1133 1670 1139 1676 .
1165 1671 1171 1677 .
1196 1670 1202 1676 .

198 1700 336 1739 Unum
357 1698 422 1737 hic
447 1698 564 1744 addo,
589 1697 698 1747 quod
724 1696 875 1734 utinam
903 1694 1055 1733 cunctis
1077 1706 1220 1743 queam
1248 1692 1495 1742 persuadere,
1520 1691 1559 1731 id

143 1761 212 1801 est,
234 1761 276 1792 ut
300 1760 392 1792 vota
418 1765 575 1803 prorsus
606 1751 740 1790 omnia
770 1751 998 1788 tollerentur
1027 1756 1094 1786 aut
1121 1747 1346 1793 vitarentur,
1373 1746 1454 1784 sive
1484 1746 1560 1784 sint

144 1807 390 1858 religionum,
411 1807 491 1846 sive
515 1804 885 1856 peregrinationum,
909 1803 990 1841 sive
1020 1814 1350 1852 quorumcunque
1380 1813 1557 1850 operum,

145 1875 472 1912 maneremusque
512 1860 551 1898 in
586 1860 765 1898 libertate
794 1856 1085 1908 religiosissima
1115 1864 1152 1895 et
1182 1854 1460 1906 operosissima
1489 1855 1554 1893 ba-

144 1916 289 1966 ptismi.
340 1915 430 1954 Dici
451 1928 532 1954 non
554 1921 683 1965 potest
705 1920 897 1963 quantum
914 1912 1094 1951 detrahat
1111 1910 1309 1960 baptismo
1323 1917 1361 1948 et
1374 1909 1559 1948 obscuret

145 1970 347 2009 scientiam
368 1969 558 2009 libertatis
580 1967 827 2008 Christianae
853 1966 989 2016 opinio
1016 1965 1081 2004 illa
1107 1972 1300 2011 votorum,
1323 1965 1411 2014 plus
1436 1963 1560 2002 nimio

144 2024 319 2072 celebris,
341 2032 384 2063 ut
404 2023 559 2063 interim
575 2031 727 2061 taceam
749 2021 912 2060 infanda
927 2020 1046 2060 etiam
1068 2032 1192 2070 eaque
1214 2018 1367 2056 infinita
1388 2017 1561 2068 pericula

145 2078 376 2126 animarum,
409 2091 510 2129 quae
544 2076 714 2116 vovendi
754 2076 828 2114 ista
864 2075 989 2114 libido
1024 2074 1327 2123 inconsultaque
1362 2071 1559 2111 temeritas

145 2133 322 2183 quotidie
341 2140 467 2183 auget.
493 2163 498 2170 .
524 2163 530 2170 .
555 2163 561 2170 .

200 2185 280 2239 [De
301 2194 546 2226 sacramento
568 2182 857 2236 Poenitentiae]
879 2183 1015 2222 Tertio
1030 2185 1106 2222 hoc
1121 2183 1210 2221 loco
1227 2182 1277 2220 de
1293 2180 1562 2232 poenitentiae

148 2249 391 2280 sacramento
412 2241 641 2280 dicendum.
665 2270 671 2278 .
696 2270 703 2278 .
728 2269 735 2276 .

203 2295 377 2335 Primum
398 2295 514 2334 huius
535 2293 768 2333 sacramenti
789 2300 826 2332 et
847 2292 1015 2343 capitale
1043 2293 1189 2330 malum
1215 2297 1284 2337 est,
1308 2290 1417 2340 quod
1440 2301 1561 2327 sacra-

150 2357 325 2389 mentum
355 2350 484 2401 ipsum
515 2349 554 2387 in
584 2356 711 2387 totum
733 2348 1001 2393 aboleverunt,
1025 2359 1075 2385 ne
1094 2344 1258 2395 vestigio
1288 2343 1450 2394 quidem
1477 2342 1560 2380 eius

149 2403 294 2443 relicto.
353 2405 457 2443 Nam
488 2417 578 2442 cum
609 2411 647 2442 et
677 2404 817 2453 ipsum,
842 2401 941 2440 sicut
970 2408 1008 2439 et
1037 2400 1113 2439 alia
1141 2401 1237 2446 duo,
1261 2404 1413 2436 constet
1439 2396 1561 2434 verbo

153 2457 420 2507 promissionis
441 2458 598 2497 divinae
620 2465 657 2496 et
674 2458 752 2496 fide
774 2463 915 2503 nostra,
935 2463 1147 2505 utrumque
1164 2453 1450 2498 subverterunt,
1468 2463 1560 2489 nam
