1715 2780
223 106 297 154 508
563 101 747 139 FAREL
778 101 837 138 IN
869 98 1112 143 GENEVA‚
1149 99 1301 146 1532—6
1543 104 1621 142 253

220 223 289 260 soy
320 209 488 247 oufsrant
515 208 565 245 de
590 208 644 244 les
671 204 890 252 maintenir,
917 204 1044 242 ainsin
1072 213 1230 241 comme
1259 201 1346 251 plus
1379 201 1621 251 amplement

221 263 478 302 l'instruction
499 262 570 300 des
591 260 667 299 dits
688 259 1004 298 Ambassadeurs
1024 257 1075 296 de
1095 269 1178 294 11165
1195 255 1402 306 Seigneurs
1422 255 1472 294 de
1494 256 1621 293 Berne

223 332 288 357 sur
307 319 363 356 les
384 316 460 356 dits
482 323 520 355 et
540 316 682 353 aultres
703 312 856 352 articles
883 311 1060 351 contient
1073 311 1083 330 ¹
1099 325 1108 359 3
1138 311 1161 349 ὲι
1180 310 1349 361 laquelle
1368 310 1562 348 honneste
1584 315 1622 347 et

224 371 484 423 raysonnable
513 368 680 419 petition
709 369 765 406 les
795 366 872 406 dits
901 367 952 405 de
981 367 1164 405 Genesve
1193 365 1302 403 n'ont
1327 365 1489 402 voulusz
1518 363 1623 401 satis-

223 427 317 465 faire
333 427 345 447 ²
368 456 375 464 .
399 456 406 464 .
431 455 438 462 .
462 437 561 474 pour
579 430 716 461 autant
743 435 826 460 mes
848 420 925 459 dits
946 419 1154 470 Seigneurs
1175 420 1226 458 de
1246 420 1374 456 Berne
1394 418 1444 456 de
1464 417 1629 456 rechieff

223 480 487 520 desmandent
517 491 594 527 que
621 477 762 526 justice
792 482 877 525 soyt
907 474 1022 513 faicte
1051 475 1105 512 du
1129 472 1187 512 dit
1216 473 1372 519 caffard,
1395 479 1433 510 et
1459 483 1536 521 que
1558 468 1622 523 [il]

224 534 420 584 responde
440 533 584 571 devant
604 532 660 569 les
682 529 918 579 Sindicques
938 535 977 567 et
998 527 1181 568 Conseilz
1200 527 1251 565 de
1272 527 1465 573 Genesve,
1488 532 1526 564 et
1547 537 1624 575 que

224 589 351 627 iceulx
371 601 421 626 en
440 593 556 634 ayent
575 587 611 623 la
632 583 955 634 congnoissance.

280 643 573 681 Admonestant
606 641 662 677 les
694 638 771 677 dits
806 637 1014 688 Seigneurs
1045 637 1095 674 de
1127 636 1309 675 Genesve
1338 634 1502 683 vouloyr
1535 645 1627 671 con-

227 696 373 736 siderer
393 708 469 745 que
490 707 573 732 mes
595 693 671 732 dits
693 692 900 742 Seigneurs
930 692 981 730 de
1006 692 1134 729 Berne
1159 691 1269 728 n'ont
1289 687 1401 739 point
1420 687 1512 726 faict
1531 686 1627 725 diffi-

225 750 329 790 culte
350 751 400 789 (16
421 751 476 788 165
497 747 669 787 566011111
688 761 737 786 611
757 748 841 785 16111
861 744 1063 791 1166655116,
1086 751 1125 783 et
1144 756 1243 794 pour
1262 744 1318 781 165
1339 740 1548 780 maintenir
1576 741 1627 779 de

227 807 332 855 fayre
365 811 500 843 contre
529 804 565 841 16
596 803 686 840 Duc
716 802 766 840 (16
796 802 947 850 Savoye
963 814 972 847 3
1011 800 1110 837 dont
1139 797 1186 836 ilz
1214 810 1265 836 ne
1293 797 1494 847 doybvent
1523 796 1628 845 fayre

226 861 329 898 refus
342 856 630 897 d’administrer
640 855 780 905 justice
794 862 930 893 contre
942 866 1020 892 une
1033 852 1240 903 singuliere
1253 863 1461 901 personne,
1472 861 1629 888 comme

228 921 285 953 est
314 915 350 951 16
389 913 447 951 dit
484 911 641 949 caffard.
700 910 950 948 Aultrement
984 905 1187 958 pourroint
1225 905 1319 944 bien
1357 903 1629 954 suspicionner

228 981 306 1018 que
326 968 436 1005 n'ont
455 978 523 1016 pas
543 963 728 1003 affection
755 964 804 1002 de
830 975 898 1013 soy
920 968 1112 1000 monstrer
1138 972 1295 999 comme
1321 959 1423 997 bons
1444 965 1482 997 et
1501 958 1629 996 feaulx

228 1022 449 1071 bourgeoys
474 1027 511 1058 et
541 1031 650 1069 vrays
680 1031 801 1068 amys,
823 1025 861 1056 et
891 1030 959 1067 par
987 1015 1087 1054 ainsi
1117 1016 1341 1054 donneront
1368 1011 1551 1051 occasion
1579 1011 1629 1049 de

229 1088 371 1126 penser
392 1087 469 1124 que
490 1080 579 1111 sont
599 1073 818 1122 bourgeoys
839 1071 906 1121 qui
927 1083 976 1109 ne
997 1070 1182 1120 peulvent
1202 1081 1317 1119 gayre
1337 1067 1546 1118 prouffiter.

286 1132 342 1168 Le
381 1130 560 1178 sourplus
599 1126 809 1166 entendre's
848 1127 898 1164 de
940 1137 1040 1163 nous
1080 1122 1406 1168 Ambassadeurs,
1445 1120 1628 1169 ausquels

229 1197 352 1223 avons
382 1184 523 1232 escript
558 1188 690 1220 nostre
716 1179 868 1219 vouloir
902 1187 940 1218 et
979 1177 1194 1230 resolution
1227 1177 1419 1215 touchant
1448 1176 1484 1213 la
1512 1175 1630 1212 Bour-

231 1237 402 1289 geoysie,
426 1236 662 1287 payement³
683 1242 720 1273 et
740 1235 908 1284 l'affayre
929 1233 979 1272 de
999 1231 1283 1282 l’Evangille.⁴.
1308 1260 1316 1269 .
1341 1260 1348 1269 .

329 1336 420 1379 No.
453 1347 553 1388 254.
606 1333 712 1376 The
744 1332 858 1375 first
889 1331 1201 1385 disputation
1234 1328 1289 1371 of
1315 1327 1538 1380 Geneva,

660 1401 714 1443 27
736 1391 941 1442 Jan.—-3
964 1390 1081 1432 Feb.
1105 1399 1224 1441 1534.
1297 1388 1304 1393 ’

289 1486 409 1523 From
443 1499 467 1522 α
507 1485 614 1521 letfer
643 1482 687 1532 (ff
716 1483 863 1520 Haller
895 1487 930 1519 to
959 1481 1176 1528 Bullinger,
1211 1492 1258 1526 14
1290 1477 1429 1516 March
1463 1487 1632 1526 1534.—

280 1568 289 1587 ¹
316 1568 388 1599 The
404 1566 611 1598 instructions
627 1565 722 1605 given
741 1571 777 1603 31
793 1564 875 1595 Dee.
893 1572 974 1603 1533
986 1572 1068 1593 were
1086 1561 1181 1592 much
1199 1571 1240 1591 on
1257 1559 1311 1591 the
1328 1559 1410 1591 lines
1425 1558 1463 1589 os
1471 1557 1525 1590 the
1538 1557 1632 1588 letter

237 1612 272 1642 of
290 1622 300 1642 1
344 1612 426 1642 Dec.

280 1657 291 1673 ³
311 1619 388 1687 ZPhe
405 1655 541 1686 Bernese
557 1651 786 1684 ambassadors
797 1661 881 1682 were
897 1649 1042 1682 received
1059 1649 1100 1689 by
1112 1648 1166 1680 the
1177 1646 1318 1680 Council
1332 1646 1369 1678 of
1382 1646 1515 1678 Geneva
1532 1654 1549 1685 5
1567 1644 1630 1675 and

239 1707 254 1740 7
273 1700 345 1740 Jan.
367 1708 458 1739 1534,
476 1698 539 1729 and
558 1696 627 1728 told
645 1698 652 1711 ‘
668 1696 714 1727 Ce
738 1694 816 1726 n'est
840 1705 898 1736 pas
916 1693 935 1725 ἐι
957 1703 1039 1724 110115
1062 1693 1101 1724 (16
1117 1692 1210 1733 juger
1229 1691 1261 1723 le
1283 1689 1399 1733 proces
1417 1689 1474 1721 des
1495 1688 1629 1730 prestes,

237 1745 331 1775 Nous
348 1752 450 1773 avons
465 1752 507 1772 un
525 1741 634 1782 prince
651 1740 705 1781 qui
722 1749 741 1770 a
757 1738 859 1770 etabli
876 1748 917 1769 un
935 1736 1067 1773 official,
1085 1746 1127 1767 un
1144 1735 1286 1774 Vicaire,
1304 1745 1347 1765 un
1365 1733 1442 1775 juge
1463 1732 1519 1763 des
1540 1731 1633 1763 exces

237 1792 269 1819 et
298 1791 404 1817 autres
430 1785 576 1816 officiers.
624 1782 899 1814 Demandez-leur
918 1780 1079 1820 justice’:
1110 1779 1174 1810 and
1199 1778 1327 1810 Furbiti
1350 1777 1423 1808 also
1447 1775 1574 1807 refused
1597 1780 1632 1806 to

239 1841 362 1862 answer
377 1840 451 1860 save
467 1828 576 1859 before
593 1839 612 1859 a
628 1826 777 1868 spiritual
795 1830 886 1857 court
910 1822 1147 1865 (Herminjard,
1163 1822 1211 1861 iii,
1228 1823 1292 1853 No.
1306 1820 1381 1862 446,
1398 1830 1449 1851 nn.
1469 1828 1499 1860 5,
1517 1819 1564 1858 6).

283 1874 294 1890 ³
317 1873 389 1904 The
408 1875 416 1889 ‘
427 1872 555 1913 surplus
569 1871 575 1884 '
592 1881 658 1901 was
675 1869 934 1902 communieated
956 1872 990 1898 to
1012 1867 1066 1899 the
1084 1867 1167 1897 Two
1192 1865 1349 1896 Hundred
1365 1865 1409 1905 by
1424 1863 1480 1894 the
1496 1863 1633 1894 Bernese

239 1916 467 1948 ambassadors
486 1925 522 1954 25
549 1916 640 1956 Jan.:
666 1913 775 1944 ΔΓΜΜ.
792 1913 832 1943 (16
849 1912 949 1943 Berne
964 1910 1146 1951 exigeaient
1170 1920 1223 1940 sur
1246 1913 1319 1940 tous
1343 1908 1390 1939 les
1412 1907 1521 1948 points
1539 1907 1633 1937 satis-

239 1960 360 1992 faction
378 1958 554 2000 complete,
573 1959 663 1988 sinon
682 1957 714 1988 13
733 1956 941 1996 Bourgeoisie
961 1954 1055 1985 allait
1079 1953 1146 1985 etre
1170 1963 1315 1994 rompue,
1335 1956 1366 1983 et
1390 1950 1474 1982 leurs
1496 1948 1633 1991 deputes

240 2003 478 2045 persisteraient
502 2001 684 2042 egalement
708 2000 726 2031 a
750 1999 908 2032 reclamer
931 1998 961 2029 le
984 1997 1147 2039 paiement
1164 1996 1253 2027 dela
1269 1996 1356 2026 dette
1381 1994 1484 2035 [9000
1507 2003 1633 2024 erowns

240 2046 349 2079 which
367 2046 498 2077 Geneva
515 2045 607 2075 owed
624 2043 723 2083 Rern]
741 2048 772 2074 et
789 2043 820 2073 la
836 2042 987 2083 punition
1004 2041 1046 2071 du
1063 2039 1192 2071 moine.'
1238 2039 1310 2070 The
1333 2037 1472 2069 Council
1495 2036 1633 2068 decided

241 2098 275 2122 to
292 2091 405 2131 ignore
422 2090 476 2120 the
493 2087 724 2119 eeclesiastical
742 2086 916 2125 authority,
937 2084 1000 2115 and
1017 2084 1072 2115 the
1088 2082 1263 2123 Assembly
1277 2084 1285 2098 ‘
1297 2092 1360 2112 una
1376 2090 1457 2112 voce
1473 2079 1633 2112 conclusit

242 2134 352 2166 taliter
379 2142 447 2164 esse
472 2131 709 2173 providendum
735 2129 823 2170 quod
853 2129 1005 2169 Borgesia
1034 2127 1105 2167 ipsa
1138 2129 1267 2157 maneat
1280 2124 1299 2157 '.
1347 2124 1546 2165 Thereupon
1577 2123 1633 2154 the

242 2177 380 2219 Syndics
403 2174 664 2208 communicated
687 2173 741 2205 the
769 2172 911 2203 decision
934 2177 968 2202 to
993 2170 1048 2201 the
1072 2170 1171 2201 Vicar
1195 2171 1433 2210 ‘protestantes
1456 2166 1545 2208 quod
1568 2176 1633 2197 non

242 2221 438 2252 intendimus
469 2219 500 2249 id
527 2229 583 2260 per
609 2228 668 2248 nos
695 2222 804 2248 actum
831 2215 941 2245 animo
964 2214 1160 2254 Principem,
1185 2212 1331 2251 Clerum,
1353 2210 1548 2242 franchesias
1575 2220 1633 2241 nec

244 2264 415 2306 privilegia
441 2262 572 2304 quaevis
605 2260 800 2298 offendendi,
829 2257 1037 2298 infringendi,
1068 2257 1118 2288 vel
1149 2256 1232 2287 alias
1261 2254 1557 2297 quomodocunque
1588 2254 1633 2284 eis

245 2307 487 2349 praeiudicandi
502 2317 509 2344 3
531 2305 683 2347 quodque
695 2314 760 2334 non
774 2302 972 2333 intendimus
989 2301 1022 2331 id
1039 2301 1071 2330 in
1089 2299 1354 2341 consequentiam
1368 2297 1452 2330 trahi
1466 2307 1561 2339 posse
1574 2307 1632 2328 nec

242 2352 368 2389 debere,
382 2351 450 2381 imo
468 2361 526 2390 pro
538 2349 599 2380 hac
613 2349 682 2380 vice
698 2347 780 2385 sola,
792 2357 851 2387 pro
866 2344 1080 2386 Reipublicae
1094 2343 1235 2375 utilitate
1249 2342 1341 2384 [nos]
1354 2342 1455 2383 egisse
1467 2340 1612 2383 potuisse
1624 2339 1632 2353 '

245 2393 513 2433 —Herminjard‚
531 2393 580 2430 iii,
597 2392 661 2423 No.
681 2390 757 2432 446,
774 2401 805 2421 n.
824 2399 853 2429 9.

287 2438 299 2457 ⁴
323 2438 374 2469 On
396 2446 433 2468 10
450 2437 524 2476 Jan.
544 2437 623 2466 Bern
646 2435 709 2466 had
731 2433 828 2465 asked
855 2433 902 2463 for
926 2442 943 2462 a
969 2431 1090 2462 chureh
1114 2431 1162 2461 sor
1181 2427 1423 2470 ‘evangelical'
1440 2426 1583 2468 worship
1599 2426 1632 2457 in

246 2482 389 2517 Geneva,
409 2480 486 2511 ibid.
506 2492 536 2511 n.
561 2488 605 2510 11.
