<?xml version="1.0" encoding="UTF-8"?>
<!DOCTYPE html PUBLIC "-//W3C//DTD XHTML 1.0 Transitional//EN"
    "http://www.w3.org/TR/xhtml1/DTD/xhtml1-transitional.dtd">
<html xmlns="http://www.w3.org/1999/xhtml" xml:lang="en" lang="en">
 <head>
  <title>
</title>
<meta http-equiv="Content-Type" content="text/html;charset=utf-8" />
  <meta name='ocr-system' content='tesseract 3.04.00' />
  <meta name='ocr-capabilities' content='ocr_page ocr_carea ocr_par ocr_line ocrx_word'/>
</head>
<body>
  <div class='ocr_page' id='page_1' title='image "./docreform00kidd_0255.png"; bbox 0 0 1715 2780; ppageno 0'>
   <div class='ocr_carea' id='block_1_1' title="bbox 140 111 1537 163">
    <p class='ocr_par' dir='ltr' id='par_1_1' title="bbox 140 111 1537 163">
     <span class='ocr_line' id='line_1_1' title="bbox 140 111 1537 163; baseline -0.003 -11"><span class='ocrx_word' id='word_1_1' title='bbox 140 115 194 163; x_wconf 81' lang='lat'>98</span> <span class='ocrx_word' id='word_1_2' title='bbox 351 113 670 152; x_wconf 84' lang='lat' dir='ltr'><strong>LUTHERAN</strong></span> <span class='ocrx_word' id='word_1_3' title='bbox 709 111 1131 158; x_wconf 82' lang='lat' dir='ltr'>COMMUNITIES‚</span> <span class='ocrx_word' id='word_1_4' title='bbox 1171 113 1323 160; x_wconf 82' lang='lat'>1526-9</span> <span class='ocrx_word' id='word_1_5' title='bbox 1466 123 1537 160; x_wconf 89' lang='lat'>227</span> 
     </span>
    </p>
   </div>
   <div class='ocr_carea' id='block_1_2' title="bbox 137 214 1544 2541">
    <p class='ocr_par' dir='ltr' id='par_1_2' title="bbox 138 214 1542 583">
     <span class='ocr_line' id='line_1_2' title="bbox 141 214 1539 268; baseline -0.002 -12"><span class='ocrx_word' id='word_1_6' title='bbox 141 217 245 268; x_wconf 84' lang='lat' dir='ltr'><strong>Quia</strong></span> <span class='ocrx_word' id='word_1_7' title='bbox 265 224 415 257; x_wconf 84' lang='lat' dir='ltr'>statuae</span> <span class='ocrx_word' id='word_1_8' title='bbox 437 224 474 255; x_wconf 86' lang='lat' dir='ltr'>et</span> <span class='ocrx_word' id='word_1_9' title='bbox 495 216 684 266; x_wconf 83' lang='lat' dir='ltr'>imagines</span> <span class='ocrx_word' id='word_1_10' title='bbox 706 215 745 254; x_wconf 89' lang='lat' dir='ltr'>in</span> <span class='ocrx_word' id='word_1_11' title='bbox 765 215 1019 254; x_wconf 82' lang='lat' dir='ltr'>ecclesiarum</span> <span class='ocrx_word' id='word_1_12' title='bbox 1040 214 1228 254; x_wconf 82' lang='lat' dir='ltr'>domibus</span> <span class='ocrx_word' id='word_1_13' title='bbox 1257 227 1302 253; x_wconf 87' lang='lat' dir='ltr'>ac</span> <span class='ocrx_word' id='word_1_14' title='bbox 1324 216 1539 265; x_wconf 77' lang='lat' dir='ltr'><strong>platearum</strong></span> 
     </span>
     <span class='ocr_line' id='line_1_3' title="bbox 138 268 1540 322; baseline -0.002 -11"><span class='ocrx_word' id='word_1_15' title='bbox 138 270 289 322; x_wconf 83' lang='lat' dir='ltr'>angulis</span> <span class='ocrx_word' id='word_1_16' title='bbox 317 269 494 321; x_wconf 90' lang='lat' dir='ltr'>locisque</span> <span class='ocrx_word' id='word_1_17' title='bbox 523 269 848 310; x_wconf 85' lang='lat' dir='ltr'>eminentioribus</span> <span class='ocrx_word' id='word_1_18' title='bbox 877 269 1029 320; x_wconf 84' lang='lat' dir='ltr'>positae</span> <span class='ocrx_word' id='word_1_19' title='bbox 1058 276 1195 307; x_wconf 88' lang='lat' dir='ltr'>contra</span> <span class='ocrx_word' id='word_1_20' title='bbox 1226 268 1302 308; x_wconf 91' lang='lat' dir='ltr'>Dei</span> <span class='ocrx_word' id='word_1_21' title='bbox 1327 270 1490 308; x_wconf 91' lang='lat' dir='ltr'>verbum</span> <span class='ocrx_word' id='word_1_22' title='bbox 1519 283 1540 308; x_wconf 82' lang='lat' dir='ltr'>a</span> 
     </span>
     <span class='ocr_line' id='line_1_4' title="bbox 141 323 1542 375; baseline -0.003 -10"><span class='ocrx_word' id='word_1_23' title='bbox 141 324 272 365; x_wconf 92' lang='lat' dir='ltr'>multis</span> <span class='ocrx_word' id='word_1_24' title='bbox 300 324 495 373; x_wconf 87' lang='lat' dir='ltr'>coluntur,</span> <span class='ocrx_word' id='word_1_25' title='bbox 524 325 758 364; x_wconf 90' lang='lat' dir='ltr'>auferantur.</span> <span class='ocrx_word' id='word_1_26' title='bbox 790 355 797 363; x_wconf 94' lang='lat'>.</span> <span class='ocrx_word' id='word_1_27' title='bbox 827 354 863 363; x_wconf 93' lang='lat'>..</span> <span class='ocrx_word' id='word_1_28' title='bbox 896 325 1096 363; x_wconf 87' lang='lat' dir='ltr'>Adversus</span> <span class='ocrx_word' id='word_1_29' title='bbox 1126 323 1296 374; x_wconf 90' lang='lat' dir='ltr'>primum</span> <span class='ocrx_word' id='word_1_30' title='bbox 1331 323 1407 362; x_wconf 88' lang='lat' dir='ltr'>Dei</span> <span class='ocrx_word' id='word_1_31' title='bbox 1436 337 1542 375; x_wconf 87' lang='lat' dir='ltr'>prae-</span> 
     </span>
     <span class='ocr_line' id='line_1_5' title="bbox 140 377 1540 431; baseline -0.001 -12"><span class='ocrx_word' id='word_1_32' title='bbox 140 387 299 431; x_wconf 86' lang='lat' dir='ltr'>ceptum</span> <span class='ocrx_word' id='word_1_33' title='bbox 320 392 366 418; x_wconf 88' lang='lat' dir='ltr'>ex</span> <span class='ocrx_word' id='word_1_34' title='bbox 386 378 579 418; x_wconf 88' lang='lat' dir='ltr'>diametro</span> <span class='ocrx_word' id='word_1_35' title='bbox 599 386 829 430; x_wconf 86' lang='lat' dir='ltr'>repugnant.</span> <span class='ocrx_word' id='word_1_36' title='bbox 856 409 863 417; x_wconf 90' lang='lat'>.</span> <span class='ocrx_word' id='word_1_37' title='bbox 885 409 892 418; x_wconf 91' lang='lat'>.</span> <span class='ocrx_word' id='word_1_38' title='bbox 916 409 923 417; x_wconf 90' lang='lat'>.</span> <span class='ocrx_word' id='word_1_39' title='bbox 946 377 1096 417; x_wconf 90' lang='lat' dir='ltr'>Altaria</span> <span class='ocrx_word' id='word_1_40' title='bbox 1115 386 1259 416; x_wconf 88' lang='lat' dir='ltr'>cuncta</span> <span class='ocrx_word' id='word_1_41' title='bbox 1278 378 1329 417; x_wconf 93' lang='lat' dir='ltr'>ab</span> <span class='ocrx_word' id='word_1_42' title='bbox 1350 377 1540 417; x_wconf 82' lang='lat' dir='ltr'>universis</span> 
     </span>
     <span class='ocr_line' id='line_1_6' title="bbox 141 432 1542 483; baseline -0.002 -9"><span class='ocrx_word' id='word_1_43' title='bbox 141 434 407 474; x_wconf 88' lang='lat' dir='ltr'>Ecclesiarum</span> <span class='ocrx_word' id='word_1_44' title='bbox 436 433 623 473; x_wconf 88' lang='lat' dir='ltr'>domibus</span> <span class='ocrx_word' id='word_1_45' title='bbox 653 434 888 481; x_wconf 89' lang='lat' dir='ltr'>auferantur,</span> <span class='ocrx_word' id='word_1_46' title='bbox 925 446 973 472; x_wconf 88' lang='lat' dir='ltr'>eo</span> <span class='ocrx_word' id='word_1_47' title='bbox 1007 434 1172 483; x_wconf 88' lang='lat' dir='ltr'>dempto</span> <span class='ocrx_word' id='word_1_48' title='bbox 1205 445 1252 471; x_wconf 86' lang='lat' dir='ltr'>ex</span> <span class='ocrx_word' id='word_1_49' title='bbox 1291 445 1370 483; x_wconf 93' lang='lat' dir='ltr'>quo</span> <span class='ocrx_word' id='word_1_50' title='bbox 1402 432 1542 473; x_wconf 87' lang='lat' dir='ltr'>Coena</span> 
     </span>
     <span class='ocr_line' id='line_1_7' title="bbox 142 487 1542 538; baseline -0.002 -10"><span class='ocrx_word' id='word_1_51' title='bbox 142 487 353 529; x_wconf 90' lang='lat' dir='ltr'>Dominica</span> <span class='ocrx_word' id='word_1_52' title='bbox 382 487 686 535; x_wconf 88' lang='lat' dir='ltr'>administratur,</span> <span class='ocrx_word' id='word_1_53' title='bbox 726 488 835 538; x_wconf 94' lang='lat' dir='ltr'>quod</span> <span class='ocrx_word' id='word_1_54' title='bbox 866 487 984 527; x_wconf 90' lang='lat' dir='ltr'>etiam</span> <span class='ocrx_word' id='word_1_55' title='bbox 1019 500 1101 526; x_wconf 90' lang='lat' dir='ltr'>non</span> <span class='ocrx_word' id='word_1_56' title='bbox 1135 487 1265 534; x_wconf 87' lang='lat' dir='ltr'>altare,</span> <span class='ocrx_word' id='word_1_57' title='bbox 1300 487 1370 527; x_wconf 90' lang='lat' dir='ltr'>sed</span> <span class='ocrx_word' id='word_1_58' title='bbox 1405 500 1542 526; x_wconf 89' lang='lat' dir='ltr'>mensa</span> 
     </span>
     <span class='ocr_line' id='line_1_8' title="bbox 140 550 406 583; baseline 0 -1"><span class='ocrx_word' id='word_1_59' title='bbox 140 550 310 583; x_wconf 87' lang='lat' dir='ltr'>vocetur.</span> <span class='ocrx_word' id='word_1_60' title='bbox 333 573 341 582; x_wconf 91' lang='lat'>.</span> <span class='ocrx_word' id='word_1_61' title='bbox 366 573 373 582; x_wconf 94' lang='lat'>.</span> <span class='ocrx_word' id='word_1_62' title='bbox 397 573 406 582; x_wconf 93' lang='lat'>.</span> 
     </span>
    </p>

    <p class='ocr_par' dir='ltr' id='par_1_3' title="bbox 191 594 1542 648">
     <span class='ocr_line' id='line_1_9' title="bbox 191 594 1542 648; baseline -0.001 -11"><span class='ocrx_word' id='word_1_63' title='bbox 191 596 289 648; x_wconf 90' lang='lat' dir='ltr'>Cap.</span> <span class='ocrx_word' id='word_1_64' title='bbox 319 611 354 636; x_wconf 80' lang='lat' dir='ltr'>x,</span> <span class='ocrx_word' id='word_1_65' title='bbox 394 598 460 635; x_wconf 86' lang='lat' dir='ltr'>De</span> <span class='ocrx_word' id='word_1_66' title='bbox 485 597 757 647; x_wconf 74' lang='lat' dir='ltr'>superstitiosis</span> <span class='ocrx_word' id='word_1_67' title='bbox 792 596 1113 634; x_wconf 75' lang='lat' dir='ltr'>benedictionibus.</span> <span class='ocrx_word' id='word_1_68' title='bbox 1128 618 1180 624; x_wconf 89' lang='lat'>—</span> <span class='ocrx_word' id='word_1_69' title='bbox 1196 597 1282 635; x_wconf 91' lang='lat' dir='ltr'>Nec</span> <span class='ocrx_word' id='word_1_70' title='bbox 1315 594 1428 646; x_wconf 90' lang='lat' dir='ltr'>panis</span> <span class='ocrx_word' id='word_1_71' title='bbox 1467 609 1542 635; x_wconf 88' lang='lat' dir='ltr'>nec</span> 
     </span>
    </p>

    <p class='ocr_par' dir='ltr' id='par_1_4' title="bbox 137 649 1544 1448">
     <span class='ocr_line' id='line_1_10' title="bbox 139 649 1542 702; baseline -0.002 -11"><span class='ocrx_word' id='word_1_72' title='bbox 139 650 273 691; x_wconf 91' lang='lat' dir='ltr'>vinum</span> <span class='ocrx_word' id='word_1_73' title='bbox 303 664 379 692; x_wconf 84' lang='lat' dir='ltr'>nec</span> <span class='ocrx_word' id='word_1_74' title='bbox 403 663 507 701; x_wconf 90' lang='lat' dir='ltr'>aqua</span> <span class='ocrx_word' id='word_1_75' title='bbox 532 663 607 690; x_wconf 89' lang='lat' dir='ltr'>nec</span> <span class='ocrx_word' id='word_1_76' title='bbox 637 652 693 690; x_wconf 93' lang='lat' dir='ltr'>sal</span> <span class='ocrx_word' id='word_1_77' title='bbox 721 663 796 690; x_wconf 89' lang='lat' dir='ltr'>nee</span> <span class='ocrx_word' id='word_1_78' title='bbox 822 652 970 690; x_wconf 89' lang='lat' dir='ltr'>fructus</span> <span class='ocrx_word' id='word_1_79' title='bbox 998 663 1071 689; x_wconf 90' lang='lat' dir='ltr'>nec</span> <span class='ocrx_word' id='word_1_80' title='bbox 1097 650 1205 689; x_wconf 92' lang='lat' dir='ltr'>aliud</span> <span class='ocrx_word' id='word_1_81' title='bbox 1226 649 1440 702; x_wconf 90' lang='lat' dir='ltr'>quicquam</span> <span class='ocrx_word' id='word_1_82' title='bbox 1462 651 1542 689; x_wconf 87' lang='lat' dir='ltr'>ullo</span> 
     </span>
     <span class='ocr_line' id='line_1_11' title="bbox 139 704 1541 756; baseline -0.001 -10"><span class='ocrx_word' id='word_1_83' title='bbox 139 712 314 756; x_wconf 88' lang='lat' dir='ltr'>tempore</span> <span class='ocrx_word' id='word_1_84' title='bbox 334 704 602 756; x_wconf 86' lang='lat' dir='ltr'>superstitiose</span> <span class='ocrx_word' id='word_1_85' title='bbox 622 704 891 752; x_wconf 86' lang='lat' dir='ltr'>benedicatur,</span> <span class='ocrx_word' id='word_1_86' title='bbox 916 717 991 743; x_wconf 91' lang='lat' dir='ltr'>nec</span> <span class='ocrx_word' id='word_1_87' title='bbox 1015 704 1166 755; x_wconf 90' lang='lat' dir='ltr'>aliquid</span> <span class='ocrx_word' id='word_1_88' title='bbox 1193 706 1269 744; x_wconf 92' lang='lat' dir='ltr'>tale</span> <span class='ocrx_word' id='word_1_89' title='bbox 1296 706 1336 743; x_wconf 92' lang='lat' dir='ltr'>in</span> <span class='ocrx_word' id='word_1_90' title='bbox 1364 705 1541 744; x_wconf 87' lang='lat' dir='ltr'>fidelium</span> 
     </span>
     <span class='ocr_line' id='line_1_12' title="bbox 139 758 1543 809; baseline -0.001 -10"><span class='ocrx_word' id='word_1_91' title='bbox 139 759 324 802; x_wconf 83' lang='lat' dir='ltr'>domibus</span> <span class='ocrx_word' id='word_1_92' title='bbox 354 759 567 798; x_wconf 85' lang='lat' dir='ltr'>habeatur:</span> <span class='ocrx_word' id='word_1_93' title='bbox 599 758 784 798; x_wconf 92' lang='lat' dir='ltr'>nimirum</span> <span class='ocrx_word' id='word_1_94' title='bbox 808 767 1008 798; x_wconf 85' lang='lat' dir='ltr'>creaturae</span> <span class='ocrx_word' id='word_1_95' title='bbox 1035 772 1103 809; x_wconf 91' lang='lat' dir='ltr'>per</span> <span class='ocrx_word' id='word_1_96' title='bbox 1129 759 1294 797; x_wconf 89' lang='lat' dir='ltr'>verbum</span> <span class='ocrx_word' id='word_1_97' title='bbox 1322 758 1400 798; x_wconf 93' lang='lat' dir='ltr'>Dei</span> <span class='ocrx_word' id='word_1_98' title='bbox 1427 759 1543 798; x_wconf 84' lang='lat' dir='ltr'>bene</span> 
     </span>
     <span class='ocr_line' id='line_1_13' title="bbox 139 811 1541 875; baseline -0.001 -22"><span class='ocrx_word' id='word_1_99' title='bbox 139 812 270 862; x_wconf 87' lang='lat' dir='ltr'>dictio,</span> <span class='ocrx_word' id='word_1_100' title='bbox 297 814 349 853; x_wconf 92' lang='lat' dir='ltr'>de</span> <span class='ocrx_word' id='word_1_101' title='bbox 376 826 454 875; x_wconf 80' lang='lat' dir='ltr'>qua</span> <span class='ocrx_word' id='word_1_102' title='bbox 479 827 494 851; x_wconf 96' lang='lat'>1</span> <span class='ocrx_word' id='word_1_103' title='bbox 519 812 622 852; x_wconf 87' lang='lat' dir='ltr'>Tim.</span> <span class='ocrx_word' id='word_1_104' title='bbox 645 813 683 852; x_wconf 92' lang='lat' dir='ltr'>iv</span> <span class='ocrx_word' id='word_1_105' title='bbox 708 811 769 866; x_wconf 86' lang='lat'>[5]</span> <span class='ocrx_word' id='word_1_106' title='bbox 798 826 879 852; x_wconf 92' lang='lat' dir='ltr'>non</span> <span class='ocrx_word' id='word_1_107' title='bbox 909 820 967 852; x_wconf 91' lang='lat' dir='ltr'>est</span> <span class='ocrx_word' id='word_1_108' title='bbox 993 812 1143 873; x_wconf 87' lang='lat' dir='ltr'>aliquid</span> <span class='ocrx_word' id='word_1_109' title='bbox 1170 814 1258 860; x_wconf 89' lang='lat' dir='ltr'>tale,</span> <span class='ocrx_word' id='word_1_110' title='bbox 1285 813 1355 852; x_wconf 93' lang='lat' dir='ltr'>sed</span> <span class='ocrx_word' id='word_1_111' title='bbox 1384 820 1427 852; x_wconf 91' lang='lat' dir='ltr'>ut</span> <span class='ocrx_word' id='word_1_112' title='bbox 1451 826 1541 852; x_wconf 90' lang='lat' dir='ltr'>cum</span> 
     </span>
     <span class='ocr_line' id='line_1_14' title="bbox 137 866 1302 929; baseline 0 -23"><span class='ocrx_word' id='word_1_113' title='bbox 137 867 346 929; x_wconf 75' lang='lat' dir='ltr'>gratiarum</span> <span class='ocrx_word' id='word_1_114' title='bbox 371 868 527 907; x_wconf 90' lang='lat' dir='ltr'>actione</span> <span class='ocrx_word' id='word_1_115' title='bbox 548 875 586 907; x_wconf 90' lang='lat' dir='ltr'>et</span> <span class='ocrx_word' id='word_1_116' title='bbox 608 867 684 906; x_wconf 85' lang='lat' dir='ltr'>Dei</span> <span class='ocrx_word' id='word_1_117' title='bbox 704 868 822 907; x_wconf 89' lang='lat' dir='ltr'>laude</span> <span class='ocrx_word' id='word_1_118' title='bbox 842 868 976 906; x_wconf 91' lang='lat' dir='ltr'>omnia</span> <span class='ocrx_word' id='word_1_119' title='bbox 995 866 1302 918; x_wconf 83' lang='lat' dir='ltr'>percipiamus..</span> 
     </span>
     <span class='ocr_line' id='line_1_15' title="bbox 142 897 1540 972; baseline -0.001 -11"><span class='ocrx_word' id='word_1_120' title='bbox 142 967 145 970; x_wconf 14' lang='grc' dir='ltr'><strong>Α</strong></span> <span class='ocrx_word' id='word_1_121' title='bbox 193 922 292 971; x_wconf 90' lang='lat' dir='ltr'>Cap.</span> <span class='ocrx_word' id='word_1_122' title='bbox 311 921 360 961; x_wconf 87' lang='lat' dir='ltr'>xi.</span> <span class='ocrx_word' id='word_1_123' title='bbox 391 923 456 960; x_wconf 88' lang='lat' dir='ltr'>De</span> <span class='ocrx_word' id='word_1_124' title='bbox 478 922 693 972; x_wconf 76' lang='lat' dir='ltr'>Baptismo.</span> <span class='ocrx_word' id='word_1_125' title='bbox 699 921 982 972; x_wconf 85' lang='lat' dir='ltr'>—Baptismus</span> <span class='ocrx_word' id='word_1_126' title='bbox 1003 921 1210 971; x_wconf 82' lang='lat' dir='ltr'>vulgariter</span> <span class='ocrx_word' id='word_1_127' title='bbox 1236 897 1540 969; x_wconf 87' lang='lat' dir='ltr'>administretur,</span> 
     </span>
     <span class='ocr_line' id='line_1_16' title="bbox 139 974 1540 1036; baseline 0 -22"><span class='ocrx_word' id='word_1_128' title='bbox 139 975 178 1014; x_wconf 92' lang='lat' dir='ltr'>in</span> <span class='ocrx_word' id='word_1_129' title='bbox 216 989 297 1027; x_wconf 88' lang='lat' dir='ltr'>quo</span> <span class='ocrx_word' id='word_1_130' title='bbox 330 983 589 1036; x_wconf 80' lang='lat' dir='ltr'>posteaquam</span> <span class='ocrx_word' id='word_1_131' title='bbox 624 976 788 1015; x_wconf 92' lang='lat' dir='ltr'>verbum</span> <span class='ocrx_word' id='word_1_132' title='bbox 822 974 1067 1036; x_wconf 80' lang='lat' dir='ltr'>aliquamdiu</span> <span class='ocrx_word' id='word_1_133' title='bbox 1106 975 1220 1014; x_wconf 88' lang='lat' dir='ltr'>fuerit</span> <span class='ocrx_word' id='word_1_134' title='bbox 1258 974 1540 1026; x_wconf 89' lang='lat' dir='ltr'>praedicatum,</span> 
     </span>
     <span class='ocr_line' id='line_1_17' title="bbox 138 1028 1543 1090; baseline -0.001 -21"><span class='ocrx_word' id='word_1_135' title='bbox 138 1030 323 1069; x_wconf 90' lang='lat' dir='ltr'>nolumus</span> <span class='ocrx_word' id='word_1_136' title='bbox 361 1029 592 1069; x_wconf 90' lang='lat' dir='ltr'>unctionem</span> <span class='ocrx_word' id='word_1_137' title='bbox 626 1029 846 1069; x_wconf 88' lang='lat' dir='ltr'>chrismatis</span> <span class='ocrx_word' id='word_1_138' title='bbox 885 1028 1144 1080; x_wconf 88' lang='lat' dir='ltr'>pigmentarii,</span> <span class='ocrx_word' id='word_1_139' title='bbox 1182 1029 1303 1079; x_wconf 88' lang='lat' dir='ltr'>magis</span> <span class='ocrx_word' id='word_1_140' title='bbox 1339 1029 1543 1090; x_wconf 80' lang='lat' dir='ltr'>cupientes</span> 
     </span>
     <span class='ocr_line' id='line_1_18' title="bbox 139 1083 1543 1135; baseline -0.001 -12"><span class='ocrx_word' id='word_1_141' title='bbox 139 1083 342 1135; x_wconf 88' lang='lat' dir='ltr'>baptizatis</span> <span class='ocrx_word' id='word_1_142' title='bbox 370 1084 534 1135; x_wconf 86' lang='lat' dir='ltr'>Spiritus</span> <span class='ocrx_word' id='word_1_143' title='bbox 560 1084 706 1124; x_wconf 90' lang='lat' dir='ltr'>Christi</span> <span class='ocrx_word' id='word_1_144' title='bbox 734 1083 976 1123; x_wconf 90' lang='lat' dir='ltr'>unctionem.</span> <span class='ocrx_word' id='word_1_145' title='bbox 1036 1083 1316 1123; x_wconf 88' lang='lat' dir='ltr'>Interdicimus</span> <span class='ocrx_word' id='word_1_146' title='bbox 1343 1092 1475 1125; x_wconf 86' lang='lat' dir='ltr'>autem</span> <span class='ocrx_word' id='word_1_147' title='bbox 1503 1084 1543 1122; x_wconf 92' lang='lat' dir='ltr'>in</span> 
     </span>
     <span class='ocr_line' id='line_1_19' title="bbox 139 1137 1541 1189; baseline 0.001 -13"><span class='ocrx_word' id='word_1_148' title='bbox 139 1138 301 1178; x_wconf 89' lang='lat' dir='ltr'>nomine</span> <span class='ocrx_word' id='word_1_149' title='bbox 324 1137 488 1177; x_wconf 91' lang='lat' dir='ltr'>Domini</span> <span class='ocrx_word' id='word_1_150' title='bbox 508 1151 558 1177; x_wconf 90' lang='lat' dir='ltr'>ne</span> <span class='ocrx_word' id='word_1_151' title='bbox 579 1139 666 1189; x_wconf 89' lang='lat' dir='ltr'>quis</span> <span class='ocrx_word' id='word_1_152' title='bbox 693 1138 901 1189; x_wconf 87' lang='lat' dir='ltr'>prohibeat</span> <span class='ocrx_word' id='word_1_153' title='bbox 928 1137 1105 1177; x_wconf 88' lang='lat' dir='ltr'>fidelium</span> <span class='ocrx_word' id='word_1_154' title='bbox 1132 1139 1315 1188; x_wconf 91' lang='lat' dir='ltr'>parvulos</span> <span class='ocrx_word' id='word_1_155' title='bbox 1342 1138 1541 1187; x_wconf 85' lang='lat' dir='ltr'>baptizari,</span> 
     </span>
     <span class='ocr_line' id='line_1_20' title="bbox 139 1191 1543 1243; baseline 0.001 -13"><span class='ocrx_word' id='word_1_156' title='bbox 139 1191 170 1231; x_wconf 92' lang='lat' dir='ltr'>si</span> <span class='ocrx_word' id='word_1_157' title='bbox 191 1193 278 1243; x_wconf 91' lang='lat' dir='ltr'>quis</span> <span class='ocrx_word' id='word_1_158' title='bbox 298 1205 390 1231; x_wconf 89' lang='lat' dir='ltr'>vero</span> <span class='ocrx_word' id='word_1_159' title='bbox 411 1200 548 1231; x_wconf 89' lang='lat' dir='ltr'>contra</span> <span class='ocrx_word' id='word_1_160' title='bbox 567 1192 712 1240; x_wconf 87' lang='lat' dir='ltr'>fecerit,</span> <span class='ocrx_word' id='word_1_161' title='bbox 735 1192 1020 1231; x_wconf 89' lang='lat' dir='ltr'>communione</span> <span class='ocrx_word' id='word_1_162' title='bbox 1040 1191 1220 1242; x_wconf 89' lang='lat' dir='ltr'>privetur.</span> <span class='ocrx_word' id='word_1_163' title='bbox 1263 1192 1543 1231; x_wconf 88' lang='lat' dir='ltr'>Interdicimus</span> 
     </span>
     <span class='ocr_line' id='line_1_21' title="bbox 138 1246 1542 1297; baseline 0 -12"><span class='ocrx_word' id='word_1_164' title='bbox 138 1254 336 1297; x_wconf 89' lang='lat' dir='ltr'>praeterea</span> <span class='ocrx_word' id='word_1_165' title='bbox 359 1259 410 1285; x_wconf 89' lang='lat' dir='ltr'>ne</span> <span class='ocrx_word' id='word_1_166' title='bbox 439 1246 527 1297; x_wconf 91' lang='lat' dir='ltr'>quis</span> <span class='ocrx_word' id='word_1_167' title='bbox 557 1248 690 1286; x_wconf 91' lang='lat' dir='ltr'>denuo</span> <span class='ocrx_word' id='word_1_168' title='bbox 710 1246 940 1297; x_wconf 88' lang='lat' dir='ltr'>baptizetur.</span> <span class='ocrx_word' id='word_1_169' title='bbox 999 1247 1121 1295; x_wconf 87' lang='lat' dir='ltr'>Quod</span> <span class='ocrx_word' id='word_1_170' title='bbox 1142 1246 1174 1285; x_wconf 89' lang='lat' dir='ltr'>si</span> <span class='ocrx_word' id='word_1_171' title='bbox 1197 1246 1266 1296; x_wconf 92' lang='lat' dir='ltr'>qui</span> <span class='ocrx_word' id='word_1_172' title='bbox 1292 1248 1542 1296; x_wconf 88' lang='lat' dir='ltr'>parvulorum</span> 
     </span>
     <span class='ocr_line' id='line_1_22' title="bbox 139 1300 1544 1351; baseline -0.001 -11"><span class='ocrx_word' id='word_1_173' title='bbox 139 1301 190 1340; x_wconf 83' lang='lat' dir='ltr'>ab</span> <span class='ocrx_word' id='word_1_174' title='bbox 219 1300 496 1340; x_wconf 84' lang='lat' dir='ltr'>obstetricibus</span> <span class='ocrx_word' id='word_1_175' title='bbox 525 1309 593 1340; x_wconf 88' lang='lat' dir='ltr'>aut</span> <span class='ocrx_word' id='word_1_176' title='bbox 621 1301 707 1339; x_wconf 89' lang='lat' dir='ltr'>aliis</span> <span class='ocrx_word' id='word_1_177' title='bbox 737 1300 941 1351; x_wconf 88' lang='lat' dir='ltr'>quibusvis</span> <span class='ocrx_word' id='word_1_178' title='bbox 971 1301 1192 1339; x_wconf 87' lang='lat' dir='ltr'>secundum</span> <span class='ocrx_word' id='word_1_179' title='bbox 1218 1300 1365 1340; x_wconf 88' lang='lat' dir='ltr'>Christi</span> <span class='ocrx_word' id='word_1_180' title='bbox 1394 1300 1544 1340; x_wconf 90' lang='lat' dir='ltr'>institu-</span> 
     </span>
     <span class='ocr_line' id='line_1_23' title="bbox 140 1354 1543 1406; baseline 0 -13"><span class='ocrx_word' id='word_1_181' title='bbox 140 1354 287 1395; x_wconf 82' lang='lat' dir='ltr'>tionem</span> <span class='ocrx_word' id='word_1_182' title='bbox 317 1354 357 1393; x_wconf 90' lang='lat' dir='ltr'>in</span> <span class='ocrx_word' id='word_1_183' title='bbox 387 1362 518 1406; x_wconf 91' lang='lat' dir='ltr'>partus</span> <span class='ocrx_word' id='word_1_184' title='bbox 549 1355 724 1406; x_wconf 88' lang='lat' dir='ltr'>periculo</span> <span class='ocrx_word' id='word_1_185' title='bbox 752 1357 860 1394; x_wconf 89' lang='lat' dir='ltr'>suere</span> <span class='ocrx_word' id='word_1_186' title='bbox 890 1354 1086 1405; x_wconf 85' lang='lat' dir='ltr'>baptizati,</span> <span class='ocrx_word' id='word_1_187' title='bbox 1124 1356 1348 1394; x_wconf 89' lang='lat' dir='ltr'>nullatenus</span> <span class='ocrx_word' id='word_1_188' title='bbox 1378 1355 1543 1406; x_wconf 90' lang='lat' dir='ltr'>rebapti-</span> 
     </span>
     <span class='ocr_line' id='line_1_24' title="bbox 139 1416 375 1448; baseline 0.004 -1"><span class='ocrx_word' id='word_1_189' title='bbox 139 1416 281 1448; x_wconf 88' lang='lat' dir='ltr'>zentur.</span> <span class='ocrx_word' id='word_1_190' title='bbox 306 1440 314 1448; x_wconf 90' lang='lat'>.</span> <span class='ocrx_word' id='word_1_191' title='bbox 336 1440 343 1447; x_wconf 94' lang='lat'>.</span> <span class='ocrx_word' id='word_1_192' title='bbox 367 1439 375 1448; x_wconf 86' lang='lat'>.</span> 
     </span>
    </p>

    <p class='ocr_par' dir='ltr' id='par_1_5' title="bbox 141 1463 1544 1730">
     <span class='ocr_line' id='line_1_25' title="bbox 193 1463 1544 1514; baseline -0.001 -11"><span class='ocrx_word' id='word_1_193' title='bbox 193 1463 291 1513; x_wconf 90' lang='lat' dir='ltr'>Cap.</span> <span class='ocrx_word' id='word_1_194' title='bbox 312 1463 373 1502; x_wconf 85' lang='lat' dir='ltr'>xii.</span> <span class='ocrx_word' id='word_1_195' title='bbox 403 1465 468 1502; x_wconf 89' lang='lat' dir='ltr'>De</span> <span class='ocrx_word' id='word_1_196' title='bbox 496 1464 739 1514; x_wconf 75' lang='lat' dir='ltr'>infirmorum</span> <span class='ocrx_word' id='word_1_197' title='bbox 764 1463 1097 1502; x_wconf 80' lang='lat' dir='ltr'>Visitatione.—Si</span> <span class='ocrx_word' id='word_1_198' title='bbox 1118 1463 1205 1513; x_wconf 90' lang='lat' dir='ltr'>quis</span> <span class='ocrx_word' id='word_1_199' title='bbox 1236 1464 1412 1502; x_wconf 91' lang='lat' dir='ltr'>fidelium</span> <span class='ocrx_word' id='word_1_200' title='bbox 1443 1465 1544 1502; x_wconf 88' lang='lat' dir='ltr'>infir-</span> 
     </span>
     <span class='ocr_line' id='line_1_26' title="bbox 142 1517 1544 1568; baseline 0.001 -13"><span class='ocrx_word' id='word_1_201' title='bbox 142 1525 278 1566; x_wconf 89' lang='lat' dir='ltr'>matur,</span> <span class='ocrx_word' id='word_1_202' title='bbox 313 1531 405 1556; x_wconf 91' lang='lat' dir='ltr'>mox</span> <span class='ocrx_word' id='word_1_203' title='bbox 438 1525 481 1557; x_wconf 91' lang='lat' dir='ltr'>ut</span> <span class='ocrx_word' id='word_1_204' title='bbox 511 1525 651 1557; x_wconf 88' lang='lat' dir='ltr'>notum</span> <span class='ocrx_word' id='word_1_205' title='bbox 682 1526 740 1557; x_wconf 91' lang='lat' dir='ltr'>est</span> <span class='ocrx_word' id='word_1_206' title='bbox 770 1517 958 1568; x_wconf 89' lang='lat' dir='ltr'>episcopo</span> <span class='ocrx_word' id='word_1_207' title='bbox 987 1525 1054 1556; x_wconf 91' lang='lat' dir='ltr'>aut</span> <span class='ocrx_word' id='word_1_208' title='bbox 1089 1517 1172 1556; x_wconf 89' lang='lat' dir='ltr'>eius</span> <span class='ocrx_word' id='word_1_209' title='bbox 1201 1517 1384 1566; x_wconf 89' lang='lat' dir='ltr'>adiutori,</span> <span class='ocrx_word' id='word_1_210' title='bbox 1415 1518 1544 1557; x_wconf 90' lang='lat' dir='ltr'>visitet</span> 
     </span>
     <span class='ocr_line' id='line_1_27' title="bbox 141 1570 1543 1623; baseline 0.001 -14"><span class='ocrx_word' id='word_1_211' title='bbox 141 1570 337 1611; x_wconf 90' lang='lat' dir='ltr'>infirmum</span> <span class='ocrx_word' id='word_1_212' title='bbox 367 1585 459 1611; x_wconf 92' lang='lat' dir='ltr'>cum</span> <span class='ocrx_word' id='word_1_213' title='bbox 488 1572 639 1623; x_wconf 92' lang='lat' dir='ltr'>aliquot</span> <span class='ocrx_word' id='word_1_214' title='bbox 668 1572 889 1611; x_wconf 88' lang='lat' dir='ltr'>senioribus</span> <span class='ocrx_word' id='word_1_215' title='bbox 922 1579 960 1611; x_wconf 89' lang='lat' dir='ltr'>et</span> <span class='ocrx_word' id='word_1_216' title='bbox 990 1579 1102 1611; x_wconf 91' lang='lat' dir='ltr'>orent</span> <span class='ocrx_word' id='word_1_217' title='bbox 1138 1574 1270 1611; x_wconf 91' lang='lat' dir='ltr'>Deum</span> <span class='ocrx_word' id='word_1_218' title='bbox 1304 1585 1374 1622; x_wconf 91' lang='lat' dir='ltr'>pro</span> <span class='ocrx_word' id='word_1_219' title='bbox 1406 1585 1464 1619; x_wconf 90' lang='lat' dir='ltr'>eo,</span> <span class='ocrx_word' id='word_1_220' title='bbox 1502 1581 1543 1611; x_wconf 89' lang='lat' dir='ltr'>ut</span> 
     </span>
     <span class='ocr_line' id='line_1_28' title="bbox 141 1626 1543 1677; baseline 0.001 -14"><span class='ocrx_word' id='word_1_221' title='bbox 141 1637 257 1664; x_wconf 90' lang='lat' dir='ltr'>sanus</span> <span class='ocrx_word' id='word_1_222' title='bbox 296 1627 372 1665; x_wconf 89' lang='lat' dir='ltr'>fiat.</span> <span class='ocrx_word' id='word_1_223' title='bbox 405 1655 414 1664; x_wconf 90' lang='lat'>.</span> <span class='ocrx_word' id='word_1_224' title='bbox 443 1658 450 1665; x_wconf 90' lang='lat'>.</span> <span class='ocrx_word' id='word_1_225' title='bbox 480 1657 487 1665; x_wconf 91' lang='lat'>.</span> <span class='ocrx_word' id='word_1_226' title='bbox 521 1628 571 1666; x_wconf 89' lang='lat' dir='ltr'>Et</span> <span class='ocrx_word' id='word_1_227' title='bbox 610 1640 725 1677; x_wconf 90' lang='lat' dir='ltr'>super</span> <span class='ocrx_word' id='word_1_228' title='bbox 764 1626 856 1677; x_wconf 90' lang='lat' dir='ltr'>ipsis</span> <span class='ocrx_word' id='word_1_229' title='bbox 896 1626 1060 1665; x_wconf 85' lang='lat' dir='ltr'>infirmis</span> <span class='ocrx_word' id='word_1_230' title='bbox 1099 1626 1337 1676; x_wconf 89' lang='lat' dir='ltr'>pauperibus</span> <span class='ocrx_word' id='word_1_231' title='bbox 1375 1626 1543 1665; x_wconf 89' lang='lat' dir='ltr'>Diaconi</span> 
     </span>
     <span class='ocr_line' id='line_1_29' title="bbox 141 1679 549 1730; baseline 0.007 -13"><span class='ocrx_word' id='word_1_232' title='bbox 141 1679 308 1719; x_wconf 88' lang='lat' dir='ltr'>maxime</span> <span class='ocrx_word' id='word_1_233' title='bbox 336 1680 549 1730; x_wconf 86' lang='lat' dir='ltr'>invigilent.</span> 
     </span>
    </p>

    <p class='ocr_par' dir='ltr' id='par_1_6' title="bbox 141 1733 1543 2268">
     <span class='ocr_line' id='line_1_30' title="bbox 194 1733 1541 1784; baseline -0.001 -11"><span class='ocrx_word' id='word_1_234' title='bbox 194 1733 289 1784; x_wconf 89' lang='lat' dir='ltr'>Cap.</span> <span class='ocrx_word' id='word_1_235' title='bbox 312 1733 387 1772; x_wconf 87' lang='lat' dir='ltr'>xiii.</span> <span class='ocrx_word' id='word_1_236' title='bbox 420 1736 483 1772; x_wconf 86' lang='lat' dir='ltr'>De</span> <span class='ocrx_word' id='word_1_237' title='bbox 503 1736 601 1773; x_wconf 80' lang='lat' dir='ltr'>Ritu</span> <span class='ocrx_word' id='word_1_238' title='bbox 623 1735 942 1784; x_wconf 59' lang='lat' dir='ltr'>&amp;pellendi—N</span> <span class='ocrx_word' id='word_1_239' title='bbox 947 1747 1037 1773; x_wconf 89' lang='lat' dir='ltr'>emo</span> <span class='ocrx_word' id='word_1_240' title='bbox 1058 1734 1267 1784; x_wconf 85' lang='lat' dir='ltr'>sepeliatur</span> <span class='ocrx_word' id='word_1_241' title='bbox 1294 1734 1333 1772; x_wconf 86' lang='lat' dir='ltr'>in</span> <span class='ocrx_word' id='word_1_242' title='bbox 1354 1735 1541 1779; x_wconf 76' lang='lat' dir='ltr'>claustris,</span> 
     </span>
     <span class='ocr_line' id='line_1_31' title="bbox 141 1787 1543 1839; baseline 0.001 -15"><span class='ocrx_word' id='word_1_243' title='bbox 141 1799 191 1825; x_wconf 89' lang='lat' dir='ltr'>ne</span> <span class='ocrx_word' id='word_1_244' title='bbox 219 1787 449 1837; x_wconf 90' lang='lat' dir='ltr'>praeteritae</span> <span class='ocrx_word' id='word_1_245' title='bbox 474 1788 793 1827; x_wconf 86' lang='lat' dir='ltr'>abominationes</span> <span class='ocrx_word' id='word_1_246' title='bbox 821 1790 955 1827; x_wconf 90' lang='lat' dir='ltr'>denuo</span> <span class='ocrx_word' id='word_1_247' title='bbox 982 1788 1099 1827; x_wconf 87' lang='lat' dir='ltr'>statui</span> <span class='ocrx_word' id='word_1_248' title='bbox 1120 1788 1339 1836; x_wconf 89' lang='lat' dir='ltr'>videantur,</span> <span class='ocrx_word' id='word_1_249' title='bbox 1367 1788 1543 1839; x_wconf 85' lang='lat' dir='ltr'>alioquin</span> 
     </span>
     <span class='ocr_line' id='line_1_32' title="bbox 142 1841 1542 1903; baseline 0.001 -24"><span class='ocrx_word' id='word_1_250' title='bbox 142 1841 350 1890; x_wconf 88' lang='lat' dir='ltr'>sepeliatur</span> <span class='ocrx_word' id='word_1_251' title='bbox 393 1842 664 1903; x_wconf 81' lang='lat' dir='ltr'>unusquisque</span> <span class='ocrx_word' id='word_1_252' title='bbox 708 1842 775 1880; x_wconf 92' lang='lat' dir='ltr'>ubi</span> <span class='ocrx_word' id='word_1_253' title='bbox 815 1841 979 1881; x_wconf 90' lang='lat' dir='ltr'>voluerit</span> <span class='ocrx_word' id='word_1_254' title='bbox 1023 1844 1205 1893; x_wconf 82' lang='lat' dir='ltr'>exemplo</span> <span class='ocrx_word' id='word_1_255' title='bbox 1244 1842 1461 1881; x_wconf 89' lang='lat' dir='ltr'>Abrahami</span> <span class='ocrx_word' id='word_1_256' title='bbox 1506 1852 1542 1881; x_wconf 88' lang='lat' dir='ltr'>et</span> 
     </span>
     <span class='ocr_line' id='line_1_33' title="bbox 144 1895 1540 1948; baseline 0.001 -16"><span class='ocrx_word' id='word_1_257' title='bbox 144 1895 310 1933; x_wconf 90' lang='lat' dir='ltr'>Patrum.</span> <span class='ocrx_word' id='word_1_258' title='bbox 373 1897 523 1934; x_wconf 91' lang='lat' dir='ltr'>Verum</span> <span class='ocrx_word' id='word_1_259' title='bbox 563 1897 655 1946; x_wconf 86' lang='lat' dir='ltr'>quia</span> <span class='ocrx_word' id='word_1_260' title='bbox 695 1896 806 1934; x_wconf 91' lang='lat' dir='ltr'>multi</span> <span class='ocrx_word' id='word_1_261' title='bbox 846 1909 927 1935; x_wconf 92' lang='lat' dir='ltr'>non</span> <span class='ocrx_word' id='word_1_262' title='bbox 970 1896 1118 1935; x_wconf 90' lang='lat' dir='ltr'>habent</span> <span class='ocrx_word' id='word_1_263' title='bbox 1156 1896 1313 1948; x_wconf 90' lang='lat' dir='ltr'>propria</span> <span class='ocrx_word' id='word_1_264' title='bbox 1351 1898 1540 1947; x_wconf 84' lang='lat' dir='ltr'>sepulcra,</span> 
     </span>
     <span class='ocr_line' id='line_1_34' title="bbox 141 1947 1543 2011; baseline 0.001 -24"><span class='ocrx_word' id='word_1_265' title='bbox 141 1947 255 1998; x_wconf 75' lang='lat' dir='ltr'>eligat</span> <span class='ocrx_word' id='word_1_266' title='bbox 275 1949 441 1988; x_wconf 89' lang='lat' dir='ltr'>ecclesia</span> <span class='ocrx_word' id='word_1_267' title='bbox 460 1950 660 2000; x_wconf 90' lang='lat' dir='ltr'>quaelibet</span> <span class='ocrx_word' id='word_1_268' title='bbox 681 1951 812 1989; x_wconf 90' lang='lat' dir='ltr'>locum</span> <span class='ocrx_word' id='word_1_269' title='bbox 835 1964 970 1998; x_wconf 88' lang='lat' dir='ltr'>unum,</span> <span class='ocrx_word' id='word_1_270' title='bbox 994 1950 1033 1989; x_wconf 93' lang='lat' dir='ltr'>in</span> <span class='ocrx_word' id='word_1_271' title='bbox 1055 1963 1135 2011; x_wconf 86' lang='lat' dir='ltr'>quo</span> <span class='ocrx_word' id='word_1_272' title='bbox 1155 1950 1323 1989; x_wconf 90' lang='lat' dir='ltr'>liberum</span> <span class='ocrx_word' id='word_1_273' title='bbox 1349 1951 1396 1989; x_wconf 91' lang='lat' dir='ltr'>sit</span> <span class='ocrx_word' id='word_1_274' title='bbox 1420 1950 1543 1990; x_wconf 89' lang='lat' dir='ltr'>cuivis</span> 
     </span>
     <span class='ocr_line' id='line_1_35' title="bbox 143 2001 1542 2055; baseline 0.002 -15"><span class='ocrx_word' id='word_1_275' title='bbox 143 2001 246 2040; x_wconf 88' lang='lat' dir='ltr'>fideli</span> <span class='ocrx_word' id='word_1_276' title='bbox 275 2003 439 2053; x_wconf 89' lang='lat' dir='ltr'>sepeliri,</span> <span class='ocrx_word' id='word_1_277' title='bbox 476 2005 598 2043; x_wconf 91' lang='lat' dir='ltr'>modo</span> <span class='ocrx_word' id='word_1_278' title='bbox 627 2018 708 2043; x_wconf 90' lang='lat' dir='ltr'>non</span> <span class='ocrx_word' id='word_1_279' title='bbox 739 2004 786 2043; x_wconf 88' lang='lat' dir='ltr'>sit</span> <span class='ocrx_word' id='word_1_280' title='bbox 816 2004 1193 2044; x_wconf 86' lang='lat' dir='ltr'>excommunicatus.</span> <span class='ocrx_word' id='word_1_281' title='bbox 1255 2006 1303 2043; x_wconf 94' lang='lat' dir='ltr'>In</span> <span class='ocrx_word' id='word_1_282' title='bbox 1333 2005 1542 2055; x_wconf 85' lang='lat' dir='ltr'>sepulturis</span> 
     </span>
     <span class='ocr_line' id='line_1_36' title="bbox 142 2056 1542 2110; baseline 0.003 -16"><span class='ocrx_word' id='word_1_283' title='bbox 142 2056 279 2105; x_wconf 89' lang='lat' dir='ltr'>psalmi</span> <span class='ocrx_word' id='word_1_284' title='bbox 298 2057 419 2108; x_wconf 88' lang='lat' dir='ltr'>aliqui</span> <span class='ocrx_word' id='word_1_285' title='bbox 439 2059 616 2109; x_wconf 87' lang='lat' dir='ltr'>legantur</span> <span class='ocrx_word' id='word_1_286' title='bbox 642 2060 693 2097; x_wconf 93' lang='lat' dir='ltr'>ad</span> <span class='ocrx_word' id='word_1_287' title='bbox 721 2058 911 2098; x_wconf 90' lang='lat' dir='ltr'>iudicium</span> <span class='ocrx_word' id='word_1_288' title='bbox 932 2058 1141 2098; x_wconf 88' lang='lat' dir='ltr'>cuiuslibet</span> <span class='ocrx_word' id='word_1_289' title='bbox 1162 2059 1348 2110; x_wconf 89' lang='lat' dir='ltr'>episcopi,</span> <span class='ocrx_word' id='word_1_290' title='bbox 1372 2068 1410 2098; x_wconf 86' lang='lat' dir='ltr'>et</span> <span class='ocrx_word' id='word_1_291' title='bbox 1430 2067 1542 2098; x_wconf 88' lang='lat' dir='ltr'>orent</span> 
     </span>
     <span class='ocr_line' id='line_1_37' title="bbox 142 2109 1542 2163; baseline 0.002 -15"><span class='ocrx_word' id='word_1_292' title='bbox 142 2120 211 2158; x_wconf 90' lang='lat' dir='ltr'>pro</span> <span class='ocrx_word' id='word_1_293' title='bbox 230 2109 336 2158; x_wconf 87' lang='lat' dir='ltr'>vivis,</span> <span class='ocrx_word' id='word_1_294' title='bbox 368 2120 410 2150; x_wconf 91' lang='lat' dir='ltr'>ut</span> <span class='ocrx_word' id='word_1_295' title='bbox 439 2120 575 2152; x_wconf 89' lang='lat' dir='ltr'>sancte</span> <span class='ocrx_word' id='word_1_296' title='bbox 594 2112 726 2152; x_wconf 90' lang='lat' dir='ltr'>vivant</span> <span class='ocrx_word' id='word_1_297' title='bbox 756 2121 793 2152; x_wconf 91' lang='lat' dir='ltr'>et</span> <span class='ocrx_word' id='word_1_298' title='bbox 824 2113 1049 2153; x_wconf 90' lang='lat' dir='ltr'>moriantur.</span> <span class='ocrx_word' id='word_1_299' title='bbox 1107 2113 1256 2153; x_wconf 91' lang='lat' dir='ltr'>Omnia</span> <span class='ocrx_word' id='word_1_300' title='bbox 1283 2121 1416 2152; x_wconf 91' lang='lat' dir='ltr'>autem</span> <span class='ocrx_word' id='word_1_301' title='bbox 1436 2113 1542 2163; x_wconf 88' lang='lat' dir='ltr'>vulgi</span> 
     </span>
     <span class='ocr_line' id='line_1_38' title="bbox 142 2161 1541 2227; baseline 0.003 -27"><span class='ocrx_word' id='word_1_302' title='bbox 142 2161 272 2213; x_wconf 89' lang='lat' dir='ltr'>lingua</span> <span class='ocrx_word' id='word_1_303' title='bbox 298 2165 404 2213; x_wconf 90' lang='lat' dir='ltr'>fiant,</span> <span class='ocrx_word' id='word_1_304' title='bbox 436 2174 569 2206; x_wconf 89' lang='lat' dir='ltr'>tamen</span> <span class='ocrx_word' id='word_1_305' title='bbox 599 2166 630 2206; x_wconf 90' lang='lat' dir='ltr'>si</span> <span class='ocrx_word' id='word_1_306' title='bbox 664 2179 814 2227; x_wconf 82' lang='lat' dir='ltr'>omnes,</span> <span class='ocrx_word' id='word_1_307' title='bbox 846 2167 914 2218; x_wconf 89' lang='lat' dir='ltr'>qui</span> <span class='ocrx_word' id='word_1_308' title='bbox 944 2168 1167 2218; x_wconf 89' lang='lat' dir='ltr'>sepulturae</span> <span class='ocrx_word' id='word_1_309' title='bbox 1193 2167 1399 2214; x_wconf 87' lang='lat' dir='ltr'>intersunt,</span> <span class='ocrx_word' id='word_1_310' title='bbox 1432 2167 1541 2206; x_wconf 88' lang='lat' dir='ltr'>latini</span> 
     </span>
     <span class='ocr_line' id='line_1_39' title="bbox 142 2220 892 2268; baseline 0.008 -14"><span class='ocrx_word' id='word_1_311' title='bbox 142 2224 241 2264; x_wconf 88' lang='lat' dir='ltr'>sunt,</span> <span class='ocrx_word' id='word_1_312' title='bbox 264 2227 429 2268; x_wconf 90' lang='lat' dir='ltr'>possunt</span> <span class='ocrx_word' id='word_1_313' title='bbox 449 2228 487 2259; x_wconf 88' lang='lat' dir='ltr'>et</span> <span class='ocrx_word' id='word_1_314' title='bbox 507 2220 627 2259; x_wconf 89' lang='lat' dir='ltr'>latine</span> <span class='ocrx_word' id='word_1_315' title='bbox 647 2221 782 2259; x_wconf 91' lang='lat' dir='ltr'>omnia</span> <span class='ocrx_word' id='word_1_316' title='bbox 801 2221 892 2260; x_wconf 90' lang='lat' dir='ltr'>dici.</span> 
     </span>
    </p>

    <p class='ocr_par' dir='ltr' id='par_1_7' title="bbox 143 2247 1541 2541">
     <span class='ocr_line' id='line_1_40' title="bbox 196 2247 1540 2326; baseline 0.003 -17"><span class='ocrx_word' id='word_1_317' title='bbox 196 2247 453 2312; x_wconf 74' lang='lat' dir='ltr'>Dimittantur</span> <span class='ocrx_word' id='word_1_318' title='bbox 472 2287 643 2325; x_wconf 89' lang='lat' dir='ltr'>pompae</span> <span class='ocrx_word' id='word_1_319' title='bbox 663 2282 702 2314; x_wconf 90' lang='lat' dir='ltr'>et</span> <span class='ocrx_word' id='word_1_320' title='bbox 722 2274 926 2326; x_wconf 87' lang='lat' dir='ltr'>impensae</span> <span class='ocrx_word' id='word_1_321' title='bbox 947 2276 1142 2314; x_wconf 86' lang='lat' dir='ltr'>funerales</span> <span class='ocrx_word' id='word_1_322' title='bbox 1164 2275 1394 2326; x_wconf 87' lang='lat' dir='ltr'>superfluae,</span> <span class='ocrx_word' id='word_1_323' title='bbox 1418 2275 1540 2325; x_wconf 89' lang='lat' dir='ltr'>magis</span> 
     </span>
     <span class='ocr_line' id='line_1_41' title="bbox 143 2327 1540 2380; baseline 0.004 -19"><span class='ocrx_word' id='word_1_324' title='bbox 143 2330 272 2363; x_wconf 88' lang='lat' dir='ltr'>autem</span> <span class='ocrx_word' id='word_1_325' title='bbox 292 2327 529 2377; x_wconf 90' lang='lat' dir='ltr'>pauperibus</span> <span class='ocrx_word' id='word_1_326' title='bbox 549 2328 837 2379; x_wconf 89' lang='lat' dir='ltr'>dispensentur,</span> <span class='ocrx_word' id='word_1_327' title='bbox 860 2343 962 2380; x_wconf 89' lang='lat' dir='ltr'>quae</span> <span class='ocrx_word' id='word_1_328' title='bbox 991 2329 1030 2368; x_wconf 95' lang='lat' dir='ltr'>in</span> <span class='ocrx_word' id='word_1_329' title='bbox 1052 2329 1112 2367; x_wconf 89' lang='lat' dir='ltr'>his</span> <span class='ocrx_word' id='word_1_330' title='bbox 1133 2331 1272 2368; x_wconf 84' lang='lat' dir='ltr'>frustra</span> <span class='ocrx_word' id='word_1_331' title='bbox 1301 2329 1540 2367; x_wconf 86' lang='lat' dir='ltr'>insumeren-</span> 
     </span>
     <span class='ocr_line' id='line_1_42' title="bbox 143 2380 1541 2422; baseline 0.005 -8"><span class='ocrx_word' id='word_1_332' title='bbox 143 2382 213 2416; x_wconf 86' lang='lat' dir='ltr'>tur.</span> <span class='ocrx_word' id='word_1_333' title='bbox 271 2380 535 2420; x_wconf 88' lang='lat' dir='ltr'>Laudandum</span> <span class='ocrx_word' id='word_1_334' title='bbox 574 2390 707 2421; x_wconf 91' lang='lat' dir='ltr'>autem</span> <span class='ocrx_word' id='word_1_335' title='bbox 745 2383 777 2421; x_wconf 92' lang='lat' dir='ltr'>si</span> <span class='ocrx_word' id='word_1_336' title='bbox 813 2383 853 2421; x_wconf 90' lang='lat' dir='ltr'>in</span> <span class='ocrx_word' id='word_1_337' title='bbox 887 2385 1023 2422; x_wconf 90' lang='lat' dir='ltr'>funere</span> <span class='ocrx_word' id='word_1_338' title='bbox 1061 2384 1252 2422; x_wconf 88' lang='lat' dir='ltr'>habeatur</span> <span class='ocrx_word' id='word_1_339' title='bbox 1289 2390 1356 2420; x_wconf 91' lang='lat' dir='ltr'>aut</span> <span class='ocrx_word' id='word_1_340' title='bbox 1389 2382 1541 2421; x_wconf 87' lang='lat' dir='ltr'>sincera</span> 
     </span>
     <span class='ocr_line' id='line_1_43' title="bbox 143 2432 1537 2487; baseline 0.004 -18"><span class='ocrx_word' id='word_1_341' title='bbox 143 2432 378 2478; x_wconf 85' lang='lat' dir='ltr'>praedicatio</span> <span class='ocrx_word' id='word_1_342' title='bbox 397 2435 504 2474; x_wconf 90' lang='lat' dir='ltr'>verbi</span> <span class='ocrx_word' id='word_1_343' title='bbox 528 2435 615 2483; x_wconf 89' lang='lat' dir='ltr'>Dei,</span> <span class='ocrx_word' id='word_1_344' title='bbox 637 2444 704 2475; x_wconf 90' lang='lat' dir='ltr'>aut</span> <span class='ocrx_word' id='word_1_345' title='bbox 724 2438 862 2475; x_wconf 90' lang='lat' dir='ltr'>saltem</span> <span class='ocrx_word' id='word_1_346' title='bbox 883 2437 989 2476; x_wconf 85' lang='lat' dir='ltr'>iuxta</span> <span class='ocrx_word' id='word_1_347' title='bbox 1009 2437 1138 2487; x_wconf 91' lang='lat' dir='ltr'>ipsum</span> <span class='ocrx_word' id='word_1_348' title='bbox 1160 2436 1286 2476; x_wconf 84' lang='lat' dir='ltr'>brevis</span> <span class='ocrx_word' id='word_1_349' title='bbox 1306 2435 1537 2475; x_wconf 85' lang='lat' dir='ltr'>admonitio.</span> 
     </span>
     <span class='ocr_line' id='line_1_44' title="bbox 145 2482 1537 2541; baseline 0.004 -19"><span class='ocrx_word' id='word_1_350' title='bbox 145 2482 273 2523; x_wconf 88' lang='lat' dir='ltr'>Nemo</span> <span class='ocrx_word' id='word_1_351' title='bbox 311 2487 360 2526; x_wconf 91' lang='lat' dir='ltr'>de</span> <span class='ocrx_word' id='word_1_352' title='bbox 391 2490 563 2527; x_wconf 87' lang='lat' dir='ltr'>conficto</span> <span class='ocrx_word' id='word_1_353' title='bbox 595 2491 661 2528; x_wconf 92' lang='lat' dir='ltr'>illo</span> <span class='ocrx_word' id='word_1_354' title='bbox 693 2491 917 2541; x_wconf 86' lang='lat' dir='ltr'>purgatorio</span> <span class='ocrx_word' id='word_1_355' title='bbox 950 2492 1098 2530; x_wconf 87' lang='lat' dir='ltr'>amodo</span> <span class='ocrx_word' id='word_1_356' title='bbox 1132 2490 1344 2540; x_wconf 87' lang='lat' dir='ltr'>quicquam</span> <span class='ocrx_word' id='word_1_357' title='bbox 1385 2490 1537 2536; x_wconf 87' lang='lat' dir='ltr'>doceat,</span> 
     </span>
    </p>
   </div>
   <div class='ocr_carea' id='block_1_3' title="bbox 799 2560 876 2593">
    <p class='ocr_par' dir='ltr' id='par_1_8' title="bbox 799 2560 876 2593">
     <span class='ocr_line' id='line_1_45' title="bbox 799 2560 876 2593; baseline 0 -7"><span class='ocrx_word' id='word_1_358' title='bbox 799 2560 876 2593; x_wconf 89' lang='lat' dir='ltr'>Q2</span> 
     </span>
    </p>
   </div>
  </div>
 </body>
</html>
