1715 2780
191 91 242 127 8ss
281 88 401 127 THE
424 87 561 126 DIET
584 87 655 126 OF
676 86 892 132 WORMS,
919 96 964 133 27
988 85 1210 134 JAN.--25
1236 84 1368 130 MAY,
1395 93 1493 132 1521
1534 92 1588 131 45

192 198 446 244 promoveat,
484 191 553 229 sed
588 188 830 238 ubicumque
863 188 1041 226 locorum
1080 185 1120 224 in
1158 198 1249 224 eum
1288 184 1514 232 incideritis,
1555 185 1586 224 si

193 253 345 284 tantum
370 243 566 283 habebitis
586 242 736 289 virium,
759 241 933 280 vinctum
958 238 1303 290 comprehendatis
1330 238 1586 289 diligentique

192 306 372 350 saeptum
403 297 582 336 custodia
612 296 726 335 nobis
747 297 807 334 vel
836 294 1043 334 adducatis
1072 293 1146 344 ipsi
1167 294 1227 331 vel
1256 292 1402 331 adduci
1431 292 1583 338 curetis,

192 361 259 393 aut
289 354 426 392 saltem
456 350 642 401 evestigio
664 349 778 389 nobis
804 349 871 387 ubi
901 355 1038 399 captus
1068 346 1182 386 fuerit
1210 346 1403 394 indicetis,
1425 346 1586 385 interea-

193 421 270 458 que
297 419 451 446 carcere
481 407 657 444 clausum
683 403 936 454 providenter
959 400 1163 440 asservetis
1191 401 1320 439 donec
1341 401 1450 451 quod
1470 414 1586 451 porro

193 461 247 499 illi
277 461 525 499 inferendum
556 458 604 497 sit
634 457 934 496 instructionem
964 463 1136 494 nostram
1166 453 1406 505 acceperitis,
1437 467 1586 505 vosque

193 522 351 566 propter
371 512 598 552 huiusmodi
620 519 799 550 sanctum
821 518 859 549 et
880 511 988 561 pium
1010 522 1120 560 opuS‚
1143 510 1194 547 ad
1221 507 1586 559 compensationem

194 570 374 608 laborum
396 580 556 618 quoque
577 573 615 605 et
637 572 865 616 sumptuum
888 563 1057 615 benigne
1078 561 1392 601 remuneremini.

251 625 309 661 28.
342 624 491 661 Verum
526 628 661 659 contra
691 619 792 658 illius
822 618 1074 665 necessarios,
1108 616 1352 663 coniunctos,
1385 615 1584 662 thiasotas,

194 686 391 728 patronos,
414 677 570 723 altores,
590 676 772 721 fautores,
795 672 1100 719 consentientes,
1121 672 1298 709 aemulos
1322 677 1441 720 atque
1464 669 1588 708 imita-

194 740 306 778 tores,
331 732 552 779 horumque
573 728 734 767 mobilia
754 728 814 766 vel
835 725 1055 765 immobilia
1073 726 1192 773 bona,
1213 724 1377 771 debetis,
1395 723 1436 762 in
1456 723 1587 774 vigore

194 793 352 824 sanctae
382 782 674 822 constitutionis
704 789 859 819 nostrae
889 788 927 819 et
958 778 1117 830 Imperii
1144 777 1438 828 proscriptionis
1466 785 1504 816 et
1528 791 1588 816 ex-

196 836 577 884 communicationis,
596 837 672 874 hoc
688 835 825 873 ordine
842 835 1071 884 procedere:
1102 832 1295 879 videlicet,
1314 833 1384 870 iter
1399 831 1587 870 facientes

195 900 450 943 prosternere,
480 891 736 940 prehendere,
766 890 942 927 fortunas
976 887 1153 937 diripere,
1184 887 1235 925 ad
1264 893 1434 925 vestrum
1464 885 1589 924 domi-

193 947 302 985 nium
332 946 548 992 transferre,
571 943 730 982 nemine
754 944 936 981 obstante
957 943 1017 980 vel
1046 939 1310 991 impediente:
1350 946 1524 989 excepto,
1557 938 1588 977 si

192 999 450 1039 verisimiliter
478 997 811 1048 probabiliterque
839 997 1084 1041 confirment,
1116 1008 1158 1033 se
1186 995 1260 1032 hac
1290 995 1499 1044 scopulosa
1526 993 1588 1031 via

192 1055 346 1093 deserta
367 1052 615 1091 Pontificiam
636 1050 925 1089 absolutionem
947 1050 1186 1099 impetrasse.

251 1122 308 1157 29.
342 1109 547 1145 Praeterea
576 1106 811 1143 mandamus
840 1103 951 1142 vobis
982 1102 1167 1141 omnibus
1197 1108 1235 1140 et
1269 1101 1482 1151 unicuique
1516 1101 1588 1151 pri-

194 1161 312 1200 vatim
335 1191 342 1198 .
366 1191 373 1198 .
398 1191 405 1198 .
429 1173 479 1199 ne
499 1158 708 1209 quisquam
730 1189 737 1196 .
761 1189 768 1196 .
793 1188 800 1195 .
825 1159 881 1196 M.
907 1156 1067 1195 Lutheri
1093 1156 1213 1194 libros
1239 1169 1263 1194 a
1282 1156 1319 1194 S.
1343 1157 1384 1193 P.
1408 1156 1457 1193 N.
1481 1157 1588 1205 Papa

235 1246 242 1253 .
276 1245 283 1252 .
316 1215 603 1253 condemnatos
638 1212 897 1261 eiusdemque
930 1210 1005 1249 alia
1039 1211 1161 1248 multa
1195 1208 1348 1259 scripta,
1384 1222 1484 1259 quae
1518 1222 1587 1248 seu

193 1269 401 1308 vernacula
450 1281 517 1306 seu
567 1266 707 1304 Latina
745 1266 877 1316 lingua
914 1263 1118 1314 componit
1157 1264 1358 1310 hactenus,
1398 1270 1586 1313 tanquam

193 1322 324 1372 impia,
338 1322 465 1367 foeda,
481 1328 672 1371 suspecta,
696 1319 820 1359 diluta
840 1327 878 1358 et
898 1333 920 1357 a
940 1317 1094 1357 notorio
1111 1316 1377 1367 pertinacique
1390 1316 1587 1355 haeretico

195 1376 310 1423 edita,
351 1374 530 1425 amplius,
571 1388 712 1421 emere,
753 1374 990 1419 venundare,
1032 1384 1193 1418 servare,
1242 1370 1474 1418 describere,
1519 1370 1587 1408 im-

195 1429 371 1479 primere,
413 1428 581 1467 describi
622 1430 682 1467 vel
722 1427 890 1478 imprimi
940 1428 1076 1473 facere,
1119 1438 1192 1464 nec
1240 1424 1360 1475 ipsius
1409 1423 1584 1474 opinioni

194 1483 402 1533 suffragari,
436 1484 647 1521 adhaerere
677 1489 744 1520 aut
777 1480 1011 1531 praedicare,
1045 1480 1267 1525 defendere,
1300 1491 1469 1517 asserere
1499 1478 1586 1516 ullis

196 1537 323 1576 modis
346 1568 352 1574 .
376 1567 383 1574 .
409 1567 415 1574 .
439 1544 670 1586 praesumat.
699 1566 704 1573 .
726 1565 732 1573 .
757 1565 764 1573 .

251 1605 310 1640 31.
344 1592 511 1640 Insuper
535 1588 783 1628 decernimus
808 1596 849 1627 ut
874 1587 1043 1626 universi
1073 1595 1111 1626 et
1140 1585 1291 1636 singuli,
1315 1585 1585 1636 cuiuscunque

195 1644 405 1694 dignitatis,
437 1645 590 1694 gradus,
623 1642 781 1690 ordinis,
818 1640 1056 1680 conditionis
1090 1639 1243 1687 fuerint,
1279 1653 1325 1678 ac
1359 1639 1585 1689 praesertim

194 1706 371 1748 gerentes
412 1697 663 1747 Magistratus
702 1705 739 1735 et
778 1695 975 1745 superiore
1013 1696 1074 1733 vel
1105 1693 1285 1732 inferiore
1318 1692 1586 1732 iurisdictione

195 1752 343 1799 armati,
367 1782 374 1789 .
399 1782 406 1790 .
431 1781 437 1789 .
462 1752 500 1788 in
522 1750 706 1789 omnibus
728 1751 762 1788 S.
788 1751 837 1787 R.
861 1751 890 1787 I.
915 1747 1100 1787 subiectis
1127 1747 1355 1794 ditionibus,
1377 1746 1417 1784 in
1444 1746 1585 1785 nostris

196 1805 288 1844 item
320 1804 586 1843 haereditariis
618 1803 838 1842 Ducatibus
868 1810 986 1852 atque
1016 1801 1218 1848 territorio,
1243 1802 1292 1839 de
1319 1801 1422 1838 facto
1452 1813 1584 1839 severe

196 1858 389 1905 ordinent,
432 1870 579 1907 poenas
618 1857 796 1906 irrogent,
839 1856 1032 1906 imperent
1070 1863 1188 1905 atque
1226 1861 1436 1905 procurent
1473 1866 1585 1904 quas-

196 1925 352 1961 cunque
391 1913 485 1949 tales
524 1910 741 1948 antedictas
783 1909 942 1948 Lutheri
973 1909 1183 1947 virulentas
1217 1907 1584 1955 commentationes,

196 1966 350 2004 libellos
383 1971 420 2003 et
455 1963 760 2011 lucubrationes,
795 1963 1012 2013 ingentium
1047 1964 1299 2009 tumultuum,
1335 1963 1582 2009 damnorum,

195 2018 508 2068 dissipationum,
549 2017 767 2055 haeresium
806 2016 845 2053 in
886 2015 1063 2054 Ecclesia
1103 2015 1177 2054 Dei
1211 2015 1469 2062 administras,
1505 2014 1585 2064 igni

195 2072 486 2111 comburendas
520 2078 556 2108 ct
592 2070 652 2108 his
683 2070 846 2119 aliisque
882 2069 1020 2108 mediis
1052 2069 1227 2107 funditus
1261 2069 1490 2116 abolendas,
1525 2081 1584 2106 ex-

195 2126 414 2175 stirpandas
444 2126 494 2162 ad
524 2124 769 2172 nihilumque
803 2123 1046 2172 redigendas.
1106 2122 1290 2160 Similiter
1322 2121 1583 2160 Beatitudinis

197 2179 425 2218 Pontificiae
465 2177 617 2216 nunciis
656 2177 909 2227 ipsorumque
939 2175 1100 2215 delectis
1130 2174 1416 2221 commissariis,
1448 2174 1489 2212 in
1523 2174 1582 2213 his

193 2234 243 2272 ad
274 2233 427 2271 illorum
449 2262 456 2269 .
481 2262 487 2269 .
512 2261 518 2269 .
541 2230 835 2280 requisitionem
861 2243 1013 2267 summa
1040 2230 1240 2267 voluntate
1262 2258 1269 2266 .
1293 2258 1299 2266 .
1321 2258 1328 2265 .
1351 2229 1489 2266 adesse
1509 2258 1517 2266 .
1541 2258 1548 2266 .
1574 2259 1581 2267 .

194 2300 239 2326 ac
261 2317 268 2325 .
294 2316 301 2324 .
324 2316 331 2324 .
354 2286 405 2324 ad
432 2286 529 2323 haec
557 2284 735 2323 universa
757 2291 794 2322 et
815 2283 965 2333 singula
987 2313 993 2321 .
1018 2313 1025 2321 .
1049 2313 1055 2320 .
1079 2283 1329 2332 exsequenda
1351 2312 1357 2319 .
1382 2312 1388 2319 .
1413 2312 1420 2320 .
1443 2294 1581 2332 operas

194 2341 370 2379 conferre
390 2338 554 2379 debetis.
577 2368 584 2375 .
610 2369 616 2376 .
641 2368 647 2375 .

248 2406 310 2445 37.
343 2395 558 2439 Postremo,
599 2406 679 2442 quo
717 2405 807 2430 cum
846 2389 1063 2441 praesentia
1102 2391 1203 2428 mala
1236 2400 1318 2428 tum
1353 2389 1581 2429 occasiones

194 2450 407 2487 futurarum
430 2446 647 2486 haeresium
670 2444 953 2496 praecidantur.
978 2475 983 2482 .
1002 2474 1009 2482 .
1030 2474 1036 2481 .
1060 2445 1144 2482 Nos
1166 2445 1356 2483 Caesarea
1378 2442 1581 2494 Regiaque
