<?xml version="1.0" encoding="UTF-8"?>
<!DOCTYPE html PUBLIC "-//W3C//DTD XHTML 1.0 Transitional//EN"
    "http://www.w3.org/TR/xhtml1/DTD/xhtml1-transitional.dtd">
<html xmlns="http://www.w3.org/1999/xhtml" xml:lang="en" lang="en">
 <head>
  <title>
</title>
<meta http-equiv="Content-Type" content="text/html;charset=utf-8" />
  <meta name='ocr-system' content='tesseract 3.04.00' />
  <meta name='ocr-capabilities' content='ocr_page ocr_carea ocr_par ocr_line ocrx_word'/>
</head>
<body>
  <div class='ocr_page' id='page_1' title='image "./docreform00kidd_0361.png"; bbox 0 0 1715 2780; ppageno 0'>
   <div class='ocr_carea' id='block_1_1' title="bbox 63 85 1504 157">
    <p class='ocr_par' dir='ltr' id='par_1_1' title="bbox 63 85 1504 157">
     <span class='ocr_line' id='line_1_1' title="bbox 63 85 1504 157; baseline -0.006 -9"><span class='ocrx_word' id='word_1_1' title='bbox 63 85 65 87; x_wconf 34' lang='lat'>⁵</span> <span class='ocrx_word' id='word_1_2' title='bbox 106 117 219 157; x_wconf 81' lang='lat' dir='ltr'>132a</span> <span class='ocrx_word' id='word_1_3' title='bbox 348 108 606 154; x_wconf 70' lang='lat' dir='ltr'><strong>NORWAY‚</strong></span> <span class='ocrx_word' id='word_1_4' title='bbox 638 108 756 146; x_wconf 85' lang='lat' dir='ltr'><em>AND</em></span> <span class='ocrx_word' id='word_1_5' title='bbox 789 106 1054 151; x_wconf 80' lang='lat' dir='ltr'><strong>ICELAND,</strong></span> <span class='ocrx_word' id='word_1_6' title='bbox 1091 116 1271 155; x_wconf 78' lang='lat'>1537-40</span> <span class='ocrx_word' id='word_1_7' title='bbox 1429 115 1504 153; x_wconf 81' lang='lat'><em>333</em></span> 
     </span>
    </p>
   </div>
   <div class='ocr_carea' id='block_1_2' title="bbox 57 209 1510 2537">
    <p class='ocr_par' dir='ltr' id='par_1_2' title="bbox 57 209 1509 318">
     <span class='ocr_line' id='line_1_2' title="bbox 111 209 1509 262; baseline -0.006 -9"><span class='ocrx_word' id='word_1_8' title='bbox 111 214 273 262; x_wconf 84' lang='lat' dir='ltr'><em>Clzristo,</em></span> <span class='ocrx_word' id='word_1_9' title='bbox 305 215 382 252; x_wconf 66' lang='lat' dir='ltr'><em>&amp;c</em></span> <span class='ocrx_word' id='word_1_10' title='bbox 414 214 528 252; x_wconf 85' lang='lat' dir='ltr'><em>etiam</em></span> <span class='ocrx_word' id='word_1_11' title='bbox 558 218 676 259; x_wconf 84' lang='lat' dir='ltr'><em>noctu,</em></span> <span class='ocrx_word' id='word_1_12' title='bbox 709 225 782 250; x_wconf 90' lang='lat' dir='ltr'><em>non</em></span> <span class='ocrx_word' id='word_1_13' title='bbox 808 213 926 249; x_wconf 81' lang='lat' dir='ltr'><em>solnm</em></span> <span class='ocrx_word' id='word_1_14' title='bbox 961 211 1001 248; x_wconf 90' lang='lat' dir='ltr'><em>in</em></span> <span class='ocrx_word' id='word_1_15' title='bbox 1028 210 1097 257; x_wconf 88' lang='lat' dir='ltr'><em>die,</em></span> <span class='ocrx_word' id='word_1_16' title='bbox 1129 210 1173 247; x_wconf 86' lang='lat' dir='ltr'><em>id</em></span> <span class='ocrx_word' id='word_1_17' title='bbox 1197 214 1264 256; x_wconf 85' lang='lat' dir='ltr'><em>est,</em></span> <span class='ocrx_word' id='word_1_18' title='bbox 1293 209 1444 246; x_wconf 83' lang='lat' dir='ltr'><em>assidue</em></span> <span class='ocrx_word' id='word_1_19' title='bbox 1472 213 1509 245; x_wconf 87' lang='lat' dir='ltr'><em>et</em></span> 
     </span>
     <span class='ocr_line' id='line_1_3' title="bbox 57 265 1424 318; baseline -0.006 -11"><span class='ocrx_word' id='word_1_20' title='bbox 57 278 62 283; x_wconf 88' lang='lat'>&#39;</span> <span class='ocrx_word' id='word_1_21' title='bbox 105 282 186 307; x_wconf 84' lang='lat' dir='ltr'><em>cum</em></span> <span class='ocrx_word' id='word_1_22' title='bbox 214 281 364 307; x_wconf 88' lang='lat' dir='ltr'><em>summa</em></span> <span class='ocrx_word' id='word_1_23' title='bbox 392 268 602 318; x_wconf 54' lang='lat' dir='ltr'><em>diligentia,</em></span> <span class='ocrx_word' id='word_1_24' title='bbox 633 267 688 305; x_wconf 90' lang='lat' dir='ltr'><em>ita</em></span> <span class='ocrx_word' id='word_1_25' title='bbox 716 271 846 304; x_wconf 86' lang='lat' dir='ltr'><em>contra</em></span> <span class='ocrx_word' id='word_1_26' title='bbox 876 278 1032 315; x_wconf 79' lang='lat' dir='ltr'><em>regnum</em></span> <span class='ocrx_word' id='word_1_27' title='bbox 1064 265 1237 303; x_wconf 87' lang='lat' dir='ltr'><em>Satanae</em></span> <span class='ocrx_word' id='word_1_28' title='bbox 1265 268 1424 312; x_wconf 80' lang='lat' dir='ltr'><em>agentes.</em></span> 
     </span>
    </p>

    <p class='ocr_par' dir='ltr' id='par_1_3' title="bbox 107 317 1509 477">
     <span class='ocr_line' id='line_1_4' title="bbox 161 317 1509 373; baseline -0.006 -11"><span class='ocrx_word' id='word_1_29' title='bbox 161 324 212 361; x_wconf 91' lang='lat' dir='ltr'><em>Et</em></span> <span class='ocrx_word' id='word_1_30' title='bbox 241 328 374 373; x_wconf 84' lang='lat' dir='ltr'>pergat</span> <span class='ocrx_word' id='word_1_31' title='bbox 403 321 459 361; x_wconf 89' lang='lat' dir='ltr'><em>sic</em></span> <span class='ocrx_word' id='word_1_32' title='bbox 492 321 654 361; x_wconf 84' lang='lat' dir='ltr'><em>dicens:</em></span> <span class='ocrx_word' id='word_1_33' title='bbox 693 322 891 359; x_wconf 83' lang='lat' dir='ltr'><em>Hactenus</em></span> <span class='ocrx_word' id='word_1_34' title='bbox 919 319 1115 357; x_wconf 73' lang='lat' dir='ltr'><em>cecinimus</em></span> <span class='ocrx_word' id='word_1_35' title='bbox 1149 329 1259 356; x_wconf 90' lang='lat' dir='ltr'><em>sacra</em></span> <span class='ocrx_word' id='word_1_36' title='bbox 1293 317 1437 355; x_wconf 88' lang='lat' dir='ltr'><em>cantica</em></span> <span class='ocrx_word' id='word_1_37' title='bbox 1472 322 1509 354; x_wconf 90' lang='lat' dir='ltr'><em>et</em></span> 
     </span>
     <span class='ocr_line' id='line_1_5' title="bbox 107 371 1506 426; baseline -0.005 -11"><span class='ocrx_word' id='word_1_38' title='bbox 107 378 290 424; x_wconf 87' lang='lat' dir='ltr'><em>Psalmos‚</em></span> <span class='ocrx_word' id='word_1_39' title='bbox 323 377 618 414; x_wconf 74' lang='lat' dir='ltr'><em>commendantes</em></span> <span class='ocrx_word' id='word_1_40' title='bbox 646 376 804 426; x_wconf 86' lang='lat' dir='ltr'><em>officium</em></span> <span class='ocrx_word' id='word_1_41' title='bbox 835 374 942 413; x_wconf 83' lang='lat' dir='ltr'><em>verbi</em></span> <span class='ocrx_word' id='word_1_42' title='bbox 955 387 972 417; x_wconf 87' lang='lat'><em>,·</em></span> <span class='ocrx_word' id='word_1_43' title='bbox 1006 386 1106 411; x_wconf 86' lang='lat' dir='ltr'><em>nunc</em></span> <span class='ocrx_word' id='word_1_44' title='bbox 1140 373 1184 410; x_wconf 93' lang='lat' dir='ltr'><em>de</em></span> <span class='ocrx_word' id='word_1_45' title='bbox 1217 372 1339 409; x_wconf 86' lang='lat' dir='ltr'><em>eodem</em></span> <span class='ocrx_word' id='word_1_46' title='bbox 1371 371 1506 409; x_wconf 81' lang='lat' dir='ltr'><em>audia-</em></span> 
     </span>
     <span class='ocr_line' id='line_1_6' title="bbox 107 431 623 477; baseline -0.002 -8"><span class='ocrx_word' id='word_1_47' title='bbox 107 443 198 477; x_wconf 87' lang='lat' dir='ltr'><em>mus,</em></span> <span class='ocrx_word' id='word_1_48' title='bbox 229 436 266 469; x_wconf 89' lang='lat' dir='ltr'><em>et</em></span> <span class='ocrx_word' id='word_1_49' title='bbox 290 443 419 469; x_wconf 90' lang='lat' dir='ltr'><em>sacras</em></span> <span class='ocrx_word' id='word_1_50' title='bbox 447 431 623 469; x_wconf 89' lang='lat' dir='ltr'><em>lectiones.</em></span> 
     </span>
    </p>

    <p class='ocr_par' dir='ltr' id='par_1_4' title="bbox 106 480 1507 590">
     <span class='ocr_line' id='line_1_7' title="bbox 162 480 1507 535; baseline -0.004 -12"><span class='ocrx_word' id='word_1_51' title='bbox 162 484 241 523; x_wconf 90' lang='lat' dir='ltr'><em>Hic</em></span> <span class='ocrx_word' id='word_1_52' title='bbox 269 484 411 534; x_wconf 82' lang='lat' dir='ltr'><em>aliquis</em></span> <span class='ocrx_word' id='word_1_53' title='bbox 431 498 478 523; x_wconf 86' lang='lat' dir='ltr'><em>ex</em></span> <span class='ocrx_word' id='word_1_54' title='bbox 497 483 732 535; x_wconf 87' lang='lat' dir='ltr'><em>presbyteris</em></span> <span class='ocrx_word' id='word_1_55' title='bbox 754 482 889 522; x_wconf 80' lang='lat' dir='ltr'><em>recitet</em></span> <span class='ocrx_word' id='word_1_56' title='bbox 904 481 1115 521; x_wconf 79' lang='lat' dir='ltr'><em>lectionem</em></span> <span class='ocrx_word' id='word_1_57' title='bbox 1133 495 1139 519; x_wconf 93' lang='lat'>:</span> <span class='ocrx_word' id='word_1_58' title='bbox 1172 481 1235 520; x_wconf 85' lang='lat' dir='ltr'><em>Sic</em></span> <span class='ocrx_word' id='word_1_59' title='bbox 1252 480 1344 519; x_wconf 86' lang='lat' dir='ltr'><em>dicit</em></span> <span class='ocrx_word' id='word_1_60' title='bbox 1356 480 1507 518; x_wconf 78' lang='lat' dir='ltr'><em>Paulus</em></span> 
     </span>
     <span class='ocr_line' id='line_1_8' title="bbox 106 539 627 590; baseline -0.002 -12"><span class='ocrx_word' id='word_1_61' title='bbox 106 539 300 590; x_wconf 80' lang='lat' dir='ltr'><em>Episcopo,</em></span> <span class='ocrx_word' id='word_1_62' title='bbox 325 539 404 577; x_wconf 88' lang='lat' dir='ltr'><em>Tit.</em></span> <span class='ocrx_word' id='word_1_63' title='bbox 428 540 450 576; x_wconf 95' lang='lat' dir='ltr'><em>i.</em></span> <span class='ocrx_word' id='word_1_64' title='bbox 474 540 627 589; x_wconf 87' lang='lat'>[5—16].</span> 
     </span>
    </p>

    <p class='ocr_par' dir='ltr' id='par_1_5' title="bbox 106 589 1504 697">
     <span class='ocr_line' id='line_1_9' title="bbox 159 589 1504 643; baseline -0.005 -11"><span class='ocrx_word' id='word_1_65' title='bbox 159 593 365 632; x_wconf 87' lang='lat' dir='ltr'>Secundus</span> <span class='ocrx_word' id='word_1_66' title='bbox 380 593 582 643; x_wconf 81' lang='lat' dir='ltr'><em>presbyter</em></span> <span class='ocrx_word' id='word_1_67' title='bbox 595 593 725 631; x_wconf 79' lang='lat' dir='ltr'><em>statim</em></span> <span class='ocrx_word' id='word_1_68' title='bbox 743 590 878 630; x_wconf 80' lang='lat' dir='ltr'><em>recitet</em></span> <span class='ocrx_word' id='word_1_69' title='bbox 891 589 1102 630; x_wconf 85' lang='lat' dir='ltr'><em>lectionem</em></span> <span class='ocrx_word' id='word_1_70' title='bbox 1116 590 1277 628; x_wconf 79' lang='lat' dir='ltr'><em>alteram</em></span> <span class='ocrx_word' id='word_1_71' title='bbox 1296 603 1302 626; x_wconf 83' lang='lat' dir='ltr'>z</span> <span class='ocrx_word' id='word_1_72' title='bbox 1320 590 1504 626; x_wconf 77' lang='lat' dir='ltr'><em>Actorum</em></span> 
     </span>
     <span class='ocr_line' id='line_1_10' title="bbox 106 644 1392 697; baseline -0.005 -11"><span class='ocrx_word' id='word_1_73' title='bbox 106 661 163 686; x_wconf 86' lang='lat' dir='ltr'><em>xx.</em></span> <span class='ocrx_word' id='word_1_74' title='bbox 186 649 338 686; x_wconf 82' lang='lat' dir='ltr'><em>Paulus</em></span> <span class='ocrx_word' id='word_1_75' title='bbox 357 648 563 686; x_wconf 77' lang='lat' dir='ltr'><em>valedicens</em></span> <span class='ocrx_word' id='word_1_76' title='bbox 573 646 804 697; x_wconf 78' lang='lat' dir='ltr'><em>presbyteris</em></span> <span class='ocrx_word' id='word_1_77' title='bbox 824 645 1081 696; x_wconf 68' lang='lat' dir='ltr'><em>Ephesiorum</em></span> <span class='ocrx_word' id='word_1_78' title='bbox 1102 644 1194 682; x_wconf 89' lang='lat' dir='ltr'><em>dicit</em></span> <span class='ocrx_word' id='word_1_79' title='bbox 1212 644 1250 691; x_wconf 87' lang='lat'><em>[2</em></span> <span class='ocrx_word' id='word_1_80' title='bbox 1259 645 1392 693; x_wconf 81' lang='lat'>5-37].</span> 
     </span>
    </p>

    <p class='ocr_par' dir='ltr' id='par_1_6' title="bbox 104 696 1502 806">
     <span class='ocr_line' id='line_1_11' title="bbox 157 696 1502 752; baseline -0.004 -12"><span class='ocrx_word' id='word_1_81' title='bbox 157 701 315 740; x_wconf 89' lang='lat' dir='ltr'><em>Tertius</em></span> <span class='ocrx_word' id='word_1_82' title='bbox 328 700 530 752; x_wconf 86' lang='lat' dir='ltr'>presbyter</span> <span class='ocrx_word' id='word_1_83' title='bbox 542 714 634 740; x_wconf 84' lang='lat' dir='ltr'><em>mox</em></span> <span class='ocrx_word' id='word_1_84' title='bbox 646 700 857 750; x_wconf 81' lang='lat' dir='ltr'><em>subiungat</em></span> <span class='ocrx_word' id='word_1_85' title='bbox 870 698 1023 738; x_wconf 82' lang='lat' dir='ltr'>tertiam</span> <span class='ocrx_word' id='word_1_86' title='bbox 1040 697 1269 737; x_wconf 87' lang='lat' dir='ltr'><em>lectionem:</em></span> <span class='ocrx_word' id='word_1_87' title='bbox 1299 711 1316 735; x_wconf 91' lang='lat'><strong>2</strong></span> <span class='ocrx_word' id='word_1_88' title='bbox 1341 697 1437 735; x_wconf 84' lang='lat' dir='ltr'><em>Tim.</em></span> <span class='ocrx_word' id='word_1_89' title='bbox 1456 696 1502 735; x_wconf 86' lang='lat' dir='ltr'><em>iv.</em></span> 
     </span>
     <span class='ocr_line' id='line_1_12' title="bbox 104 752 894 806; baseline -0.004 -12"><span class='ocrx_word' id='word_1_90' title='bbox 104 756 196 794; x_wconf 88' lang='lat' dir='ltr'><em>dicit</em></span> <span class='ocrx_word' id='word_1_91' title='bbox 212 757 365 796; x_wconf 82' lang='lat' dir='ltr'><em>Paulus</em></span> <span class='ocrx_word' id='word_1_92' title='bbox 383 757 438 793; x_wconf 87' lang='lat' dir='ltr'><em>ad</em></span> <span class='ocrx_word' id='word_1_93' title='bbox 443 756 747 806; x_wconf 87' lang='lat' dir='ltr'><em>praedicatorem</em></span> <span class='ocrx_word' id='word_1_94' title='bbox 769 752 894 806; x_wconf 88' lang='lat'>[1-5].</span> 
     </span>
    </p>

    <p class='ocr_par' dir='ltr' id='par_1_7' title="bbox 96 806 1510 1455">
     <span class='ocr_line' id='line_1_13' title="bbox 159 806 1509 849; baseline -0.005 0"><span class='ocrx_word' id='word_1_95' title='bbox 159 812 252 848; x_wconf 86' lang='lat' dir='ltr'><em>Post</em></span> <span class='ocrx_word' id='word_1_96' title='bbox 282 810 352 848; x_wconf 85' lang='lat' dir='ltr'><em>has</em></span> <span class='ocrx_word' id='word_1_97' title='bbox 381 809 570 849; x_wconf 88' lang='lat' dir='ltr'><em>lectiones</em></span> <span class='ocrx_word' id='word_1_98' title='bbox 601 808 816 849; x_wconf 82' lang='lat' dir='ltr'><em>Ordinator</em></span> <span class='ocrx_word' id='word_1_99' title='bbox 845 808 967 846; x_wconf 80' lang='lat' dir='ltr'><em>dicit:</em></span> <span class='ocrx_word' id='word_1_100' title='bbox 1006 808 1116 844; x_wconf 87' lang='lat' dir='ltr'><em>Haec</em></span> <span class='ocrx_word' id='word_1_101' title='bbox 1143 806 1271 844; x_wconf 87' lang='lat' dir='ltr'><em>omnia</em></span> <span class='ocrx_word' id='word_1_102' title='bbox 1303 807 1509 843; x_wconf 76' lang='lat' dir='ltr'><em>admonent</em></span> 
     </span>
     <span class='ocr_line' id='line_1_14' title="bbox 104 859 1508 914; baseline -0.005 -11"><span class='ocrx_word' id='word_1_103' title='bbox 104 864 216 914; x_wconf 89' lang='lat' dir='ltr'><em>officii</em></span> <span class='ocrx_word' id='word_1_104' title='bbox 238 864 302 902; x_wconf 84' lang='lat' dir='ltr'><em>sui</em></span> <span class='ocrx_word' id='word_1_105' title='bbox 317 865 602 914; x_wconf 73' lang='lat' dir='ltr'><em>praedicatores</em></span> <span class='ocrx_word' id='word_1_106' title='bbox 620 869 657 902; x_wconf 91' lang='lat' dir='ltr'><em>et</em></span> <span class='ocrx_word' id='word_1_107' title='bbox 672 864 789 902; x_wconf 84' lang='lat' dir='ltr'><em>simul</em></span> <span class='ocrx_word' id='word_1_108' title='bbox 811 863 1012 900; x_wconf 85' lang='lat' dir='ltr'><em>declarant</em></span> <span class='ocrx_word' id='word_1_109' title='bbox 1028 874 1144 910; x_wconf 80' lang='lat' dir='ltr'><em>quam</em></span> <span class='ocrx_word' id='word_1_110' title='bbox 1156 862 1311 911; x_wconf 89' lang='lat' dir='ltr'><em>placeat</em></span> <span class='ocrx_word' id='word_1_111' title='bbox 1335 861 1422 898; x_wconf 87' lang='lat' dir='ltr'><em>Deo</em></span> <span class='ocrx_word' id='word_1_112' title='bbox 1441 859 1508 897; x_wconf 78' lang='lat' dir='ltr'><em>lcoc</em></span> 
     </span>
     <span class='ocr_line' id='line_1_15' title="bbox 104 914 1505 969; baseline -0.005 -12"><span class='ocrx_word' id='word_1_113' title='bbox 104 918 270 969; x_wconf 87' lang='lat' dir='ltr'><em>officium,</em></span> <span class='ocrx_word' id='word_1_114' title='bbox 302 924 338 956; x_wconf 94' lang='lat' dir='ltr'><em>et</em></span> <span class='ocrx_word' id='word_1_115' title='bbox 369 919 614 957; x_wconf 87' lang='lat' dir='ltr'><em>necessarium</em></span> <span class='ocrx_word' id='word_1_116' title='bbox 643 919 695 956; x_wconf 90' lang='lat' dir='ltr'><em>sit</em></span> <span class='ocrx_word' id='word_1_117' title='bbox 721 917 918 955; x_wconf 85' lang='lat' dir='ltr'><em>Ecclesiae.</em></span> <span class='ocrx_word' id='word_1_118' title='bbox 978 917 1088 953; x_wconf 86' lang='lat' dir='ltr'><em>Nam</em></span> <span class='ocrx_word' id='word_1_119' title='bbox 1112 922 1183 965; x_wconf 91' lang='lat' dir='ltr'><em>per</em></span> <span class='ocrx_word' id='word_1_120' title='bbox 1200 914 1505 964; x_wconf 77' lang='lat' dir='ltr'><em>praedicatorem</em></span> 
     </span>
     <span class='ocr_line' id='line_1_16' title="bbox 105 968 1502 1023; baseline -0.004 -12"><span class='ocrx_word' id='word_1_121' title='bbox 105 985 215 1011; x_wconf 82' lang='lat' dir='ltr'><em>suum</em></span> <span class='ocrx_word' id='word_1_122' title='bbox 235 972 412 1013; x_wconf 74' lang='lat' dir='ltr'><em>Christus</em></span> <span class='ocrx_word' id='word_1_123' title='bbox 431 973 507 1023; x_wconf 77' lang='lat' dir='ltr'><em>ipse</em></span> <span class='ocrx_word' id='word_1_124' title='bbox 516 973 728 1023; x_wconf 84' lang='lat' dir='ltr'><em>praedicat,</em></span> <span class='ocrx_word' id='word_1_125' title='bbox 750 971 930 1022; x_wconf 76' lang='lat' dir='ltr'><em>baptizat,</em></span> <span class='ocrx_word' id='word_1_126' title='bbox 945 971 1017 1007; x_wconf 86' lang='lat' dir='ltr'><em>dat</em></span> <span class='ocrx_word' id='word_1_127' title='bbox 1036 970 1337 1016; x_wconf 74' lang='lat' dir='ltr'><em>Sacramentum,</em></span> <span class='ocrx_word' id='word_1_128' title='bbox 1362 968 1502 1017; x_wconf 82' lang='lat' dir='ltr'><em>arguit,</em></span> 
     </span>
     <span class='ocr_line' id='line_1_17' title="bbox 105 1022 1505 1076; baseline -0.004 -12"><span class='ocrx_word' id='word_1_129' title='bbox 105 1026 343 1075; x_wconf 74' lang='lat' dir='ltr'><em>exhortatur,</em></span> <span class='ocrx_word' id='word_1_130' title='bbox 364 1028 589 1074; x_wconf 88' lang='lat' dir='ltr'><em>consolatur,</em></span> <span class='ocrx_word' id='word_1_131' title='bbox 611 1039 708 1076; x_wconf 78' lang='lat' dir='ltr'><em>quae</em></span> <span class='ocrx_word' id='word_1_132' title='bbox 735 1026 907 1063; x_wconf 82' lang='lat' dir='ltr'><em>maxima</em></span> <span class='ocrx_word' id='word_1_133' title='bbox 935 1029 989 1062; x_wconf 88' lang='lat' dir='ltr'><em>est</em></span> <span class='ocrx_word' id='word_1_134' title='bbox 1014 1024 1138 1062; x_wconf 85' lang='lat' dir='ltr'><em>nostri</em></span> <span class='ocrx_word' id='word_1_135' title='bbox 1152 1023 1354 1061; x_wconf 89' lang='lat' dir='ltr'><em>consolatio</em></span> <span class='ocrx_word' id='word_1_136' title='bbox 1374 1023 1414 1060; x_wconf 89' lang='lat' dir='ltr'><em>in</em></span> <span class='ocrx_word' id='word_1_137' title='bbox 1434 1022 1505 1059; x_wconf 84' lang='lat' dir='ltr'><em>isto</em></span> 
     </span>
     <span class='ocr_line' id='line_1_18' title="bbox 104 1076 1509 1131; baseline -0.004 -12"><span class='ocrx_word' id='word_1_138' title='bbox 104 1081 256 1131; x_wconf 83' lang='lat' dir='ltr'><em>ingrato</em></span> <span class='ocrx_word' id='word_1_139' title='bbox 275 1086 312 1119; x_wconf 90' lang='lat' dir='ltr'><em>et</em></span> <span class='ocrx_word' id='word_1_140' title='bbox 327 1086 571 1131; x_wconf 86' lang='lat' dir='ltr'><em>contemptore</em></span> <span class='ocrx_word' id='word_1_141' title='bbox 591 1081 741 1127; x_wconf 88' lang='lat' dir='ltr'><em>mundo,</em></span> <span class='ocrx_word' id='word_1_142' title='bbox 758 1083 827 1118; x_wconf 67' lang='lat' dir='ltr'><em>&amp;Q</em></span> <span class='ocrx_word' id='word_1_143' title='bbox 889 1077 1019 1128; x_wconf 84' lang='lat' dir='ltr'>Pergit</span> <span class='ocrx_word' id='word_1_144' title='bbox 1035 1090 1127 1116; x_wconf 87' lang='lat' dir='ltr'><em>vero</em></span> <span class='ocrx_word' id='word_1_145' title='bbox 1143 1076 1198 1115; x_wconf 83' lang='lat' dir='ltr'><em>sic</em></span> <span class='ocrx_word' id='word_1_146' title='bbox 1219 1076 1356 1115; x_wconf 83' lang='lat' dir='ltr'><em>dicens</em></span> <span class='ocrx_word' id='word_1_147' title='bbox 1376 1091 1382 1113; x_wconf 90' lang='lat'>:</span> <span class='ocrx_word' id='word_1_148' title='bbox 1413 1077 1509 1114; x_wconf 84' lang='lat' dir='ltr'><em>Post</em></span> 
     </span>
     <span class='ocr_line' id='line_1_19' title="bbox 105 1130 1509 1183; baseline -0.003 -12"><span class='ocrx_word' id='word_1_149' title='bbox 105 1134 194 1173; x_wconf 80' lang='lat' dir='ltr'><em>lzaec</em></span> <span class='ocrx_word' id='word_1_150' title='bbox 210 1135 337 1174; x_wconf 90' lang='lat' dir='ltr'><em>omnia</em></span> <span class='ocrx_word' id='word_1_151' title='bbox 365 1136 457 1173; x_wconf 91' lang='lat' dir='ltr'><em>scire</em></span> <span class='ocrx_word' id='word_1_152' title='bbox 482 1136 617 1173; x_wconf 89' lang='lat' dir='ltr'><em>debetis</em></span> <span class='ocrx_word' id='word_1_153' title='bbox 639 1147 763 1172; x_wconf 89' lang='lat' dir='ltr'><em>omnes</em></span> <span class='ocrx_word' id='word_1_154' title='bbox 786 1134 888 1183; x_wconf 74' lang='lat' dir='ltr'><em>quod</em></span> <span class='ocrx_word' id='word_1_155' title='bbox 910 1134 1000 1171; x_wconf 74' lang='lat' dir='ltr'><em>baec</em></span> <span class='ocrx_word' id='word_1_156' title='bbox 1025 1131 1218 1170; x_wconf 87' lang='lat' dir='ltr'><em>ordinatio</em></span> <span class='ocrx_word' id='word_1_157' title='bbox 1246 1130 1509 1179; x_wconf 75' lang='lat' dir='ltr'><em>sanctificatur</em></span> 
     </span>
     <span class='ocr_line' id='line_1_20' title="bbox 96 1185 1510 1240; baseline -0.005 -12"><span class='ocrx_word' id='word_1_158' title='bbox 96 1194 171 1238; x_wconf 81' lang='lat' dir='ltr'><em>per</em></span> <span class='ocrx_word' id='word_1_159' title='bbox 196 1190 287 1227; x_wconf 73' lang='lat' dir='ltr'><em>haec</em></span> <span class='ocrx_word' id='word_1_160' title='bbox 311 1190 397 1236; x_wconf 84' lang='lat' dir='ltr'><em>duo,</em></span> <span class='ocrx_word' id='word_1_161' title='bbox 429 1196 555 1240; x_wconf 86' lang='lat' dir='ltr'><em>nempe</em></span> <span class='ocrx_word' id='word_1_162' title='bbox 573 1195 650 1238; x_wconf 87' lang='lat' dir='ltr'><em>per</em></span> <span class='ocrx_word' id='word_1_163' title='bbox 675 1189 829 1227; x_wconf 84' lang='lat' dir='ltr'><em>verbum</em></span> <span class='ocrx_word' id='word_1_164' title='bbox 857 1192 894 1224; x_wconf 87' lang='lat' dir='ltr'><em>et</em></span> <span class='ocrx_word' id='word_1_165' title='bbox 919 1186 1127 1224; x_wconf 88' lang='lat' dir='ltr'><em>orationem</em></span> <span class='ocrx_word' id='word_1_166' title='bbox 1140 1199 1158 1229; x_wconf 80' lang='lat'><em>,·</em></span> <span class='ocrx_word' id='word_1_167' title='bbox 1189 1190 1234 1222; x_wconf 83' lang='lat' dir='ltr'><em>nt</em></span> <span class='ocrx_word' id='word_1_168' title='bbox 1260 1190 1297 1222; x_wconf 89' lang='lat' dir='ltr'><em>et</em></span> <span class='ocrx_word' id='word_1_169' title='bbox 1322 1185 1510 1233; x_wconf 81' lang='lat' dir='ltr'><em>quaelibet</em></span> 
     </span>
     <span class='ocr_line' id='line_1_21' title="bbox 105 1239 1508 1288; baseline -0.004 -7"><span class='ocrx_word' id='word_1_170' title='bbox 105 1248 280 1281; x_wconf 86' lang='lat' dir='ltr'><em>creatura</em></span> <span class='ocrx_word' id='word_1_171' title='bbox 308 1245 362 1282; x_wconf 88' lang='lat' dir='ltr'><em>ad</em></span> <span class='ocrx_word' id='word_1_172' title='bbox 388 1256 497 1282; x_wconf 82' lang='lat' dir='ltr'><em>usum</em></span> <span class='ocrx_word' id='word_1_173' title='bbox 516 1248 553 1281; x_wconf 85' lang='lat' dir='ltr'><em>et</em></span> <span class='ocrx_word' id='word_1_174' title='bbox 577 1243 829 1281; x_wconf 69' lang='lat' dir='ltr'><em>ministerium</em></span> <span class='ocrx_word' id='word_1_175' title='bbox 860 1246 1031 1279; x_wconf 80' lang='lat' dir='ltr'><em>nostrum</em></span> <span class='ocrx_word' id='word_1_176' title='bbox 1044 1254 1062 1284; x_wconf 80' lang='lat'><em>,·</em></span> <span class='ocrx_word' id='word_1_177' title='bbox 1094 1240 1138 1277; x_wconf 91' lang='lat' dir='ltr'><em>id</em></span> <span class='ocrx_word' id='word_1_178' title='bbox 1159 1240 1262 1288; x_wconf 77' lang='lat' dir='ltr'><em>quod</em></span> <span class='ocrx_word' id='word_1_179' title='bbox 1286 1240 1438 1276; x_wconf 76' lang='lat' dir='ltr'><em>Paulus</em></span> <span class='ocrx_word' id='word_1_180' title='bbox 1456 1239 1508 1275; x_wconf 90' lang='lat' dir='ltr'><em>sic</em></span> 
     </span>
     <span class='ocr_line' id='line_1_22' title="bbox 106 1293 1506 1341; baseline -0.004 -7"><span class='ocrx_word' id='word_1_181' title='bbox 106 1297 221 1337; x_wconf 74' lang='lat' dir='ltr'><em>dicit:</em></span> <span class='ocrx_word' id='word_1_182' title='bbox 256 1298 392 1337; x_wconf 85' lang='lat' dir='ltr'><em>Omnis</em></span> <span class='ocrx_word' id='word_1_183' title='bbox 409 1303 585 1336; x_wconf 81' lang='lat' dir='ltr'><em>creatura</em></span> <span class='ocrx_word' id='word_1_184' title='bbox 605 1298 689 1335; x_wconf 86' lang='lat' dir='ltr'><em>Dei</em></span> <span class='ocrx_word' id='word_1_185' title='bbox 710 1298 806 1335; x_wconf 89' lang='lat' dir='ltr'><em>bona</em></span> <span class='ocrx_word' id='word_1_186' title='bbox 830 1300 884 1333; x_wconf 88' lang='lat' dir='ltr'><em>est</em></span> <span class='ocrx_word' id='word_1_187' title='bbox 905 1296 959 1332; x_wconf 89' lang='lat' dir='ltr'><em>ad</em></span> <span class='ocrx_word' id='word_1_188' title='bbox 980 1295 1161 1332; x_wconf 76' lang='lat' dir='ltr'><em>utendum</em></span> <span class='ocrx_word' id='word_1_189' title='bbox 1185 1306 1266 1331; x_wconf 81' lang='lat' dir='ltr'><em>cnm</em></span> <span class='ocrx_word' id='word_1_190' title='bbox 1282 1293 1506 1341; x_wconf 60' lang='lat' dir='ltr'><em>&lt;gratiarum</em></span> 
     </span>
     <span class='ocr_line' id='line_1_23' title="bbox 107 1347 1505 1401; baseline -0.004 -12"><span class='ocrx_word' id='word_1_191' title='bbox 107 1352 248 1390; x_wconf 87' lang='lat' dir='ltr'><em>actione</em></span> <span class='ocrx_word' id='word_1_192' title='bbox 263 1352 455 1401; x_wconf 81' lang='lat' dir='ltr'><em>fidelibus,</em></span> <span class='ocrx_word' id='word_1_193' title='bbox 481 1357 519 1390; x_wconf 88' lang='lat' dir='ltr'><em>et</em></span> <span class='ocrx_word' id='word_1_194' title='bbox 542 1352 612 1401; x_wconf 82' lang='lat' dir='ltr'><em>qui</em></span> <span class='ocrx_word' id='word_1_195' title='bbox 635 1355 824 1390; x_wconf 84' lang='lat' dir='ltr'><em>noverunt</em></span> <span class='ocrx_word' id='word_1_196' title='bbox 845 1350 1055 1389; x_wconf 85' lang='lat' dir='ltr'><em>veritatem.</em></span> <span class='ocrx_word' id='word_1_197' title='bbox 1115 1347 1390 1397; x_wconf 77' lang='lat' dir='ltr'><em>Sancteficatur</em></span> <span class='ocrx_word' id='word_1_198' title='bbox 1407 1347 1505 1384; x_wconf 82' lang='lat' dir='ltr'><em>enim</em></span> 
     </span>
     <span class='ocr_line' id='line_1_24' title="bbox 100 1404 1019 1455; baseline -0.002 -13"><span class='ocrx_word' id='word_1_199' title='bbox 100 1411 175 1455; x_wconf 88' lang='lat' dir='ltr'><em>per</em></span> <span class='ocrx_word' id='word_1_200' title='bbox 200 1407 353 1444; x_wconf 84' lang='lat' dir='ltr'><em>verbum</em></span> <span class='ocrx_word' id='word_1_201' title='bbox 381 1411 418 1444; x_wconf 91' lang='lat' dir='ltr'><em>et</em></span> <span class='ocrx_word' id='word_1_202' title='bbox 442 1406 666 1444; x_wconf 65' lang='lat' dir='ltr'><em>orationem</em></span> <span class='ocrx_word' id='word_1_203' title='bbox 723 1406 832 1443; x_wconf 87' lang='lat' dir='ltr'><em>Haec</em></span> <span class='ocrx_word' id='word_1_204' title='bbox 856 1404 1019 1442; x_wconf 82' lang='lat' dir='ltr'><em>Paulus.</em></span> 
     </span>
    </p>

    <p class='ocr_par' dir='ltr' id='par_1_8' title="bbox 107 1455 1509 1673">
     <span class='ocr_line' id='line_1_25' title="bbox 173 1455 1507 1510; baseline -0.004 -13"><span class='ocrx_word' id='word_1_205' title='bbox 173 1460 340 1507; x_wconf 84' lang='lat' dir='ltr'><em>Verbum,</em></span> <span class='ocrx_word' id='word_1_206' title='bbox 377 1473 450 1510; x_wconf 83' lang='lat' dir='ltr'><em>quo</em></span> <span class='ocrx_word' id='word_1_207' title='bbox 488 1460 591 1498; x_wconf 87' lang='lat' dir='ltr'><em>nobis</em></span> <span class='ocrx_word' id='word_1_208' title='bbox 627 1460 911 1497; x_wconf 80' lang='lat' dir='ltr'><em>commendatur</em></span> <span class='ocrx_word' id='word_1_209' title='bbox 940 1463 976 1495; x_wconf 88' lang='lat' dir='ltr'><em>et</em></span> <span class='ocrx_word' id='word_1_210' title='bbox 1005 1455 1268 1506; x_wconf 81' lang='lat' dir='ltr'><em>sanctificatur</em></span> <span class='ocrx_word' id='word_1_211' title='bbox 1299 1456 1365 1493; x_wconf 72' lang='lat' dir='ltr'><em>lzoc</em></span> <span class='ocrx_word' id='word_1_212' title='bbox 1398 1455 1507 1493; x_wconf 88' lang='lat' dir='ltr'><em>mini-</em></span> 
     </span>
     <span class='ocr_line' id='line_1_26' title="bbox 108 1510 1506 1564; baseline -0.004 -13"><span class='ocrx_word' id='word_1_213' title='bbox 108 1514 272 1562; x_wconf 87' lang='lat' dir='ltr'><em>sterium,</em></span> <span class='ocrx_word' id='word_1_214' title='bbox 290 1515 532 1564; x_wconf 89' lang='lat' dir='ltr'><em>apostolicum</em></span> <span class='ocrx_word' id='word_1_215' title='bbox 552 1514 724 1561; x_wconf 87' lang='lat' dir='ltr'><em>audistis,</em></span> <span class='ocrx_word' id='word_1_216' title='bbox 743 1513 894 1551; x_wconf 89' lang='lat' dir='ltr'><em>tametsi</em></span> <span class='ocrx_word' id='word_1_217' title='bbox 901 1516 1103 1563; x_wconf 89' lang='lat' dir='ltr'><em>praeterea</em></span> <span class='ocrx_word' id='word_1_218' title='bbox 1124 1511 1248 1548; x_wconf 86' lang='lat' dir='ltr'><em>multa</em></span> <span class='ocrx_word' id='word_1_219' title='bbox 1269 1510 1350 1547; x_wconf 87' lang='lat' dir='ltr'><em>alia</em></span> <span class='ocrx_word' id='word_1_220' title='bbox 1365 1510 1506 1559; x_wconf 75' lang='lat' dir='ltr'><em>scripta</em></span> 
     </span>
     <span class='ocr_line' id='line_1_27' title="bbox 107 1565 1509 1618; baseline -0.004 -13"><span class='ocrx_word' id='word_1_221' title='bbox 107 1573 206 1606; x_wconf 82' lang='lat' dir='ltr'><em>sunt.</em></span> <span class='ocrx_word' id='word_1_222' title='bbox 264 1570 383 1607; x_wconf 81' lang='lat' dir='ltr'><em>qunc</em></span> <span class='ocrx_word' id='word_1_223' title='bbox 408 1582 504 1618; x_wconf 84' lang='lat' dir='ltr'><em>ergo,</em></span> <span class='ocrx_word' id='word_1_224' title='bbox 535 1574 580 1606; x_wconf 86' lang='lat' dir='ltr'><em>ut</em></span> <span class='ocrx_word' id='word_1_225' title='bbox 596 1568 826 1618; x_wconf 72' lang='lat' dir='ltr'><em>perficiatur</em></span> <span class='ocrx_word' id='word_1_226' title='bbox 853 1567 942 1604; x_wconf 73' lang='lat' dir='ltr'><em>haec</em></span> <span class='ocrx_word' id='word_1_227' title='bbox 967 1565 1222 1615; x_wconf 78' lang='lat' dir='ltr'><em>sanctificatio,</em></span> <span class='ocrx_word' id='word_1_228' title='bbox 1254 1565 1444 1602; x_wconf 77' lang='lat' dir='ltr'><em>addamus</em></span> <span class='ocrx_word' id='word_1_229' title='bbox 1472 1568 1509 1600; x_wconf 90' lang='lat' dir='ltr'><em>et</em></span> 
     </span>
     <span class='ocr_line' id='line_1_28' title="bbox 109 1622 684 1673; baseline 0.002 -14"><span class='ocrx_word' id='word_1_230' title='bbox 109 1622 281 1670; x_wconf 84' lang='lat' dir='ltr'><em>alterum,</em></span> <span class='ocrx_word' id='word_1_231' title='bbox 311 1629 439 1673; x_wconf 84' lang='lat' dir='ltr'><em>nempe</em></span> <span class='ocrx_word' id='word_1_232' title='bbox 464 1623 684 1661; x_wconf 89' lang='lat' dir='ltr'><em>orationem.</em></span> 
     </span>
    </p>

    <p class='ocr_par' dir='ltr' id='par_1_9' title="bbox 101 1675 1510 1890">
     <span class='ocr_line' id='line_1_29' title="bbox 167 1675 1508 1722; baseline -0.005 -7"><span class='ocrx_word' id='word_1_233' title='bbox 167 1677 265 1715; x_wconf 89' lang='lat' dir='ltr'><em>Cum</em></span> <span class='ocrx_word' id='word_1_234' title='bbox 292 1678 336 1715; x_wconf 90' lang='lat' dir='ltr'><em>de</em></span> <span class='ocrx_word' id='word_1_235' title='bbox 364 1678 535 1716; x_wconf 87' lang='lat' dir='ltr'><em>omnibus</em></span> <span class='ocrx_word' id='word_1_236' title='bbox 562 1690 674 1715; x_wconf 90' lang='lat' dir='ltr'><em>orare</em></span> <span class='ocrx_word' id='word_1_237' title='bbox 698 1677 878 1722; x_wconf 86' lang='lat' dir='ltr'><em>debemus,</em></span> <span class='ocrx_word' id='word_1_238' title='bbox 903 1675 1072 1712; x_wconf 68' lang='lat' dir='ltr'><em>maxime</em></span> <span class='ocrx_word' id='word_1_239' title='bbox 1101 1679 1192 1722; x_wconf 86' lang='lat' dir='ltr'><em>opus</em></span> <span class='ocrx_word' id='word_1_240' title='bbox 1211 1678 1265 1710; x_wconf 88' lang='lat' dir='ltr'><em>est</em></span> <span class='ocrx_word' id='word_1_241' title='bbox 1292 1677 1336 1709; x_wconf 85' lang='lat' dir='ltr'><em>nt</em></span> <span class='ocrx_word' id='word_1_242' title='bbox 1361 1684 1508 1709; x_wconf 81' lang='lat' dir='ltr'><em>oremus</em></span> 
     </span>
     <span class='ocr_line' id='line_1_30' title="bbox 101 1724 1504 1780; baseline -0.004 -13"><span class='ocrx_word' id='word_1_243' title='bbox 101 1736 176 1779; x_wconf 88' lang='lat' dir='ltr'><em>pro</em></span> <span class='ocrx_word' id='word_1_244' title='bbox 181 1732 514 1780; x_wconf 72' lang='lat' dir='ltr'><em>praedicatoribus</em></span> <span class='ocrx_word' id='word_1_245' title='bbox 535 1737 571 1768; x_wconf 88' lang='lat' dir='ltr'><em>et</em></span> <span class='ocrx_word' id='word_1_246' title='bbox 589 1731 796 1768; x_wconf 88' lang='lat' dir='ltr'><em>ministerio</em></span> <span class='ocrx_word' id='word_1_247' title='bbox 811 1730 924 1769; x_wconf 85' lang='lat' dir='ltr'><em>verbi.</em></span> <span class='ocrx_word' id='word_1_248' title='bbox 967 1729 1087 1775; x_wconf 63' lang='grc' dir='ltr'><em>Μῖνι,</em></span> <span class='ocrx_word' id='word_1_249' title='bbox 1106 1732 1150 1764; x_wconf 80' lang='lat' dir='ltr'><em>ut</em></span> <span class='ocrx_word' id='word_1_250' title='bbox 1162 1727 1303 1764; x_wconf 78' lang='lat' dir='ltr'><em>dicitur</em></span> <span class='ocrx_word' id='word_1_251' title='bbox 1317 1727 1442 1764; x_wconf 81' lang='lat' dir='ltr'><em>Lucae</em></span> <span class='ocrx_word' id='word_1_252' title='bbox 1457 1724 1504 1763; x_wconf 89' lang='lat' dir='ltr'><em>vi.</em></span> 
     </span>
     <span class='ocr_line' id='line_1_31' title="bbox 111 1780 1510 1837; baseline -0.004 -16"><span class='ocrx_word' id='word_1_253' title='bbox 111 1780 211 1837; x_wconf 85' lang='lat'><em>[12]‚</em></span> <span class='ocrx_word' id='word_1_254' title='bbox 239 1785 416 1825; x_wconf 82' lang='lat' dir='ltr'><em>Clzristns</em></span> <span class='ocrx_word' id='word_1_255' title='bbox 444 1791 522 1823; x_wconf 86' lang='lat' dir='ltr'><em>tota</em></span> <span class='ocrx_word' id='word_1_256' title='bbox 551 1791 648 1823; x_wconf 83' lang='lat' dir='ltr'><em>nocte</em></span> <span class='ocrx_word' id='word_1_257' title='bbox 678 1785 813 1831; x_wconf 84' lang='lat' dir='ltr'><em>oravit,</em></span> <span class='ocrx_word' id='word_1_258' title='bbox 834 1784 985 1832; x_wconf 75' lang='lat' dir='ltr'><em>quando</em></span> <span class='ocrx_word' id='word_1_259' title='bbox 1010 1794 1118 1819; x_wconf 87' lang='lat' dir='ltr'><em>mane</em></span> <span class='ocrx_word' id='word_1_260' title='bbox 1147 1781 1398 1818; x_wconf 74' lang='lat' dir='ltr'><em>ordinaturus</em></span> <span class='ocrx_word' id='word_1_261' title='bbox 1425 1785 1510 1817; x_wconf 85' lang='lat' dir='ltr'><em>erat</em></span> 
     </span>
     <span class='ocr_line' id='line_1_32' title="bbox 111 1835 1504 1890; baseline -0.003 -15"><span class='ocrx_word' id='word_1_262' title='bbox 111 1838 208 1877; x_wconf 91' lang='lat' dir='ltr'><em>XII</em></span> <span class='ocrx_word' id='word_1_263' title='bbox 219 1841 427 1890; x_wconf 84' lang='lat' dir='ltr'><em>Apostolos.</em></span> <span class='ocrx_word' id='word_1_264' title='bbox 484 1841 581 1877; x_wconf 89' lang='lat' dir='ltr'><em>Item</em></span> <span class='ocrx_word' id='word_1_265' title='bbox 607 1839 704 1876; x_wconf 86' lang='lat' dir='ltr'><em>alibi</em></span> <span class='ocrx_word' id='word_1_266' title='bbox 728 1839 845 1876; x_wconf 88' lang='lat' dir='ltr'><em>dicit:</em></span> <span class='ocrx_word' id='word_1_267' title='bbox 874 1839 1020 1886; x_wconf 78' lang='lat' dir='ltr'><em>Rogate</em></span> <span class='ocrx_word' id='word_1_268' title='bbox 1048 1835 1245 1873; x_wconf 84' lang='lat' dir='ltr'><em>dominnm</em></span> <span class='ocrx_word' id='word_1_269' title='bbox 1275 1835 1409 1880; x_wconf 87' lang='lat' dir='ltr'><em>messis,</em></span> <span class='ocrx_word' id='word_1_270' title='bbox 1433 1837 1504 1871; x_wconf 68' lang='lat' dir='ltr'><em>&amp;Q</em></span> 
     </span>
    </p>

    <p class='ocr_par' dir='ltr' id='par_1_10' title="bbox 105 1889 1507 2376">
     <span class='ocr_line' id='line_1_33' title="bbox 171 1889 1506 1942; baseline -0.006 -9"><span class='ocrx_word' id='word_1_271' title='bbox 171 1895 357 1933; x_wconf 83' lang='lat' dir='ltr'><em>Orationi</em></span> <span class='ocrx_word' id='word_1_272' title='bbox 379 1894 494 1932; x_wconf 88' lang='lat' dir='ltr'><em>etiam</em></span> <span class='ocrx_word' id='word_1_273' title='bbox 521 1894 714 1931; x_wconf 82' lang='lat' dir='ltr'><em>addebant</em></span> <span class='ocrx_word' id='word_1_274' title='bbox 736 1892 916 1942; x_wconf 78' lang='lat' dir='ltr'><em>Apostoli</em></span> <span class='ocrx_word' id='word_1_275' title='bbox 943 1897 979 1929; x_wconf 83' lang='lat' dir='ltr'><em>et</em></span> <span class='ocrx_word' id='word_1_276' title='bbox 1009 1891 1181 1929; x_wconf 85' lang='lat' dir='ltr'><em>Seniores</em></span> <span class='ocrx_word' id='word_1_277' title='bbox 1210 1889 1398 1927; x_wconf 84' lang='lat' dir='ltr'><em>Ecclesiae</em></span> <span class='ocrx_word' id='word_1_278' title='bbox 1430 1901 1506 1925; x_wconf 86' lang='lat' dir='ltr'><em>ma-</em></span> 
     </span>
     <span class='ocr_line' id='line_1_34' title="bbox 112 1943 1504 1998; baseline -0.006 -11"><span class='ocrx_word' id='word_1_279' title='bbox 112 1962 230 1987; x_wconf 79' lang='lat' dir='ltr'><em>nuum</em></span> <span class='ocrx_word' id='word_1_280' title='bbox 254 1949 537 1998; x_wconf 80' lang='lat' dir='ltr'><em>impositionem,</em></span> <span class='ocrx_word' id='word_1_281' title='bbox 560 1960 642 1985; x_wconf 80' lang='lat' dir='ltr'><em>cum</em></span> <span class='ocrx_word' id='word_1_282' title='bbox 662 1947 892 1985; x_wconf 85' lang='lat' dir='ltr'><em>ordinarent</em></span> <span class='ocrx_word' id='word_1_283' title='bbox 913 1947 974 1984; x_wconf 78' lang='lat' dir='ltr'><em>vel</em></span> <span class='ocrx_word' id='word_1_284' title='bbox 999 1945 1193 1982; x_wconf 85' lang='lat' dir='ltr'><em>mitterent</em></span> <span class='ocrx_word' id='word_1_285' title='bbox 1208 1943 1504 1993; x_wconf 84' lang='lat' dir='ltr'><em>praedicatores,</em></span> 
     </span>
     <span class='ocr_line' id='line_1_35' title="bbox 112 1997 1507 2051; baseline -0.005 -11"><span class='ocrx_word' id='word_1_286' title='bbox 112 2009 156 2040; x_wconf 86' lang='lat' dir='ltr'><em>ut</em></span> <span class='ocrx_word' id='word_1_287' title='bbox 181 2004 283 2042; x_wconf 86' lang='lat' dir='ltr'><em>vides</em></span> <span class='ocrx_word' id='word_1_288' title='bbox 316 2003 356 2040; x_wconf 89' lang='lat' dir='ltr'><em>in</em></span> <span class='ocrx_word' id='word_1_289' title='bbox 386 2003 504 2040; x_wconf 84' lang='lat' dir='ltr'><em>Actis.</em></span> <span class='ocrx_word' id='word_1_290' title='bbox 569 2002 689 2051; x_wconf 79' lang='lat' dir='ltr'><em>Quem</em></span> <span class='ocrx_word' id='word_1_291' title='bbox 724 2014 863 2038; x_wconf 86' lang='lat' dir='ltr'><em>morem</em></span> <span class='ocrx_word' id='word_1_292' title='bbox 894 2003 1136 2049; x_wconf 83' lang='lat' dir='ltr'><em>susceperunt</em></span> <span class='ocrx_word' id='word_1_293' title='bbox 1159 2003 1290 2047; x_wconf 89' lang='lat' dir='ltr'><em>postea</em></span> <span class='ocrx_word' id='word_1_294' title='bbox 1317 1997 1507 2035; x_wconf 82' lang='lat' dir='ltr'><em>Ecclesiae</em></span> 
     </span>
     <span class='ocr_line' id='line_1_36' title="bbox 112 2052 1503 2106; baseline -0.006 -11"><span class='ocrx_word' id='word_1_295' title='bbox 112 2057 267 2096; x_wconf 74' lang='lat' dir='ltr'><em>Christi</em></span> <span class='ocrx_word' id='word_1_296' title='bbox 279 2057 326 2094; x_wconf 88' lang='lat' dir='ltr'><em>ab</em></span> <span class='ocrx_word' id='word_1_297' title='bbox 341 2057 545 2106; x_wconf 84' lang='lat' dir='ltr'><em>Apostolis‚</em></span> <span class='ocrx_word' id='word_1_298' title='bbox 561 2056 872 2105; x_wconf 76' lang='lat' dir='ltr'><em>quemadmodum</em></span> <span class='ocrx_word' id='word_1_299' title='bbox 894 2056 1046 2092; x_wconf 81' lang='lat' dir='ltr'><em>Paulus</em></span> <span class='ocrx_word' id='word_1_300' title='bbox 1065 2053 1249 2090; x_wconf 72' lang='lat' dir='ltr'><em>hortatur</em></span> <span class='ocrx_word' id='word_1_301' title='bbox 1261 2052 1503 2101; x_wconf 83' lang='lat' dir='ltr'><em>Episcopum,</em></span> 
     </span>
     <span class='ocr_line' id='line_1_37' title="bbox 110 2106 1507 2162; baseline -0.005 -14"><span class='ocrx_word' id='word_1_302' title='bbox 110 2111 256 2149; x_wconf 83' lang='lat' dir='ltr'><em>dicens:</em></span> <span class='ocrx_word' id='word_1_303' title='bbox 288 2124 303 2148; x_wconf 91' lang='lat'>1</span> <span class='ocrx_word' id='word_1_304' title='bbox 339 2111 435 2149; x_wconf 86' lang='lat' dir='ltr'><em>Tim.</em></span> <span class='ocrx_word' id='word_1_305' title='bbox 468 2124 503 2149; x_wconf 87' lang='lat' dir='ltr'><em>v.</em></span> <span class='ocrx_word' id='word_1_306' title='bbox 535 2108 624 2162; x_wconf 85' lang='lat'>[22]</span> <span class='ocrx_word' id='word_1_307' title='bbox 654 2110 806 2147; x_wconf 69' lang='lat' dir='ltr'><em>Asanus</em></span> <span class='ocrx_word' id='word_1_308' title='bbox 845 2122 888 2145; x_wconf 88' lang='lat' dir='ltr'><em>ne</em></span> <span class='ocrx_word' id='word_1_309' title='bbox 925 2109 995 2146; x_wconf 88' lang='lat' dir='ltr'><em>cito</em></span> <span class='ocrx_word' id='word_1_310' title='bbox 1032 2107 1151 2144; x_wconf 70' lang='lat' dir='ltr'><em>alicui</em></span> <span class='ocrx_word' id='word_1_311' title='bbox 1186 2106 1372 2155; x_wconf 88' lang='lat' dir='ltr'><em>imponas.</em></span> <span class='ocrx_word' id='word_1_312' title='bbox 1443 2106 1507 2142; x_wconf 83' lang='lat' dir='ltr'><em>De</em></span> 
     </span>
     <span class='ocr_line' id='line_1_38' title="bbox 105 2160 1506 2214; baseline -0.006 -11"><span class='ocrx_word' id='word_1_313' title='bbox 105 2165 430 2214; x_wconf 82' lang='lat' dir='ltr'><em>praedicatoribus</em></span> <span class='ocrx_word' id='word_1_314' title='bbox 459 2169 495 2202; x_wconf 89' lang='lat' dir='ltr'><em>et</em></span> <span class='ocrx_word' id='word_1_315' title='bbox 520 2164 730 2202; x_wconf 82' lang='lat' dir='ltr'><em>doctoribus</em></span> <span class='ocrx_word' id='word_1_316' title='bbox 758 2163 993 2201; x_wconf 85' lang='lat' dir='ltr'><em>ecclesiarum</em></span> <span class='ocrx_word' id='word_1_317' title='bbox 1025 2161 1114 2198; x_wconf 77' lang='lat' dir='ltr'><em>baec</em></span> <span class='ocrx_word' id='word_1_318' title='bbox 1141 2160 1332 2206; x_wconf 74' lang='lat' dir='ltr'><em>dicuntur,</em></span> <span class='ocrx_word' id='word_1_319' title='bbox 1366 2172 1439 2196; x_wconf 84' lang='lat' dir='ltr'><em>non</em></span> <span class='ocrx_word' id='word_1_320' title='bbox 1463 2160 1506 2195; x_wconf 87' lang='lat' dir='ltr'><em>de</em></span> 
     </span>
     <span class='ocr_line' id='line_1_39' title="bbox 111 2214 1507 2267; baseline -0.006 -10"><span class='ocrx_word' id='word_1_321' title='bbox 111 2219 321 2257; x_wconf 86' lang='lat' dir='ltr'><em>Missariis.</em></span> <span class='ocrx_word' id='word_1_322' title='bbox 386 2219 488 2258; x_wconf 89' lang='lat' dir='ltr'><em>Olim</em></span> <span class='ocrx_word' id='word_1_323' title='bbox 509 2219 641 2256; x_wconf 71' lang='lat' dir='ltr'><em>hostiis</em></span> <span class='ocrx_word' id='word_1_324' title='bbox 671 2230 810 2255; x_wconf 87' lang='lat' dir='ltr'><em>manus</em></span> <span class='ocrx_word' id='word_1_325' title='bbox 828 2217 1131 2267; x_wconf 79' lang='lat' dir='ltr'><em>imponebantur,</em></span> <span class='ocrx_word' id='word_1_326' title='bbox 1154 2218 1199 2251; x_wconf 88' lang='lat' dir='ltr'><em>ut</em></span> <span class='ocrx_word' id='word_1_327' title='bbox 1222 2215 1324 2251; x_wconf 83' lang='lat' dir='ltr'><em>vides</em></span> <span class='ocrx_word' id='word_1_328' title='bbox 1349 2214 1390 2251; x_wconf 85' lang='lat' dir='ltr'><em>in</em></span> <span class='ocrx_word' id='word_1_329' title='bbox 1411 2214 1507 2261; x_wconf 82' lang='lat' dir='ltr'><em>Lege</em></span> 
     </span>
     <span class='ocr_line' id='line_1_40' title="bbox 111 2267 1507 2321; baseline -0.007 -9"><span class='ocrx_word' id='word_1_330' title='bbox 111 2272 246 2312; x_wconf 89' lang='lat' dir='ltr'><em>Mosis.</em></span> <span class='ocrx_word' id='word_1_331' title='bbox 304 2273 438 2312; x_wconf 86' lang='lat' dir='ltr'><em>Scitote</em></span> <span class='ocrx_word' id='word_1_332' title='bbox 457 2277 493 2310; x_wconf 90' lang='lat' dir='ltr'><em>et</em></span> <span class='ocrx_word' id='word_1_333' title='bbox 511 2273 571 2310; x_wconf 72' lang='lat' dir='ltr'><em>nic</em></span> <span class='ocrx_word' id='word_1_334' title='bbox 588 2285 654 2310; x_wconf 87' lang='lat' dir='ltr'><em>nos</em></span> <span class='ocrx_word' id='word_1_335' title='bbox 673 2273 759 2310; x_wconf 88' lang='lat' dir='ltr'><em>Deo</em></span> <span class='ocrx_word' id='word_1_336' title='bbox 778 2272 912 2321; x_wconf 82' lang='lat' dir='ltr'><em>offerre</em></span> <span class='ocrx_word' id='word_1_337' title='bbox 931 2271 985 2308; x_wconf 92' lang='lat' dir='ltr'><em>ad</em></span> <span class='ocrx_word' id='word_1_338' title='bbox 1001 2282 1151 2308; x_wconf 87' lang='lat' dir='ltr'><em>sacrum</em></span> <span class='ocrx_word' id='word_1_339' title='bbox 1173 2267 1427 2306; x_wconf 79' lang='lat' dir='ltr'><em>ministerium</em></span> <span class='ocrx_word' id='word_1_340' title='bbox 1449 2279 1507 2303; x_wconf 86' lang='lat' dir='ltr'><em>eos</em></span> 
     </span>
     <span class='ocr_line' id='line_1_41' title="bbox 111 2327 662 2376; baseline 0 -12"><span class='ocrx_word' id='word_1_341' title='bbox 111 2328 244 2375; x_wconf 82' lang='lat' dir='ltr'><em>quibus</em></span> <span class='ocrx_word' id='word_1_342' title='bbox 264 2340 401 2365; x_wconf 88' lang='lat' dir='ltr'><em>manus</em></span> <span class='ocrx_word' id='word_1_343' title='bbox 420 2327 662 2376; x_wconf 86' lang='lat' dir='ltr'><em>imponimus.</em></span> 
     </span>
    </p>

    <p class='ocr_par' dir='ltr' id='par_1_11' title="bbox 165 2373 1505 2430">
     <span class='ocr_line' id='line_1_42' title="bbox 165 2373 1505 2430; baseline -0.006 -11"><span class='ocrx_word' id='word_1_344' title='bbox 165 2382 250 2419; x_wconf 87' lang='lat' dir='ltr'><em>Hoc</em></span> <span class='ocrx_word' id='word_1_345' title='bbox 275 2394 360 2430; x_wconf 83' lang='lat' dir='ltr'><em>ergo</em></span> <span class='ocrx_word' id='word_1_346' title='bbox 387 2386 424 2419; x_wconf 86' lang='lat' dir='ltr'><em>et</em></span> <span class='ocrx_word' id='word_1_347' title='bbox 450 2394 526 2428; x_wconf 91' lang='lat' dir='ltr'><em>nos,</em></span> <span class='ocrx_word' id='word_1_348' title='bbox 557 2381 603 2418; x_wconf 88' lang='lat' dir='ltr'><em>ab</em></span> <span class='ocrx_word' id='word_1_349' title='bbox 632 2379 824 2430; x_wconf 84' lang='lat' dir='ltr'><em>Apostolis</em></span> <span class='ocrx_word' id='word_1_350' title='bbox 853 2379 958 2425; x_wconf 87' lang='lat' dir='ltr'><em>docti,</em></span> <span class='ocrx_word' id='word_1_351' title='bbox 990 2378 1049 2416; x_wconf 80' lang='lat' dir='ltr'><em>la&#39;c</em></span> <span class='ocrx_word' id='word_1_352' title='bbox 1064 2376 1264 2426; x_wconf 81' lang='lat' dir='ltr'><em>fizciemns,</em></span> <span class='ocrx_word' id='word_1_353' title='bbox 1292 2375 1331 2412; x_wconf 83' lang='lat' dir='ltr'><em>in</em></span> <span class='ocrx_word' id='word_1_354' title='bbox 1357 2373 1505 2412; x_wconf 78' lang='lat' dir='ltr'><em>nomine</em></span> 
     </span>
    </p>

    <p class='ocr_par' dir='ltr' id='par_1_12' title="bbox 168 2480 1504 2537">
     <span class='ocr_line' id='line_1_43' title="bbox 168 2480 1504 2537; baseline -0.006 -11"><span class='ocrx_word' id='word_1_355' title='bbox 168 2487 247 2527; x_wconf 91' lang='lat' dir='ltr'><em>Hic</em></span> <span class='ocrx_word' id='word_1_356' title='bbox 269 2488 495 2535; x_wconf 83' lang='lat' dir='ltr'>Ordinator,</span> <span class='ocrx_word' id='word_1_357' title='bbox 516 2501 606 2526; x_wconf 87' lang='lat' dir='ltr'>curn</span> <span class='ocrx_word' id='word_1_358' title='bbox 629 2486 862 2537; x_wconf 82' lang='lat' dir='ltr'><em>presbyteris</em></span> <span class='ocrx_word' id='word_1_359' title='bbox 883 2494 920 2525; x_wconf 85' lang='lat' dir='ltr'><em>et</em></span> <span class='ocrx_word' id='word_1_360' title='bbox 941 2484 1170 2529; x_wconf 77' lang='lat' dir='ltr'><em>senioribus,</em></span> <span class='ocrx_word' id='word_1_361' title='bbox 1195 2481 1362 2532; x_wconf 83' lang='lat' dir='ltr'><em>imponit</em></span> <span class='ocrx_word' id='word_1_362' title='bbox 1387 2480 1504 2531; x_wconf 80' lang='lat' dir='ltr'><em>capiti</em></span> 
     </span>
    </p>
   </div>
  </div>
 </body>
</html>
