1715 2780
219 138 293 185 652
355 131 667 173 CALVINISM
702 131 760 169 IN
793 129 1211 174 SWITZERLAND,
1245 126 1541 168 HUNGARY‚

219 239 273 283 [--
294 239 331 273 C.
352 239 397 274 R.
418 235 538 282 xxxin]
556 245 622 280 733
639 246 717 280 sqq.
735 246 742 277 3
771 233 982 277 Niemeyer,
1006 241 1064 276 191
1085 230 1191 277 sqq.).
1245 231 1362 266 Other
1387 229 1614 264 formularies

218 292 329 321 attest
359 286 421 319 the
456 295 629 329 progress
661 283 701 316 of
731 282 792 316 the
829 279 1028 314 Reformed
1062 279 1244 324 theology‚
1275 277 1450 322 specially
1483 276 1525 311 of
1553 277 1616 310 the

221 333 431 375 Eucharist,
451 332 485 365 in
507 330 655 365 Central
673 329 746 363 and
766 329 923 363 Eastern
942 327 1091 371 Europe
1109 336 1116 368 ;
1144 326 1206 360 viz.
1231 334 1317 370 1557
1339 324 1428 370 [No.
1449 321 1531 368 320]
1548 323 1616 358 the

220 380 440 416 Confessio
471 378 729 420 Czengerina
764 375 865 415 (ibid.
899 383 962 418 545
978 376 1046 419 sq.)
1082 373 1124 408 of
1147 373 1209 407 the
1252 374 1410 416 Magyar
1448 370 1617 416 majority

220 439 357 472 among
382 428 443 461 the
469 426 650 460 followers
676 423 717 458 of
739 423 801 457 the
830 421 1086 456 Resormation
1112 419 1148 454 in
1179 421 1384 464 Hungary3
1420 419 1506 463 1563
1528 417 1616 463 [No.

220 473 306 520 321]
324 475 393 508 the
411 473 661 514 Heidelberg
680 470 910 505 Catechism
926 467 1026 512 (ibid.
1045 468 1130 512 447)
1150 467 1191 501 of
1204 467 1266 501 the
1286 465 1514 507 Palatinate3
1542 464 1616 499 and

225 533 265 565 14
293 521 396 566 April
432 528 520 564 1570
546 519 633 563 [No.
664 517 746 561 322]
771 518 843 552 the
870 516 1110 550 Consensus
1134 513 1485 549 Sendomiriensis
1514 511 1616 557 (ibid.

222 568 304 613 553)
331 568 449 601 which
481 566 636 601 effected
665 577 688 598 a
721 563 833 599 union
863 563 1030 598 between
1058 562 1274 603 Lutherans,
1304 559 1515 602 Calvinists,
1543 558 1617 593 and

223 615 429 650 Bohemian
451 614 628 648 Brethren
647 612 792 656 against
812 611 873 644 the
891 608 1232 644 anti-Trinitarians
1251 608 1287 642 in
1316 606 1458 642 Poland
1476 605 1550 640 and
1578 617 1617 640 so

222 663 375 697 marked
391 668 453 696 out
471 662 532 696 the
551 659 763 694 traditional
784 658 896 692 limits
915 657 956 691 of
969 657 1030 691 the
1050 656 1140 691 later
1158 654 1385 700 evangelica]
1413 665 1453 688 or
1479 659 1617 698 protes-
1673 684 1675 686 .
1706 695 1707 699 Ἰ

221 716 298 744 tant
316 709 531 752 orthodoxy.

261 791 350 833 No.
374 800 468 842 319·
511 788 618 830 The
650 786 946 830 Consensus
977 783 1264 837 Tigurinus‚
1296 783 1415 836 May
1448 791 1577 835 1549.

279 879 308 916 Ι.
341 878 477 925 Quum
499 874 680 914 Christus
702 873 750 911 sit
780 871 866 910 finis
890 870 1017 921 Legis,
1041 877 1078 909 et
1099 869 1183 908 eius
1203 868 1350 919 agnitio
1371 875 1495 906 totam
1517 867 1554 905 in
1577 880 1618 905 se

224 929 427 981 Evangelii
454 942 649 968 summam
679 926 1000 976 comprehendat,
1030 937 1112 963 non
1136 923 1303 962 dubium
1329 929 1388 961 est
1415 921 1511 972 quin
1541 922 1618 959 huc

223 992 375 1036 spectet
410 991 536 1022 totum
576 981 773 1032 spirituale
807 978 1009 1018 Ecclesiae
1044 977 1229 1028 regimen,
1260 984 1302 1015 ut
1335 977 1386 1014 ad
1417 975 1616 1015 Christum

224 1053 296 1077 nos
327 1040 456 1078 ducat.
517 1036 637 1075 Sicuti
674 1048 741 1085 per
770 1047 861 1072 euni
889 1034 1017 1071 solum
1045 1034 1095 1070 ad
1129 1033 1259 1070 Deum
1290 1029 1522 1080 pervenitur,
1552 1028 1618 1078 qui

224 1093 383 1132 ultimus
414 1099 472 1130 est
501 1091 638 1128 beatae
665 1089 767 1127 vitae
795 1087 906 1125 finis:
939 1087 1070 1136 itaque
1098 1085 1276 1136 quisquis
1305 1084 1396 1122 hinc
1424 1084 1482 1122 vel
1512 1082 1620 1120 mini-

226 1160 333 1185 mum
350 1147 545 1191 deflectet,
562 1157 763 1193 nunquam
787 1143 836 1180 de
859 1141 945 1179 ullis
965 1140 1039 1178 Dei
1061 1139 1246 1178 institutis
1268 1139 1338 1177 rite
1359 1139 1418 1176 vel
1441 1136 1620 1187 apposite

225 1204 415 1251 loquetur.

281 1256 333 1293 II.
378 1255 512 1302 Quum
544 1259 675 1290 autem
707 1252 960 1289 Sacramenta
982 1249 1059 1287 sint
1081 1247 1282 1297 Evangelii
1312 1245 1564 1296 appendices,
1589 1244 1618 1282 is

225 1310 386 1347 demum
410 1316 447 1346 et
468 1315 557 1356 apte
583 1313 620 1344 et
642 1304 785 1343 utiliter
806 1305 855 1342 de
877 1317 1012 1341 eorum
1036 1309 1183 1349 natura,
1207 1300 1253 1347 vi,
1278 1299 1407 1338 officio
1429 1306 1467 1337 et
1494 1299 1618 1337 fructu

225 1363 401 1408 disseret,
425 1361 490 1410 qui
521 1374 543 1398 a
573 1359 731 1399 Christo
760 1357 992 1396 exordietur.
1052 1357 1194 1405 Neque
1217 1355 1255 1393 id
1278 1355 1410 1401 modo,
1434 1360 1474 1391 ut
1495 1352 1621 1391 obiter

226 1416 373 1455 Christi
408 1427 554 1452 nomen
587 1412 761 1462 attingat,
796 1412 866 1449 sed
902 1418 943 1448 ut
983 1423 1071 1447 vere
1111 1416 1242 1447 teneat
1277 1420 1464 1457 quorsum
1505 1405 1620 1444 nobis

226 1471 340 1508 datus
363 1469 411 1507 sit
431 1482 452 1506 a
475 1470 599 1513 Patre,
623 1474 660 1504 et
682 1466 777 1515 quid
799 1464 913 1503 nobis
938 1465 1131 1502 bonorum
1153 1462 1334 1500 attulerit.

284 1525 360 1561 ΙΙΙ.
395 1522 457 1560 Sic
481 1535 572 1571 ergo
593 1520 822 1558 habendum
847 1525 915 1565 est,
935 1517 1149 1563 Christum,
1173 1529 1295 1566 quum
1316 1522 1497 1553 aeternus
1519 1520 1621 1553 esset

229 1577 303 1615 Dei
336 1576 465 1622 Filius,
498 1575 674 1613 eiusdem
705 1587 793 1611 cum
826 1574 937 1610 Patre
971 1570 1164 1610 essentiae
1195 1578 1233 1608 et
1261 1569 1417 1619 gloriae,
1447 1567 1621 1606 induisse

227 1644 385 1669 carnem
415 1637 601 1675 nostram,
626 1635 667 1666 ut
697 1627 777 1665 iure
807 1625 1031 1675 adoptionis
1054 1625 1093 1663 id
1117 1625 1226 1674 quod
1256 1631 1394 1661 natura
1421 1621 1620 1672 proprium

228 1685 411 1729 habebat,
437 1683 549 1721 nobis
572 1681 894 1726 communicaret,
918 1692 1061 1729 nempe
1082 1686 1123 1716 ut
1145 1678 1266 1716 simus
1289 1676 1355 1714 filii
1383 1676 1482 1714 Dei:
1513 1675 1620 1725 quod

228 1741 279 1785 lit,
313 1740 407 1777 dum
442 1738 517 1775 side
550 1735 681 1774 inserti
708 1735 747 1772 in
778 1747 942 1783 corpore
968 1732 1123 1780 Christi,
1152 1732 1271 1781 idque
1302 1730 1465 1780 Spiritus
1497 1727 1620 1768 sancti

228 1793 378 1839 virtute,
402 1791 569 1841 primum
599 1789 688 1828 iusti
716 1801 922 1827 censemur
951 1786 1116 1837 gratuita
1146 1785 1311 1823 iustitiae
1338 1783 1622 1834 imputatione;

226 1846 371 1885 deinde
387 1857 659 1895 regeneramur
672 1842 711 1880 in
729 1855 871 1880 novam
886 1841 1021 1879 vitam:
1047 1853 1126 1890 quo
1143 1837 1340 1877 reformati
1356 1837 1395 1875 in
1411 1836 1620 1887 imaginem

230 1900 351 1938 Patris
372 1900 551 1937 caelestis
572 1896 691 1935 veteri
713 1895 863 1934 homini
886 1894 1167 1933 renuntiemus,

283 1955 353 1991 IV.
387 1954 448 1990 Ita
461 1951 641 1990 Christus
662 1950 700 1987 in
722 1963 837 1988 carne
859 1962 928 1987 sua
949 1947 1261 1986 considerandus
1282 1953 1340 1984 est
1360 1944 1475 1983 nobis
1492 1945 1620 1982 Sacer-

228 2008 310 2053 dos,
334 2006 401 2056 qui
434 2014 594 2055 peccata
626 2012 758 2042 nostra
793 2003 911 2041 unico
939 2001 1072 2040 mortis
1105 2014 1198 2039 suae
1223 1999 1413 2038 sacrificio
1440 1996 1618 2048 expiavit,

227 2061 294 2111 qui
311 2073 450 2098 omnes
471 2066 622 2096 nostras
643 2057 868 2106 iniquitates
895 2056 1040 2095 delevit
1067 2069 1136 2093 sua
1157 2053 1396 2100 obedientia,
1418 2051 1485 2102 qui
1506 2050 1620 2089 nobis

227 2116 441 2164 perfectam
462 2112 646 2151 iustitiam
669 2110 919 2160 comparavit,
943 2109 1010 2159 qui
1038 2122 1142 2147 nunc
1170 2106 1377 2146 intercedit
1401 2118 1471 2156 pro
1492 2104 1617 2151 nobis,

228 2176 269 2206 ut
298 2180 480 2206 accessus
509 2165 625 2204 nobis
652 2166 701 2202 ad
729 2166 858 2202 Deum
890 2171 1032 2214 pateat.
1100 2161 1422 2202 Considerandus
1453 2167 1512 2198 est
1540 2166 1620 2196 tan-

228 2235 345 2271 quam
367 2221 525 2259 victima
547 2218 743 2269 expiatrix,
767 2230 843 2267 qua
873 2219 1048 2267 placatus
1079 2224 1137 2254 est
1164 2218 1272 2253 Deus
1298 2215 1458 2252 mundo.
1519 2213 1621 2251 Con-

228 2276 459 2313 siderandus
481 2282 537 2312 cst
561 2275 686 2318 frater,
703 2271 767 2320 qui
788 2284 858 2309 nos
876 2285 921 2308 ex
939 2270 1088 2307 miseris
1105 2270 1217 2307 Adae
1236 2267 1321 2305 filiis
1339 2267 1467 2305 effecit
1483 2266 1619 2304 beatos

230 2329 305 2366 Dei
328 2329 438 2367 filios.
486 2326 808 2367 Considerandus
830 2332 888 2362 est
909 2332 1115 2373 reparator,
1132 2322 1198 2372 qui
1216 2321 1380 2371 Spiritus
1401 2320 1460 2359 sui
1480 2319 1620 2357 virtute

228 2384 411 2420 reformat
431 2380 620 2432 quicquid
643 2380 681 2417 in
702 2379 816 2417 nobis
843 2385 901 2416 est
923 2377 1116 2423 vitiosum,
1139 2384 1180 2414 ut
1204 2376 1353 2414 mundo
1374 2375 1502 2412 vivere
1522 2371 1621 2412 desi-

229 2449 366 2474 namus
395 2444 431 2474 et
459 2434 576 2482 carni,
598 2447 643 2472 ac
670 2435 779 2471 Deus
809 2432 889 2482 ipse
915 2431 954 2469 in
984 2430 1097 2469 nobis
1124 2430 1235 2467 vivat.
1297 2427 1619 2468 Considerandus

228 2498 285 2527 cst
308 2504 370 2527 rex
393 2489 457 2538 qui
481 2488 587 2526 omni
613 2488 807 2526 bonorum
835 2499 977 2535 genere
1006 2499 1076 2523 nos
1108 2484 1215 2529 ditat,
1240 2483 1305 2532 qui
1330 2496 1402 2521 nos
1427 2482 1617 2531 gubernat
