1715 2780
180 111 253 147 126
293 108 413 146 THE
435 107 561 145 NEW
583 104 1058 146 ECCLESIASTICAL
1077 101 1307 151 SYSTEM,
1332 114 1487 153 1523—4
1520 100 1575 149 65

232 213 381 250 Verum
402 211 500 249 haec
517 208 650 249 onmia
663 210 713 248 de
727 208 809 247 iure
825 206 1029 247 communi
1050 206 1360 247 Christianorum
1378 205 1548 246 diximus
1564 221 1571 244 :

179 279 270 304 nam
293 279 382 304 cum
404 264 583 303 omnium
605 262 920 303 Christianorum
942 263 1040 300 haec
1066 260 1143 300 sint
1167 262 1302 300 omnia
1329 260 1404 312 (uti
1433 261 1572 311 proba-

179 319 350 370 111111151)
375 318 614 365 communia,
637 316 733 355 nulli
763 316 853 355 licet
884 317 923 353 in
951 315 1127 354 medium
1157 315 1313 366 prodire
1341 314 1573 353 auctoritate

180 373 336 424 propria
356 381 393 412 et
415 372 489 411 sibi
509 371 676 422 arripere
698 370 780 418 soli,
801 370 909 420 quod
926 369 1104 407 omnium
1119 377 1186 408 est.
1275 371 1454 407 .Verum
1475 369 1574 407 haec

181 427 411 466 communio
465 426 557 464 iuris
605 425 709 474 cogit
758 432 800 462 ut
848 437 949 462 unus
1005 431 1072 461 aut
1119 430 1316 483 quotquot
1357 421 1575 472 placuerint

182 480 456 520 communitati
495 480 686 539 eligantur
724 479 785 517 vel
823 484 1078 528 acceptentur
1116 476 1184 527 qui
1221 476 1306 515 vice
1341 484 1380 515 et
1413 475 1573 514 nomine

183 535 361 574 omnium
383 534 450 595 qui
471 533 576 572 idem
598 532 689 571 iuris
717 532 866 570 habent
886 539 1120 582 exsequatur
1147 530 1275 569 officia
1303 530 1376 569 ista
1402 529 1572 580 publice,

183 603 233 628 ne
254 589 375 639 turpis
397 589 445 627 sit
466 586 675 626 confusio
666 600 707 624 in
734 587 882 647 populo
911 585 987 624 Dei
1018 593 1056 624 et
1084 585 1264 635 Babylon
1292 585 1486 635 quaedam
1509 585 1575 621 fiat

183 643 222 681 in
245 642 454 682 ecclesia..
510 641 663 680 ‚Aliud
685 642 791 679 6111111
813 648 870 678 651
895 639 954 678 1115
982 639 1140 699 publice
1164 638 1338 688 exsequi,
1365 637 1501 676 aliud
1492 651 1575 676 iure

183 697 223 735 in
254 697 486 735 necessitate
510 673 598 734 -mh
647 694 804 745 publice
839 693 999 743 exsequi
1029 707 1110 732 non
1140 692 1241 740 licet,
1273 691 1347 730 nisi
1379 704 1574 730 consensu

183 750 445 789 universitatis
484 764 552 789 seu
592 748 792 795 ecclesiae,
828 747 868 786 in
908 748 1141 786 necessitate
1179 753 1310 785 utatur
1347 745 1576 796 quicunque

183 805 359 844 voluerit.
385 835 391 842 .
413 835 420 842 .
446 835 452 842 .

239 861 297 897 Ex
318 859 378 896 his
399 857 584 896 omnibus
605 858 724 895 credo
745 857 1020 895 confirmatum
1041 868 1126 894 esse
1147 867 1214 893 eos
1235 853 1302 904 qui
1323 852 1575 892 sacramentis

184 921 222 951 et
243 913 363 951 verbo
390 912 490 950 inter
519 913 687 961 populos
714 917 910 961 praesunt,
933 923 1014 948 non
1041 922 1157 959 posse
1182 921 1255 947 nec
1280 907 1425 946 debere
1455 920 1576 945 sacer-

184 968 297 1006 dotes
336 965 476 1005 vocari.
537 966 659 1014 Quod
691 972 823 1002 autem
862 964 1086 1002 sacerdotes
1118 969 1318 1008 vocantur,
1351 961 1392 1000 id
1430 962 1491 1000 vel
1530 974 1576 1000 ex

183 1020 388 1071 gentilium
406 1020 480 1058 ritu
493 1021 553 1057 vel
574 1032 620 1057 ex
639 1018 825 1057 Iudaicae
845 1017 971 1068 gentis
992 1016 1165 1067 reliquiis
1186 1022 1388 1066 sumptum
1409 1022 1478 1054 est.

185 1076 371 1114 Ceterum
392 1074 498 1112 iuxta
517 1072 761 1132 evangelicas
787 1071 916 1110 literas
948 1070 1130 1118 Ministri‚
1161 1069 1341 1116 Diaconi,
1375 1044 1574 1119 Episcopi,

188 1130 490 1188 Dispensatores
511 1127 653 1165 rectius
674 1125 983 1172 nominarentur,
1006 1124 1074 1175 qui
1094 1132 1132 1163 et
1153 1125 1205 1163 ob
1225 1130 1395 1162 aetatem
1417 1122 1577 1172 Presby-

185 1182 256 1221 teri
286 1182 440 1232 saepius
465 1188 665 1219 vocantur.
724 1179 788 1219 Sic
818 1179 923 1218 enim
955 1180 1099 1217 Paulus
1134 1192 1149 1216 1
1175 1179 1265 1218 Cor.
1291 1177 1338 1215 iv.
1368 1175 1426 1229 [1]
1457 1175 1576 1215 dicit:

186 1239 195 1255 ‘
213 1238 276 1275 Sic
293 1249 365 1274 nos
387 1235 580 1274 existimet
610 1236 731 1272 homo
761 1241 804 1272 ut
827 1232 1025 1271 ministros
1051 1231 1198 1272 Christi
1222 1238 1261 1270 et
1280 1230 1576 1302 dispensatores

186 1291 458 1340 mysteriorum
476 1288 576 1327 Dei'
591 1301 703 1336 ,non
716 1287 808 1334 ait‚‘
823 1294 865 1325 ut
878 1287 1103 1325 sacerdotes
1117 1285 1287 1333 Christis
1295 1285 1414 1335 quod
1428 1297 1575 1322 nornen

187 1343 401 1382 sacerdotis
423 1350 460 1381 et
481 1342 654 1381 officium
675 1341 789 1379 sciret
810 1341 994 1379 omnibus
1016 1353 1101 1379 esse
1122 1352 1346 1378 commune.

243 1398 365 1445 Quod
386 1396 417 1435 si
438 1395 603 1434 ministri
620 1402 771 1433 tantum
795 1401 895 1440 sunt,
919 1393 995 1432 iam
1017 1393 1117 1444 perit
1137 1393 1201 1432 ille
1221 1368 1421 1431 character
1441 1390 1576 1430 indeli-

187 1451 287 1510 bilis,
307 1458 345 1489 et
364 1449 571 1489 aeternitas
593 1449 658 1487 illa
673 1447 881 1487 sacerdotii
895 1449 1001 1485 nulla
1018 1447 1091 1485 nisi
1112 1448 1204 1485 ficta
1224 1453 1310 1493 est,
1339 1447 1409 1484 sed
1429 1444 1577 1505 deponi

188 1504 363 1543 minister
383 1511 522 1554 potest,
539 1503 570 1541 si
591 1502 716 1540 fidelis
738 1515 822 1540 esse
838 1500 1005 1548 desinat,
1021 1514 1171 1538 rursum
1189 1499 1298 1538 ferri
1290 1513 1329 1537 111
1350 1498 1577 1560 ministerio,

188 1560 318 1597 donec
328 1572 351 1595 v
354 1559 389 1596 el
403 1571 439 1595 m
445 1556 615 1596 erueritv
618 1557 653 1594 el
667 1555 760 1594 univ
763 1554 908 1594 ersitati
921 1531 1110 1593 ecclesiae
1126 1553 1326 1604 placuerit,
1336 1552 1437 1591 sicut
1450 1552 1576 1603 quivis

188 1612 286 1650 alius
307 1611 477 1650 civilium
500 1623 627 1649 rerum
648 1609 748 1648 inter
768 1611 901 1648 fratres
922 1609 1106 1658 aequales
1126 1607 1459 1646 administrator..

244 1666 350 1704 His.
401 1664 697 1703 ‚fidelissimis.
754 1663 1002 1723 ..Scripturae
1022 1661 1277 1700 firmamentis
1294 1660 1342 1711 (si
1355 1659 1483 1699 verbis
1501 1658 1578 1698 Dei

189 1719 401 1769 credimus)
433 1725 613 1769 superata
643 1724 701 1756 est
730 1717 870 1756 misera
899 1716 963 1754 illa
993 1715 1204 1755 necessitas
1238 1726 1340 1765 quae
1372 1713 1577 1752 Boemiam

190 1775 380 1812 hactenus
401 1772 528 1822 coegit
549 1771 773 1810 mendicare
790 1783 919 1809 rasum
941 1769 1204 1808 sacerdotium
1223 1781 1270 1807 ac
1285 1766 1578 1818 indignissimos

191 1840 372 1877 quosque
411 1828 519 1864 ferre.
579 1827 683 1863 Nam
718 1824 781 1863 hic
815 1826 903 1862 luce
934 1823 1074 1862 clarius
1108 1853 1116 1861 .
1235 1822 1439 1882 habemus,
1471 1822 1578 1859 unde

191 1880 352 1931 petendi
372 1880 448 1918 sint
470 1881 692 1918 sacerdotes
713 1892 782 1917 seu
803 1877 968 1916 ministri
988 1877 1107 1924 verbi,
1130 1852 1277 1915 scilicet
1297 1889 1344 1914 ex
1359 1875 1445 1925 ipso
1464 1888 1578 1925 grege

191 1934 351 1982 Christi,
388 1947 434 1972 ac
472 1946 667 1984 nusquam
705 1932 811 1971 alibi.
883 1933 986 1970 Nam
1025 1931 1093 1969 ubi
1138 1931 1178 1969 id
1216 1936 1476 1968 monstratum
1521 1935 1579 1966 est

192 1988 403 2034 6ν1(1611161,
440 1988 584 2026 habere
618 1999 944 2035 unumquemque
979 1985 1037 2022 ius
1072 1983 1317 2022 ministrandi
1347 1981 1465 2028 verbi,
1498 1981 1578 2019 imo

192 2049 455 2102 praeceptum,
488 2041 519 2079 51
547 2040 686 2080 viderit
715 2041 775 2078 vel
810 2041 947 2078 deesse
981 2037 1048 2088 qui
1077 2039 1247 2076 doceant
1275 2038 1335 2075 vel
1365 2049 1446 2074 non
1475 2042 1579 2074 recte

192 2097 335 2134 docere
365 2096 432 2145 qui
466 2096 621 2142 adsunt,
649 2101 692 2132 ut
730 2107 745 2131 1
775 2094 864 2133 Cor.
893 2092 968 2140 xiv,
998 2093 1142 2129 Paulus
1172 2089 1315 2137 statuit,
1346 2103 1425 2139 quo
1459 2088 1578 2127 virtus

196 2149 271 2188 Dei
291 2149 552 2187 annuncietur
572 2161 640 2198 per
660 2161 732 2186 nos
753 2159 901 2186 01111165.
962 2145 1179 2194 Quomodo
1199 2156 1279 2182 non
1301 2144 1426 2181 multo
1455 2141 1578 2192 magis

195 2203 254 2241 ius
274 2216 320 2241 ac
340 2210 592 2252 praeceptum
608 2200 769 2240 habebit
786 2207 868 2238 tota
886 2198 1018 2249 aliqua
1033 2197 1274 2243 universitas,
1290 2197 1330 2235 id
1344 2195 1460 2234 officii
1474 2208 1578 2233 com·

195 2256 380 2294 munibus
402 2255 588 2306 suffragiis
609 2254 725 2293 alicui
745 2253 812 2292 uni
833 2255 893 2292 vel
913 2252 1088 2302 pluribus
1111 2250 1193 2289 vice
1222 2263 1292 2288 sua
1320 2249 1576 2295 committere,

195 2317 234 2349 et
253 2309 307 2348 illi
328 2309 514 2359 deinceps
534 2309 628 2355 aliis,
652 2307 932 2346 accedentibus
953 2306 1101 2344 eisdem
1122 2303 1367 2354 suffragiis?.

251 2364 330 2402 Sed
356 2371 393 2401 et
417 2362 627 2401 necessitas
648 2362 701 2399 ita
721 2361 824 2411 cogit
845 2368 882 2399 et
905 2358 1127 2398 communis
1151 2369 1287 2396 sensus
1313 2333 1403 2395 fidei
1426 2356 1575 2394 suadet.

199 2419 302 2456 Nam
332 2430 422 2455 cum
453 2416 617 2454 ccclesia
647 2415 766 2454 verbo
798 2414 902 2452 Dei.
958 2415 1121 2459 alatur,
1153 2413 1280 2462 palam
1310 2417 1368 2449 est
1389 2422 1473 2448 eam
1495 2408 1580 2447 sine

683 2478 694 2497 ¹
723 2479 780 2519 Op.
803 2479 878 2509 Lal.
893 2478 935 2508 vi.
954 2486 1093 2519 509-23.
