1715 2780
167 94 243 139 380
373 89 614 128 ZWINGLI
644 89 762 127 THE
796 88 1113 133 HUMANIST,
1146 87 1219 126 TO
1258 98 1354 137 1519
1485 89 1564 126 160

167 201 280 240 certe,
305 200 346 232 ut
366 205 438 231 nos
454 192 599 243 peracti
624 193 674 230 ad
700 198 737 230 te
759 191 904 229 itineris
928 191 1053 242 (quod
1076 190 1247 242 Hispani
1269 190 1451 241 Gallique
1471 192 1564 229 olim

167 250 338 286 Romam
361 255 498 286 euntes
518 246 678 285 videndi
702 245 799 283 Livii
821 258 949 291 causa,
972 246 1162 283 referente
1190 244 1281 284 divo
1304 244 1563 295 Hieronymo,

166 301 360 353 fecerunt)
380 302 479 339 scias
508 308 660 339 tantum
691 300 830 338 abesse
859 307 901 337 ut
930 298 1130 349 poeniteat
1159 307 1201 338 ut
1229 312 1416 349 magnum
1446 299 1563 338 etiam

167 355 310 394 fecisse
339 368 486 393 nomen
517 368 589 394 nos
620 353 888 392 existimemus
917 366 999 392 non
1030 352 1106 391 alia
1136 367 1175 391 re
1203 353 1325 403 magis
1353 354 1563 403 gloriantes

166 423 284 459 quam
308 411 515 448 Erasmum
545 408 699 455 vidisse,
727 407 852 446 virum
879 408 929 446 de
958 407 1077 446 literis
1108 406 1407 457 Scripturaeque
1434 420 1565 446 sacrae

166 477 316 502 arcanis
348 473 651 502 mer1t1ss1mum.
682 493 689 501 .
723 493 730 500 .

293 561 382 604 No.
406 562 492 603 161.
537 560 799 614 Zwingli’s
828 559 1080 613 liturgical
1110 559 1433 602 discoveries.

237 637 289 684 (a)
324 638 440 673 From
463 635 522 673 his
542 636 752 685 Exposl'llo
773 666 780 673 .
806 665 812 671 .
837 665 843 672 .
867 634 1142 680 Articulorum,
1163 646 1275 685 1523,
1297 636 1379 672 Art.
1395 634 1483 672 xviii

736 688 825 739 (Op.
846 690 867 726 i.
889 691 936 725 26
941 690 993 738 5).

222 787 228 794 .
265 787 271 793 .
301 786 308 794 .
344 754 509 793 Disertis
536 768 627 804 ergo
648 761 685 793 et
714 755 903 804 expressis
924 752 1051 792 verbis
1073 760 1194 799 cavet,
1217 753 1379 792 dicens:
1413 752 1566 792 ‘Bibite

168 823 213 848 ex
234 824 281 848 eo
302 822 426 847 omnes
442 811 471 848 !²
493 810 643 847 nullum
667 808 830 847 omnino
850 807 1059 857 excipiens,
1083 806 1150 856 qui
1170 820 1294 845 omnes
1313 807 1418 846 dicit.
1479 808 1564 845 Iam

168 865 372 915 quomodo
401 864 484 902 ausi
515 870 606 901 sunt
638 862 855 900 stultissimi
885 861 1066 900 homines
1101 861 1386 900 institutionem
1418 860 1565 900 Christi

168 918 206 956 in
248 920 320 956 hac
359 917 619 956 sacratissima
666 929 792 955 coena
831 916 1022 954 invertere
1065 923 1131 954 aut
1180 916 1399 963 concidere,
1442 928 1564 965 quum

168 973 285 1010 verba
306 971 451 1012 Christi
480 979 558 1009 tam
587 972 688 1009 clara
718 970 826 1008 sint?
854 971 1080 1020 praesertim
1106 983 1228 1019 quum
1255 970 1396 1008 ambae
1416 970 1565 1020 species

168 1035 248 1064 tam
292 1027 404 1076 panis
440 1039 558 1075 quam
594 1024 672 1062 vini
707 1026 746 1062 in
782 1024 995 1062 Germania
1025 1025 1131 1074 apud
1168 1024 1374 1062 Helvetios
1410 1024 1449 1061 in
1493 1036 1564 1061 usu

168 1080 322 1127 fuerint,
354 1093 434 1118 non
466 1081 593 1117 solum
625 1078 714 1116 viris
748 1086 786 1117 et
818 1077 1057 1125 mulieribus,
1093 1079 1163 1116 sed
1206 1077 1324 1116 etiam
1364 1077 1493 1127 pueris
1528 1085 1565 1115 et

168 1134 346 1172 adultis?
412 1132 658 1171 Testimonia
692 1133 807 1170 huius
843 1132 895 1170 rei
930 1140 1035 1170 certa
1063 1132 1247 1170 adferam.
1308 1133 1411 1169 Nam
1442 1144 1563 1181 quum

170 1188 345 1226 minister
375 1200 501 1226 essem
531 1188 638 1237 apud
673 1188 886 1225 Glaronam
925 1185 1212 1233 Helvetiorum,
1243 1185 1385 1224 librum
1415 1184 1563 1223 ibidem

169 1242 292 1292 reperi
322 1241 569 1293 (obsequiale
599 1248 740 1279 vocant
773 1240 983 1291 pontificii)
1013 1239 1051 1277 in
1081 1241 1215 1278 Mollis
1244 1238 1564 1286 vetustissimum,

170 1297 239 1334 sed
270 1296 462 1345 integrum
497 1296 628 1333 adhuc
668 1302 705 1333 et
741 1296 848 1332 nulla
885 1301 993 1344 parte
1031 1295 1140 1343 quod
1172 1295 1223 1332 ad
1253 1293 1381 1332 literas
1412 1292 1564 1332 adtinet

170 1349 359 1387 vitiatum.
418 1349 573 1387 Titulus
603 1356 682 1386 erat
713 1348 924 1396 (rubricam
954 1347 1114 1398 vocant)
1143 1348 1181 1385 in
1211 1360 1259 1385 eo
1287 1349 1376 1386 loco
1406 1360 1486 1397 quo
1516 1348 1566 1385 de

170 1403 243 1441 ritu
265 1402 488 1454 baptizandi
510 1401 784 1452 praescribitur
805 1401 920 1439 huius
943 1401 1162 1451 argumenti
1183 1417 1188 1440 :
1221 1401 1423 1451 Baptizato
1444 1414 1565 1451 puero

171 1471 261 1495 mox
282 1458 396 1496 detur
417 1456 686 1494 Eucharistiae
703 1463 990 1494 sacramentum
1011 1459 1017 1493 1
1070 1454 1255 1493 Similiter
1274 1455 1462 1504 poculum
1483 1467 1565 1493 san-

169 1511 319 1561 guinis!
378 1512 470 1548 Non
495 1510 559 1548 hic
588 1510 713 1560 probo
742 1511 846 1547 hunc
867 1523 981 1547 usum
1009 1522 1089 1559 quo
1110 1516 1397 1547 sacramentum
1419 1508 1564 1548 Christi

171 1565 299 1615 pueris
319 1566 455 1603 datum
477 1572 546 1611 est,
569 1565 638 1603 sed
663 1565 739 1602 hoc
763 1570 915 1601 tantum
947 1564 1115 1601 ostendo
1140 1564 1351 1601 coelestem
1379 1563 1480 1601 hanc
1501 1562 1565 1600 ali-

171 1618 342 1658 moniam
372 1618 586 1668 aliquando
619 1618 692 1656 sub
726 1625 888 1667 utraque
909 1617 1039 1667 specie
1066 1617 1105 1654 in
1133 1618 1274 1655 nostris
1302 1618 1411 1655 terris
1431 1617 1562 1655 datam

169 1687 264 1712 esse.
290 1704 296 1711 .
322 1704 328 1711 .
352 1703 358 1710 .
384 1672 586 1722 Quamdiu
606 1685 690 1710 mos
708 1671 780 1710 iste
795 1672 902 1721 apud
919 1672 1183 1709 Glaronenses
1198 1672 1393 1710 duraverit
1412 1678 1562 1709 certum

170 1741 249 1765 non
278 1735 346 1773 est,
375 1727 443 1764 sed
472 1728 547 1764 hoc
569 1734 718 1764 certum
748 1733 805 1764 est
833 1739 913 1764 non
938 1738 1023 1764 esse
1050 1725 1243 1764 ducentos
1270 1724 1415 1763 abhinc
1439 1737 1564 1763 annos

170 1782 278 1830 quod
299 1780 362 1818 hic
384 1794 469 1818 mos
490 1780 527 1817 in
551 1794 623 1818 usu
645 1781 757 1818 fuerit
779 1779 816 1817 in
840 1779 985 1817 Mollis.
1010 1809 1016 1817 .
1040 1809 1046 1817 .

260 1850 315 1901 (b)
355 1852 471 1888 From
503 1850 561 1887 his
593 1852 657 1888 De
682 1863 821 1888 canone
849 1851 1006 1897 Alissae,
1045 1863 1141 1901 1523
1173 1850 1264 1900 (Op.
1295 1848 1346 1888 iii.
1379 1849 1458 1897 88).

223 1917 401 1953 Alterum
436 1923 710 1964 argumentum
744 1914 1024 1964 assumptionis
1059 1914 1174 1952 huius
1208 1921 1277 1961 est,
1310 1914 1419 1963 quod
1458 1914 1564 1951 hunc

170 1969 376 2009 Canonem
400 1982 560 2006 necesse
582 1970 679 2006 foret
703 1968 835 2007 media
858 1968 956 2006 inter
977 1967 1230 2006 Ambrosium
1252 1966 1564 2016 Gregoriumque

170 2030 403 2073 tempestate
434 2023 648 2059 conflatum
690 2035 800 2060 esse:
840 2035 930 2059 nam
966 2021 997 2059 si
1030 2029 1121 2060 ante
1154 2020 1353 2059 Ambrosii
1387 2028 1564 2071 tempora

170 2076 317 2123 fuisset,
343 2078 452 2114 nefas
482 2084 561 2114 erat
592 2089 693 2122 eum,
727 2077 800 2113 isto
825 2075 1063 2125 posthabito,
1096 2087 1242 2113 novum
1272 2075 1466 2113 condere:
1496 2082 1563 2112 aut

171 2130 200 2168 si
223 2130 261 2168 id
283 2130 403 2177 licuit,
420 2137 549 2179 verget
577 2130 652 2166 hoc
673 2130 723 2167 ad
745 2129 881 2178 ingens
902 2128 1184 2178 praeiudicium
1208 2130 1414 2166 Romanae
1434 2128 1561 2167 sedis:

170 2183 367 2234 permittet
388 2183 492 2221 enim
512 2182 597 2220 aliis
620 2182 826 2232 Episcopis
847 2182 962 2220 licere
982 2183 1091 2231 quod
1111 2181 1334 2229 Ambrosio,
1357 2194 1500 2231 nempe
1521 2189 1562 2220 ut

172 2240 356 2276 Romano
387 2236 561 2286 pontifici
592 2249 705 2274 suum
736 2235 808 2274 sibi
831 2236 1037 2275 Canonem
1065 2235 1286 2285 relinquant
1320 2243 1357 2274 et
1396 2236 1562 2285 quisque

169 2293 275 2341 apud
297 2305 338 2329 se
358 2290 557 2341 proprium
579 2291 763 2328 condant.
824 2291 943 2328 Unde
963 2289 1208 2328 verisimilius
1228 2296 1286 2328 est
1312 2290 1417 2326 hunc
1443 2302 1561 2338 quem

170 2345 210 2382 in
246 2344 427 2383 manibus
459 2344 651 2382 habemus
691 2344 908 2390 Canonem,
948 2343 1142 2381 recentius
1180 2350 1315 2381 natum
1354 2355 1471 2392 quam
1520 2349 1561 2380 ut

170 2398 412 2449 superiorum
429 2398 635 2447 quisquam
654 2397 864 2447 quicquam
885 2398 935 2434 ad
957 2410 1046 2435 eum
1068 2396 1263 2435 adiecerit.
1307 2397 1561 2446 Adparetque

172 2452 267 2489 nihil
287 2452 393 2490 aliud
415 2465 532 2501 quam
561 2452 804 2501 precularum
830 2452 1087 2500 quarundam,
1110 2449 1263 2488 tametsi
1283 2449 1562 2499 aliquantisper
