1715 2780
196 93 272 128 430
359 80 477 117 THE
510 78 926 118 DISPUTATIONS
958 78 1029 115 AT
1059 67 1291 124 Zomeri,
1328 87 1426 127 1523
1517 86 1589 124 197

197 198 269 236 ego
286 192 401 232 certe,
420 197 470 223 ne
491 183 587 222 nihil
609 183 672 221 hic
693 188 837 232 agatur,
855 188 892 220 et
909 188 950 220 ut
967 179 1050 219 aliis
1067 193 1226 231 quoque
1241 178 1469 230 disputandi
1486 191 1591 229 prae-

198 240 334 278 beatur
364 238 519 277 occasio
550 246 587 276 et
616 236 749 276 divina
769 235 909 274 veritas
938 234 1078 273 clarius
1108 233 1338 282 innotescat,
1360 233 1464 285 ipsas
1491 235 1527 271 S.
1551 235 1587 272 S.

196 293 442 340 testimoniis,
457 299 650 343 quatenus
667 292 743 330 hoc
760 290 840 329 fieri
855 296 998 340 posset,
1014 288 1238 327 subvertere
1254 288 1439 327 conabor.
1480 289 1590 326 Prae-

197 356 333 398 ceptor
347 355 384 386 et
397 348 591 386 confrater
608 358 718 384 meus
735 344 774 382 in
790 343 947 384 Christo
961 343 1140 391 dilectus,
1158 345 1210 381 H.
1227 342 1439 392 Zuinglius,
1454 348 1492 380 et
1509 342 1591 380 Leo

199 404 327 450 frater,
347 403 445 441 duas
471 402 562 439 istas
586 398 875 450 propositiones
901 399 951 437 de
976 396 1192 436 simulacris
1219 404 1257 435 et
1279 396 1403 435 Missa
1427 409 1468 435 se
1493 396 1528 434 S.
1553 396 1588 433 S.

199 455 434 495 testimoniis
463 462 678 494 asserturos
708 466 793 492 esse
822 451 986 503 polliciti
1016 459 1131 490 sunt:
1161 450 1346 489 nimirum
1376 463 1450 489 nec
1477 448 1593 488 simu-

199 512 301 549 lacra
334 509 421 548 ferri
456 509 612 555 debere,
649 521 723 546 nec
762 507 927 545 Missam
966 519 1052 545 esse
1090 504 1336 544 sacrificium.
1406 505 1592 544 Ceterum

200 577 338 602 omnes
360 565 398 602 S.
420 564 454 602 S.
478 562 555 602 loci
574 562 645 601 abs
666 569 704 600 te
731 560 923 611 producti,
948 562 1030 598 Leo
1050 563 1056 599 ἔ
1087 567 1280 610 quantum
1310 557 1406 597 mihi
1426 557 1591 604 videtur,

199 620 249 656 ad
270 617 445 668 gentium
467 617 573 656 idola
594 616 697 654 falsis
723 623 761 654 et
784 614 921 653 alienis
944 614 1019 653 diis
1044 613 1172 664 posita
1191 614 1418 660 referuntur,
1441 625 1522 650 non
1543 613 1593 650 ad

201 672 345 711 Christi
366 680 404 710 et
425 678 649 710 sanctorum
670 669 753 708 eius
774 668 976 719 imagines.

254 728 330 764 Leo
345 727 478 764 Indae.
530 725 659 763 Multa
675 723 836 774 quidem
853 722 963 770 dicis,
984 722 1158 760 I-Ienrice
1175 724 1182 760 ἕ
1213 722 1281 760 sed
1298 733 1423 771 pauca
1439 720 1592 770 probas.

202 782 288 819 Nec
317 780 423 819 enirn
453 781 503 818 de
533 787 600 817 tua
623 778 811 829 opinione
835 777 971 827 agitur.
1030 777 1237 826 Scripturis
1258 776 1360 813 hanc
1380 781 1488 813 tuam
1510 787 1589 813 sen-

201 834 364 873 tentiam
386 834 541 884 probes,
563 845 724 871 necesse
745 839 813 870 est.
875 832 923 869 In
943 832 1019 869 hoc
1040 829 1146 869 enim
1163 830 1282 868 cardo
1302 828 1355 867 rei
1376 835 1558 867 versatur.

255 890 312 927 H.
334 889 485 926 lintius.
547 888 681 936 Quum
707 885 960 935 omnipotens
987 884 1051 923 ille
1076 885 1186 923 Deus
1213 896 1282 934 per
1300 882 1595 933 gratiamsuam

203 944 390 981 Israelem
417 956 464 981 ex
484 943 665 991 Aegypto
689 941 876 979 eductum
908 970 915 978 .
948 970 954 977 .
991 970 997 977 .
1026 937 1278 984 liberavisset,
1305 938 1475 987 populus
1505 967 1512 974 .
1547 967 1553 974 .

202 996 349 1035 Aaroni
372 996 581 1035 dicebant:
613 997 744 1044 Surge,
768 995 828 1032 fac
858 993 973 1031 nobis
1003 994 1112 1039 deos,
1135 991 1203 1042 qui
1232 992 1471 1042 praecedant
1496 1003 1569 1028 nos
1590 993 1595 1028 ἒ

202 1051 381 1089 Vitulum
412 1063 503 1100 ergo
532 1063 694 1088 aureum
725 1049 941 1087 conflantes
971 1046 1184 1085 dicebant:
1225 1048 1330 1084 Ecce
1359 1044 1399 1083 hi
1426 1052 1516 1083 sunt
1541 1043 1596 1083 dii

203 1105 336 1152 nostri,
358 1104 425 1155 qui
455 1117 528 1142 nos
558 1104 776 1142 eduxerunt
805 1116 851 1141 ex
881 1103 1085 1151 Aegypto!
1116 1107 1274 1151 propter
1303 1100 1412 1150 quod
1441 1098 1595 1137 illorum

203 1158 354 1198 facinus
374 1158 525 1209 aliquot
546 1157 666 1196 millia
685 1157 893 1207 perierunt.
942 1156 1063 1195 Unde
1079 1167 1160 1193 non
1181 1154 1394 1193 obscurum
1415 1160 1473 1191 est
1493 1153 1595 1191 colli-

202 1226 302 1264 gere,
328 1215 459 1252 Deum
480 1226 548 1263 per
578 1213 789 1262 prophetas
820 1223 911 1249 suos
935 1208 1163 1248 huiusmodi
1188 1207 1378 1258 imagines
1408 1207 1597 1245 duntaxat

205 1267 462 1317 prohibuisse,
484 1280 564 1305 non
587 1273 718 1304 autem
741 1278 805 1303 eas
826 1264 969 1314 quibus
992 1264 1051 1302 vel
1074 1262 1253 1302 Christus
1273 1263 1334 1300 vel
1364 1260 1488 1299 sancti
1515 1260 1597 1299 eius

203 1328 555 1371 repraesentantur.
1294 1364 1301 1369 „

258 1376 344 1413 Leo.
393 1374 526 1413 Audio
543 1373 716 1424 quidem,
736 1372 921 1410 Henrice.
966 1372 1069 1409 Illud
1086 1383 1177 1409 vero
1198 1383 1277 1408 non
1295 1368 1597 1419 comprobatum

205 1437 273 1475 est,
296 1428 503 1467 simulacra
523 1426 749 1466 huiusmodi
767 1425 901 1464 haberi
923 1432 989 1463 aut
1010 1423 1165 1463 retineri
1185 1424 1342 1462 debere.
1391 1422 1598 1472 Scripturis

205 1483 338 1533 proba,
364 1484 494 1521 Deum
526 1482 732 1520 simulacra
761 1481 821 1518 vel
852 1492 933 1517 non
962 1477 1222 1529 prohibuisse,
1254 1479 1315 1516 vel
1345 1477 1491 1515 habere
1518 1490 1599 1526 per-

206 1550 366 1575 misisse.

261 1646 340 1684 Seb.
359 1644 634 1693 Hoffinmmms.
686 1641 926 1680 Benedictus
944 1642 1053 1678 Deus
1069 1639 1108 1677 in
1126 1640 1292 1685 saecula,
1310 1638 1377 1688 qui
1394 1651 1598 1687 nunquam

206 1712 288 1737 non
311 1699 432 1737 vincit
464 1699 503 1735 in
533 1696 659 1742 nobis,
692 1695 713 1734 i.
730 1709 762 1734 e.
794 1695 833 1733 in
863 1694 997 1733 Verbo
1027 1707 1099 1732 suo
1129 1700 1389 1739 sacrosancto,
1421 1691 1532 1730 cuius
1562 1699 1599 1730 et

207 1754 351 1791 Paulus
372 1760 411 1791 et
429 1752 597 1802 apostoli
619 1757 657 1788 et
678 1763 750 1788 nos
767 1762 926 1799 quoque
947 1761 1091 1798 organa
1111 1754 1149 1786 et
1170 1747 1430 1785 instrumenta
1449 1759 1596 1793 sumus,

208 1820 275 1857 per
305 1819 405 1856 quae
439 1805 514 1844 Dei
544 1804 707 1843 verbum
738 1802 891 1841 tractari
921 1801 1137 1841 consuevit.
1201 1802 1451 1850 Quapropter
1479 1799 1600 1838 hodie

207 1873 367 1910 quoque
401 1873 473 1898 nos
501 1860 668 1897 victores
698 1856 943 1896 constituens
973 1855 1094 1894 Verbi
1123 1856 1183 1893 sui
1219 1854 1369 1892 lumine
1399 1854 1601 1892 evidenter

207 1915 322 1952 simul
340 1921 377 1951 et
394 1912 586 1951 subtiliter
601 1910 894 1957 demonstravit,
913 1910 1120 1948 simulacra
1134 1908 1234 1947 inter
1249 1907 1395 1947 Christi
1409 1908 1600 1957 populum

208 1980 460 2017 nequaquam
494 1965 627 2004 haberi
659 1978 733 2003 nec
767 1964 854 2002 ferri
886 1964 1041 2002 debere.
1106 1964 1200 2001 Non
1234 1961 1464 2000 dubitabitis
1496 1973 1599 2010 ergo,

209 2024 250 2060 P.
285 2020 345 2068 C.‚
378 2020 584 2058 simulacra
622 2018 687 2056 illa
725 2017 859 2056 omnia
898 2017 944 2067 (si
977 2016 1137 2066 quidem
1177 2015 1272 2053 citra
1310 2016 1522 2053 tumultum
1562 2021 1600 2052 et

209 2073 374 2125 proximi
390 2072 673 2112 offendiculum
689 2072 730 2110 id
747 2070 828 2109 fieri
844 2070 991 2121 potest)
1006 2068 1186 2108 demoliri
1201 2076 1239 2107 et
1259 2082 1281 2107 e
1302 2067 1435 2107 medio
1451 2069 1598 2106 tollere.

210 2128 412 2178 Quoniam
426 2140 518 2166 vero
533 2126 573 2164 in
587 2126 752 2164 vinculis
766 2125 844 2162 iam
858 2123 1019 2174 quidam
1033 2130 1134 2169 sunt,
1151 2122 1217 2172 qui
1234 2122 1441 2160 simulacra
1453 2134 1500 2160 ex
1515 2134 1601 2172 pro-

210 2184 294 2234 prio
316 2181 457 2220 mentis
480 2193 573 2219 suae
594 2178 821 2226 dictamine,
841 2191 922 2216 non
949 2177 1033 2216 sine
1054 2175 1294 2215 offendiculo
1313 2177 1449 2214 tollere
1469 2174 1600 2214 conati

210 2244 312 2284 sunt,
330 2248 437 2274 nunc
451 2242 583 2274 autem
601 2232 723 2272 divini
735 2231 857 2270 Verbi
874 2231 1039 2270 oraculis
1055 2232 1368 2270 demonstratum
1385 2236 1454 2277 est,
1470 2228 1599 2280 ipsum

212 2290 361 2329 facinus
382 2302 456 2329 nec
476 2289 640 2338 impium
671 2300 744 2325 nec
774 2285 849 2324 Dei
869 2286 989 2323 verbo
1010 2284 1246 2323 contrarium
1267 2296 1364 2330 esse,
1386 2289 1424 2321 et
1444 2282 1598 2320 illorum

212 2343 507 2390 conscientiam,
525 2355 602 2392 qua
618 2342 668 2380 ad
684 2341 780 2378 illud
797 2338 991 2390 compulsi
1007 2346 1109 2386 sunt,
1127 2351 1246 2376 nemo
1263 2337 1435 2376 iudicare
1448 2343 1576 2386 potest
1592 2349 1602 2383 5

257 2419 448 2493 ’ulleinriffh
466 2418 542 2449 Liiti
565 2416 629 2449 had
650 2416 731 2447 been
749 2414 916 2455 Zwingli's
938 2414 1102 2454 assistant,
1123 2423 1217 2455 1520,
1234 2412 1298 2445 and
1317 2422 1383 2444 was
1399 2421 1474 2443 now
1490 2415 1601 2454 pastor

212 2468 243 2493 at
293 2464 397 2495 'intert
424 2473 469 2493 ur.
