1715 2780
390 135 811 175 REFORMATION
846 136 904 173 IN
937 126 1170 181 ZURICH‚
1208 146 1305 184 1522
1476 136 1552 183 389

158 241 239 287 181]
260 243 386 278 rather
403 242 587 277 truculent
606 241 855 277 Archeteles
871 240 927 286 (C.
941 241 984 275 R.
1010 239 1167 274 lxxxviii.
1186 248 1267 283 249.
1287 237 1385 284 sqq.)
1406 250 1447 273 as
1467 238 1497 273 if
1517 245 1554 273 to

155 291 264 325 make
284 290 292 307 ‘
309 289 530 335 principium
547 296 583 324 et
603 289 686 324 finis
704 288 898 323 universae
919 287 1116 322 simultatis
1132 287 1139 300 ’
1160 286 1262 331 (ibid.
1282 287 1378 331 257).

206 338 238 372 It
263 338 350 382 only
377 337 567 372 remained
604 343 641 372 to
667 348 772 381 carry
797 336 858 371 the
889 347 963 369 war
996 335 1072 370 into
1106 335 1169 369 the
1208 334 1342 368 Friars’
1376 344 1555 369 reserves.

156 384 361 429 Obtaining
378 385 563 430 authority
576 385 670 418 from
698 385 761 419 the
788 383 942 418 Council
966 382 1021 417 for
1050 382 1192 417 secular
1213 383 1336 426 clergy
1354 388 1391 416 to
1416 382 1554 426 preach

156 432 193 466 in
227 433 290 467 the
326 433 530 475 Convents,
559 431 709 475 Zwingli
745 431 932 466 delivered
968 436 1004 464 to
1037 431 1101 464 the
1136 429 1361 464 Dominican
1392 439 1487 463 nuns
1517 435 1554 462 at

157 480 389 523 Oetenbach,
405 480 427 515 6
447 480 560 524 Sept.,
579 492 600 514 a
621 479 711 524 [No.
734 477 814 522 182]
835 489 1004 513 sermon
1026 479 1083 512 De
1101 478 1298 512 claritate
1322 479 1364 511 et
1389 477 1555 511 certitu-

154 528 250 563 dine
276 528 395 562 verbi
421 528 496 562 Dei
516 526 669 572 (Opera,
690 526 711 561 i.
730 526 804 571 92).
856 526 915 560 On
938 535 978 560 12
998 526 1097 559 Nov.
1119 525 1164 559 he
1184 524 1355 567 resigned
1374 524 1431 557 his
1450 523 1555 558 office

155 586 195 609 as
215 574 378 619 people’s
397 574 522 619 priest,
542 574 615 608 and
637 574 726 618 [No.
750 571 829 617 183]
851 574 921 607 the
946 573 1118 607 Council
1145 572 1373 616 appointed
1399 572 1484 605 him
1511 574 1554 605 to

155 624 308 667 preach
332 633 372 656 as
395 621 521 655 before
542 621 654 665 (Eg-li,
674 623 728 665 ap.
748 622 823 664 cil„
844 621 914 655 No.
935 619 1031 664 290),
1051 619 1197 654 neither
1218 626 1323 664 party
1342 619 1556 661 consulting

155 670 218 704 the
239 669 389 713 Bishop.
443 670 501 704 On
536 678 573 712 15
603 670 698 703 Nov.
719 669 780 703 the
806 667 959 703 Council
983 668 1137 702 forbade
1161 666 1337 712 pensions
1361 667 1435 700 and
1466 677 1555 710 pen-

156 716 333 751 sionaries
354 717 467 760 (ibim,
482 718 551 751 No.
567 714 650 760 293)
666 728 673 759 ;
694 716 766 750 and
787 715 990 750 concluded
1011 715 1056 750 its
1075 715 1222 749 labours
1241 715 1297 748 for
1314 714 1376 748 the
1395 726 1482 758 year
1495 714 1555 757 by,

158 774 171 798 1
195 765 300 807 Dec„
321 763 408 807 [No.
433 763 514 807 184]
536 774 592 797 an
618 763 739 798 order
766 766 811 798 to
837 763 906 798 the
932 773 1041 797 nuns
1061 762 1176 807 (ibid,
1198 763 1268 796 No.
1289 761 1372 805 301)
1393 768 1430 796 to
1447 760 1554 796 await

154 812 216 846 the
233 811 373 846 further
392 811 653 852 development
672 811 712 845 of
726 810 869 846 reform.

183 909 274 954 No.
300 920 396 964 170.
444 908 554 952 The
587 909 862 1010 principles·
893 907 949 1008 pls
975 907 1062 951 the
1093 906 1452 950 Reformation
1484 906 1536 948 in

788 979 893 1010 urie
934 998 944 1008 .

211 1089 218 1098 .
242 1089 249 1098 .
274 1090 281 1098 .
307 1060 448 1097 Dicam
479 1058 543 1097 hic
573 1058 700 1097 obiter
727 1059 778 1097 de
799 1071 872 1097 usu
893 1059 1061 1097 Senatus
1085 1056 1374 1104 Diacosiorum,
1398 1064 1558 1107 propter

155 1127 274 1164 quern
296 1115 459 1164 quidam
480 1126 553 1151 nos
574 1112 874 1160 calumniantur,
894 1114 1003 1163 quod
1024 1126 1070 1151 ea
1091 1125 1192 1162 quae
1213 1111 1333 1150 totius
1355 1113 1558 1150 Ecclesiae

155 1182 240 1207 esse
279 1168 462 1216 debeant,
496 1181 569 1206 nos
604 1181 672 1218 per
711 1169 905 1206 ducentos
943 1166 1004 1216 agi
1044 1166 1249 1217 patiamur,
1281 1179 1404 1216 quum
1440 1165 1558 1204 totius

156 1223 262 1261 urbis
294 1230 332 1261 et
365 1221 583 1260 vicinorum
618 1221 785 1260 ecclesia
819 1221 866 1260 sit
899 1222 986 1272 plus
1021 1220 1151 1259 minus
1186 1228 1337 1271 septem
1378 1220 1554 1258 millium.

156 1277 219 1316 Sic
244 1290 335 1328 ergo
361 1276 532 1315 habeant
562 1276 624 1315 isti
645 1291 651 1314 :
683 1276 762 1325 Qui
784 1276 904 1315 verbo
931 1289 1162 1326 praesumus
1189 1274 1336 1325 Tiguri,
1360 1274 1437 1313 iam
1463 1274 1557 1313 olim

155 1331 277 1370 libere
310 1330 537 1369 monuimus
574 1330 792 1378 Diacosios,
827 1331 936 1380 quod
968 1343 1014 1368 ea
1045 1343 1146 1380 quae
1178 1329 1325 1368 iudicio
1357 1328 1559 1367 Ecclesiae

156 1385 274 1424 totius
316 1385 396 1424 fieri
435 1385 617 1432 debeant,
651 1386 702 1423 ad
740 1384 846 1435 ipsos
885 1398 967 1422 non
1000 1384 1076 1422 alia
1110 1385 1194 1434 lege
1225 1383 1330 1422 reiici
1366 1383 1560 1434 patiamur

156 1452 275 1490 quam
297 1439 328 1478 si
349 1439 470 1478 verbo
490 1440 592 1478 duce
613 1440 823 1477 consulant
844 1446 882 1477 et
903 1440 1117 1478 decernant
1133 1453 1142 1486 3
1172 1438 1318 1477 deinde
1348 1439 1458 1488 quod
1485 1437 1558 1487 ipsi

157 1507 238 1532 non
268 1493 344 1532 sint
373 1493 484 1532 aliter
515 1493 717 1532 Ecclesiae
738 1493 833 1541 vice,
857 1507 975 1543 quam
998 1494 1107 1543 quod
1134 1492 1219 1543 ipsa
1240 1492 1420 1531 Ecclesia
1441 1491 1560 1530 tacito

157 1561 353 1587 consensu
384 1549 574 1586 hactenus
604 1547 775 1598 benigne
805 1547 994 1598 receperit
1025 1561 1161 1586 eorum
1192 1548 1359 1585 Senatus
1380 1547 1441 1584 vel
1468 1559 1560 1584 con-

157 1603 258 1641 sulta
296 1603 356 1640 vel
404 1603 572 1641 decreta.
643 1602 901 1652 Vulgavimus
950 1603 1118 1640 eandem
1167 1600 1403 1640 sententiam
1452 1601 1558 1650 apud

157 1656 378 1695 universam
419 1656 667 1704 Ecclesiam3
714 1655 995 1694 admonuimus
1036 1657 1153 1694 etiam
1199 1658 1271 1693 hac
1311 1662 1560 1705 tempestate,

158 1724 235 1761 qua
269 1710 449 1749 nonnulli
488 1712 663 1749 feruntur
702 1710 981 1760 stupidissimis
1020 1709 1252 1757 adfectibus,
1286 1721 1386 1759 quos
1426 1717 1557 1746 tamen

157 1764 335 1815 spiritum
376 1763 543 1811 interim,
586 1764 616 1802 si
657 1764 743 1802 Diis
784 1766 922 1814 placet,
965 1763 1085 1803 videri
1136 1765 1284 1810 volunt,
1326 1764 1433 1801 haud
1474 1770 1559 1801 tuto

158 1818 401 1857 multitudini
436 1818 630 1857 committi
669 1832 785 1868 posse
824 1819 1033 1868 quaedam.
1094 1819 1186 1857 Non
1217 1818 1325 1867 quod
1356 1829 1559 1855 vereamur

160 1874 291 1911 Deum
340 1873 434 1922 Opt.
476 1874 581 1911 Max.
623 1873 861 1920 defuturum,
902 1872 1115 1922 quominus
1163 1871 1303 1922 dirigat
1351 1871 1557 1910 ecclesiam

157 1939 269 1965 suam
286 1942 294 1974 3
324 1928 392 1965 sed
423 1926 538 1965 rebus
568 1928 699 1966 adhuc
729 1926 872 1965 teneris
903 1940 984 1965 non
1014 1926 1259 1965 miscendam
1287 1939 1372 1965 esse
1399 1934 1561 1964 conten-

158 1980 275 2019 tionis
306 1981 569 2019 occasionem.
629 1981 831 2020 Suasimus
866 1994 969 2031 ergo,
1003 1989 1044 2020 ut
1077 1981 1188 2031 plebs
1220 1980 1410 2019 iudicium
1443 1985 1561 2018 exter-

159 2049 299 2073 narum
321 2048 448 2074 rerum
470 2036 543 2074 hac
564 2036 649 2086 lege
672 2035 867 2074 Diacosiis
889 2035 1099 2085 permittat,
1122 2042 1164 2073 ut
1185 2036 1236 2073 ad
1257 2034 1363 2073 verbi
1386 2036 1558 2084 regulam

158 2088 292 2128 onmia
320 2097 607 2140 comparentur,
642 2089 757 2128 simul
787 2089 1029 2140 pollicentes,
1062 2090 1171 2139 quod
1202 2089 1327 2127 sicubi
1358 2088 1559 2139 coeperint

161 2143 269 2182 verbi
297 2143 571 2182 auctoritatem
606 2152 871 2192 contemnere,
905 2144 1114 2183 confestim
1145 2143 1368 2194 prodituros
1399 2156 1484 2181 esse
1513 2156 1559 2180 ac

159 2197 449 2237 vociferaturos.
509 2198 719 2238 Consentit
739 2199 790 2237 ad
811 2200 917 2237 hunc
938 2212 1064 2249 usque
1085 2198 1190 2236 diem
1209 2197 1388 2245 ecclesia,
1405 2197 1559 2235 tametsi

160 2252 362 2290 decretum
394 2265 510 2303 super
537 2266 583 2291 ea
616 2266 656 2292 re
689 2254 840 2291 nullum
875 2252 1189 2303 promulgaverit,
1222 2253 1292 2291 sed
1323 2250 1560 2301 gratitudine

161 2318 206 2343 ac
250 2306 539 2356 tranquillitate,
577 2306 720 2357 quibus
761 2308 952 2346 hactenus
995 2307 1127 2353 utitur,
1163 2319 1401 2345 consensum
1443 2318 1558 2343 suum

161 2358 215 2397 sic
255 2360 407 2410 probat,
450 2368 492 2399 ut
532 2374 646 2411 aegre
693 2363 858 2400 laturam
906 2363 1103 2411 adpareat,
1148 2360 1178 2398 si
1227 2360 1314 2410 quis
1356 2358 1558 2408 Evangelii

160 2425 385 2452 successum
423 2423 558 2465 arguta
596 2415 821 2455 curiositate
861 2415 1052 2466 impedire
1092 2422 1283 2461 conetur,
1327 2413 1441 2451 simul
1478 2426 1559 2450 non

160 2466 351 2516 ignorans,
394 2476 435 2507 ut
474 2469 588 2507 rebus
638 2469 719 2508 istis
760 2470 977 2508 debeamus
1024 2471 1075 2507 ad
1116 2468 1260 2507 Christi
1301 2474 1559 2516 nostrumque

161 2521 348 2560 decorum
384 2523 438 2561 sic
471 2523 536 2570 uti,
570 2531 611 2562 ut
645 2537 718 2574 pax
750 2524 973 2563 Christiana
1005 2530 1185 2561 servetur.
1235 2521 1438 2571 Quicquid
1468 2534 1560 2570 ergo
