1715 2780
138 121 154 146 1
511 108 812 146 TREASURY
844 107 914 144 OF
946 107 1158 144 MERI'rs
1512 121 1533 156 3

137 213 422 264 quinquaginta
442 213 482 250 in
503 212 787 263 quinquaginta
806 212 919 250 annis
946 211 1163 262 praedictas
1192 213 1409 250 eorundem
1435 214 1534 250 Petri

137 275 175 307 et
196 267 308 306 Pauli
327 266 609 318 Apostolorum
633 265 811 304 basilicas
837 272 875 304 et
901 267 1206 304 Lateranensem
1231 265 1436 304 ecclesiam
1465 297 1471 304 .
1495 296 1502 304 .
1528 297 1534 304 .

136 320 387 370 visitaverint,
408 320 676 383 plenissimam
705 321 883 359 omnium
911 327 1164 380 peccatorum
1191 332 1352 358 suorum
1380 320 1533 358 veniam

136 383 439 428 consequantur,
482 376 535 414 ita
576 374 771 422 videlicet,
814 382 868 422 ut,
912 374 1140 425 quicunque
1178 373 1372 413 voluerint
1411 373 1536 412 indul-

134 429 307 481 gentiam
334 429 562 468 huiusmodi
582 428 750 479 assequi,
773 427 805 467 si
826 429 1011 475 Romani,
1034 429 1086 467 ad
1117 429 1246 467 minus
1268 440 1367 476 XXX,
1391 429 1422 465 si
1444 441 1535 466 vero

135 483 327 535 peregrini
358 491 426 523 aut
454 484 639 531 forenses,
672 483 794 522 modo
824 482 940 522 simili
972 494 1028 520 XV
1058 482 1200 521 diebus
1233 483 1284 521 ad
1315 481 1535 533 praedictas

135 537 316 578 basilicas
336 545 375 577 et
395 537 601 577 ecclesiam
623 538 812 577 accedere
831 543 1040 576 teneantur
1062 567 1069 575 .
1092 567 1099 575 .
1124 567 1131 576 .

814 743 857 781 II

144 831 265 871 THE
296 831 458 870 FIRST
489 830 875 870 APPLICATION
906 830 978 869 OF
1009 829 1418 870 INDULGENCES
1449 830 1524 869 TO

504 895 678 936 SOULS
711 895 773 934 IN
803 895 1155 935 PURGATORY

184 996 227 1031 In
263 995 320 1031 his
363 994 452 1040 [No.
483 993 519 1039 2]
560 996 652 1030 Bull
687 995 891 1030 Salvator
912 996 1058 1030 noster
1094 994 1199 1039 (Lea,
1235 995 1270 1028 Α
1309 995 1468 1039 History
1501 995 1546 1039 cys

134 1043 351 1078 Auricular
370 1043 583 1087 Confession
603 1043 683 1076 and
696 1043 952 1088 lndulgences,
974 1041 1020 1076 iii.
1041 1042 1104 1087 585
1126 1041 1221 1087 sqq.)
1241 1042 1282 1076 of
1297 1052 1316 1085 3
1336 1043 1430 1086 Aug.
1448 1042 1537 1085 1476

136 1090 260 1126 Sixtus
280 1091 332 1124 IV
350 1090 506 1135 granted
524 1096 561 1125 to
579 1090 642 1124 the
669 1090 804 1124 church
825 1090 865 1123 of
888 1089 1034 1124 Saintes
1054 1090 1116 1124 the
1135 1089 1282 1124 earliest
1312 1090 1535 1134 Indulgence

135 1138 191 1172 sor
211 1137 274 1172 the
298 1137 395 1172 dead
419 1140 493 1182 per
507 1138 656 1171 modum
675 1137 863 1182 suffi'agiz‘.
913 1137 995 1171 The
1016 1136 1093 1171 first
1117 1136 1156 1170 of
1173 1137 1237 1170 the
1255 1143 1327 1171 two
1350 1136 1536 1181 following

135 1191 293 1220 extracts
313 1184 342 1219 is
366 1184 461 1218 frorn
480 1184 542 1219 the
568 1184 650 1219 Bull
673 1185 748 1218 and
773 1184 940 1218 contains
959 1184 1021 1218 the
1040 1190 1151 1218 terms
1170 1183 1211 1217 of
1230 1184 1293 1218 the
1316 1190 1445 1228 grant:
1472 1184 1535 1218 the

135 1232 273 1267 second
298 1231 329 1266 is
345 1231 439 1266 from
463 1244 484 1266 a
509 1232 772 1266 Summarium
791 1243 833 1266 or
853 1238 1071 1276 prospectus
1095 1230 1218 1265 issued
1240 1231 1289 1275 by
1307 1232 1370 1265 the
1394 1232 1534 1265 church

135 1279 175 1314 of
187 1278 335 1314 Saintes
351 1284 389 1314 to
407 1278 590 1313 advertise
609 1279 671 1313 the
689 1278 884 1323 privileges
903 1278 1020 1312 which
1041 1278 1065 1312 it
1085 1278 1158 1312 had
1179 1277 1357 1313 received.

153 1377 240 1421 No.
265 1389 308 1422 2.
369 1376 475 1420 The
509 1376 621 1419 Bull
653 1377 899 1421 Salvator
929 1377 1106 1420 noster
1132 1375 1190 1418 of
1215 1375 1394 1419 Sixtus
1427 1377 1509 1422 1V.

807 1451 853 1501 (i)

189 1519 241 1556 Et
267 1525 310 1556 ut
338 1519 559 1556 animarum
590 1519 692 1556 salus
723 1531 771 1556 eo
806 1526 983 1567 tempore
1018 1517 1148 1567 potius
1183 1525 1422 1567 procuretur,
1455 1529 1535 1566 quo

135 1573 258 1624 magis
284 1571 449 1610 aliorum
473 1579 590 1622 egent
614 1571 803 1621 suffragiis
830 1579 867 1609 et
889 1571 1100 1621 quominus
1128 1571 1201 1609 sibi
1226 1571 1319 1621 ipsis
1346 1571 1535 1621 proficere

134 1627 275 1673 v,alent
298 1625 530 1664 auctoritate
551 1627 783 1675 Apostolica
810 1626 860 1664 de
887 1627 1071 1664 thesauro
1099 1624 1299 1671 eeclesiae,
1326 1624 1534 1662 animabus

134 1682 174 1718 in
192 1680 414 1731 purgatorio
427 1679 684 1719 existentibus
701 1693 924 1718 succurrere
939 1681 1114 1718 volentes
1131 1692 1231 1728 quae
1248 1691 1316 1728 per
1333 1680 1532 1716 caritatem

134 1734 185 1773 ab
210 1735 284 1772 hac
308 1735 396 1772 luce
422 1733 581 1773 Christo
608 1733 741 1772 unitae
768 1733 1019 1780 decesserint,
1047 1741 1083 1771 et
1111 1745 1213 1782 quae
1237 1734 1333 1771 dum
1361 1732 1534 1771 viverent

134 1787 210 1827 sibi
225 1795 267 1827 ut
283 1787 511 1826 huiusmodi
531 1787 776 1837 indulgentia
792 1789 1093 1837 suffragarentur
1109 1795 1348 1827 meruerunt.
1370 1795 1534 1836 paterno

135 1842 338 1893 cupientes
379 1842 534 1888 affectu,
574 1850 724 1891 quanto
769 1854 860 1880 cum
907 1843 996 1880 Deo
1038 1854 1260 1891 possumus,
1308 1842 1358 1879 de
1401 1840 1534 1878 divina

134 1895 402 1935 misericordia
431 1896 570 1934 confisi
605 1903 643 1934 et
669 1896 719 1934 de
749 1895 995 1956 plenitudine
1027 1896 1243 1946 potestatis,
1275 1895 1534 1933 concedimus

134 1949 276 2000 pariter
309 1957 347 1989 et
381 1949 642 1999 indulgemus,
679 1957 720 1987 ut
756 1949 785 1987 si
820 1951 887 1999 qui
922 1957 1102 2000 parentes
1135 1948 1253 1987 amici
1286 1956 1353 1987 aut
1391 1948 1532 1986 caeteri

134 2003 420 2044 christifideles
449 2003 595 2054 pietate
622 2003 813 2042 commoti
843 2016 912 2054 pro
942 2003 1035 2054 ipsis
1069 2003 1278 2041 animabus
1309 2002 1533 2053 purgatorio

134 2057 215 2108 igni
252 2071 323 2108 pro
360 2057 582 2108 expiatione
625 2071 843 2108 poenarum
877 2057 1055 2097 eiusdem
1097 2058 1316 2096 secundum
1358 2057 1531 2095 divinam

134 2110 319 2150 iustitiam
341 2111 538 2162 expositiS,
560 2112 726 2150 durante
755 2111 864 2150 dicto
893 2111 1091 2150 decennio
1119 2124 1191 2171 pro
1211 2110 1455 2161 reparatione
1475 2123 1533 2148 ec-

133 2164 276 2205 elesiae
296 2165 590 2204 Xanctonensis
610 2173 756 2204 certam
777 2165 969 2216 pecuniae
991 2165 1251 2215 quantitatem
1273 2173 1339 2203 aut
1360 2166 1530 2203 valorem

134 2218 241 2258 iuxta
267 2219 463 2258 dictorum
499 2219 639 2257 decani
669 2227 706 2258 et
740 2219 900 2269 capituli
933 2219 1062 2258 dictae
1091 2218 1281 2258 ecclesiae
1315 2226 1381 2257 aut
1412 2217 1533 2255 nostri

133 2272 354 2312 collectoris
381 2272 671 2312 ordinationem
699 2273 846 2312 dictam
875 2273 1081 2312 ecclesiam
1112 2272 1308 2311 visitando
1338 2272 1530 2318 dederint,

133 2334 201 2365 aut
220 2339 290 2376 per
309 2327 469 2365 nuntios
490 2339 558 2376 per
578 2328 739 2365 eosdem
757 2328 1009 2377 deputandos
1030 2328 1196 2365 durante
1212 2326 1319 2365 dicto
1336 2323 1532 2364 decennio

134 2379 322 2428 miserint,
352 2381 534 2419 volumus
564 2381 688 2430 ipsam
719 2380 932 2431 plenariam
967 2380 1239 2420 remissionem
1269 2392 1337 2429 per
1366 2378 1530 2416 modum

134 2433 302 2484 suffragii
334 2433 427 2484 ipsis
456 2433 663 2472 animabus
692 2434 904 2484 purgatorii
930 2447 1001 2484 pro
1030 2434 1174 2483 quibus
1204 2433 1351 2471 dictam
1381 2431 1531 2480 quanti-

133 2495 254 2525 tatem
293 2488 484 2536 pecuniae
523 2495 589 2525 aut
627 2489 797 2526 valorem
837 2488 1091 2538 persolverint
1132 2496 1171 2524 ut
1212 2487 1424 2535 praefertur
1462 2497 1531 2533 pro

813 2554 833 2578 Β
857 2555 874 2577 2
