1715 2780
183 115 230 154 52
622 101 899 140 LUTHER’S
939 101 1139 139 WORKS
1521 101 1574 137 28

182 207 278 245 meis
309 205 439 244 statim
468 205 620 244 excudi.
672 206 886 243 Sexcentos
915 205 955 242 in
976 203 1145 243 Galliam
1168 202 1345 242 misimus
1375 211 1413 242 et
1442 202 1481 241 in
1504 202 1575 241 Hi-

181 261 371 311 spaniam,
404 260 628 298 venduntur
656 258 822 306 Parisiis,
852 260 1034 319 leguntur
1063 258 1180 296 etiam
1210 271 1233 295 a
1267 256 1504 304 Sorbonicis,
1536 265 1574 295 et

181 314 396 364 probantur
429 314 767 364 quemadmodum
808 313 922 350 amici
958 311 1077 350 nostri
1117 324 1189 349 nos
1228 311 1411 350 certiores
1449 310 1576 350 reddi-

181 370 349 408 derunt:
380 369 561 407 dixerunt
583 367 660 405 illic
681 366 898 405 doctissimi
920 365 1094 416 quidam,
1124 379 1164 403 se
1185 364 1262 403 iam
1283 364 1433 415 pridem
1456 366 1574 404 talem

181 422 401 461 libertatem
424 420 696 460 desiderasse
688 435 727 458 111
749 420 808 458 1115
829 420 896 470 qui
917 433 1044 458 sacras
1066 421 1195 458 literas
1217 426 1396 458 tractant.

238 478 382 516 Calvus
421 489 580 525 quoque
619 474 834 524 bibliopola
870 472 1082 523 Papiensis,
1124 473 1180 511 vir
1213 472 1498 512 eruditissimus
1538 480 1576 511 et

184 531 304 569 musis
334 543 452 577 sacer,
485 530 631 568 bonam
661 529 883 567 libellorum
914 535 1063 578 partem
1094 526 1132 564 in
1164 528 1316 565 Italiam
1343 526 1574 577 deportavit,

183 598 251 635 per
295 598 434 623 omnes
473 583 648 622 civitates
691 595 902 632 sparsurus.
974 583 1116 641 Neque
1158 581 1264 620 enim
1305 588 1384 620 tam
1427 587 1576 631 spectat

182 641 334 677 lucrum
382 651 500 688 quam
546 636 653 686 cupit
695 635 912 675 renascenti
957 634 1091 685 pietati
1135 635 1333 686 suppetias
1381 636 1489 682 ferre,
1539 642 1576 673 et

184 700 378 742 quatenus
418 700 547 742 potest
579 692 775 741 prodesse.
838 691 876 728 Is
902 690 1083 749 promisit
1116 690 1166 728 ab
1196 690 1381 728 omnibus
1416 688 1576 728 eruditis

184 746 223 784 in
246 746 359 784 Italia
380 746 469 784 viris
490 745 770 795 epigrammata
797 757 837 782 se
859 743 1067 781 missurum
1096 743 1135 781 in
1163 745 1217 782 tui
1242 744 1400 782 laudem
1422 742 1575 793 scripta,

185 814 310 850 usque
329 802 430 839 adeo
453 799 523 838 tibi
544 801 646 837 favet
664 797 889 847 Christique
911 796 1080 848 negotio,
1104 799 1213 848 quod
1234 805 1342 836 tanta
1358 796 1578 836 constantia

186 862 264 892 tam
293 854 449 893 viriliter
479 862 639 903 tamque
669 854 826 892 dextere
855 851 954 902 geris
977 882 983 889 .
1008 882 1014 889 .
1040 882 1046 889 .
1071 854 1277 891 Praeterea
1305 851 1458 890 libellos
1488 858 1577 889 tuos

186 910 225 946 in
257 908 508 947 Brabantiam
545 915 582 946 et
612 906 795 957 Angliam
826 905 1015 944 misimus.
1077 905 1354 956 Impressimus
1390 904 1577 955 Replicae

187 963 446 1012 Sylvestrinae
480 969 653 1000 trecenta
688 968 839 999 tantum
874 959 1120 1010 exemplaria,
1162 973 1249 998 eam
1288 967 1432 1010 negant
1471 959 1578 998 docti

186 1016 327 1055 obesse
347 1016 417 1055 tibi
438 1028 564 1065 posse.
624 1014 703 1052 Hic
725 1022 766 1052 ut
787 1014 954 1064 quisque
975 1021 1034 1052 est
1054 1015 1238 1064 optimus,
1259 1013 1313 1052 ita
1333 1015 1387 1052 tui
1409 1012 1578 1051 maxime

187 1078 245 1109 est
283 1070 494 1109 studiosus.
566 1068 787 1118 Episcopus
824 1068 980 1107 noster¹
1014 1067 1204 1119 imprimis
1238 1067 1309 1107 tibi
1347 1069 1461 1115 favet,
1496 1068 1579 1105 eius

188 1124 279 1162 item
320 1125 585 1174 suffraganeus
619 1122 887 1172 Tripolitanus
921 1121 1145 1172 episcopus.
1204 1121 1424 1161 Cardinalis
1459 1122 1579 1160 Sedu-

187 1178 357 1224 nensis2,
408 1191 498 1216 cum
538 1177 591 1215 illi
632 1184 718 1215 tuas
763 1176 1076 1215 Lucubrationes
1115 1176 1408 1223 obtulissemus,
1448 1176 1577 1213 statim

187 1231 308 1270 dixit:
343 1234 381 1269 ‘I
387 1233 524 1279 uther,
548 1238 588 1269 tu
610 1244 699 1269 vere
720 1244 761 1269 es
784 1232 816 1268 L
819 1231 956 1269 uther]
1014 1229 1121 1268 Huic
1142 1243 1266 1280 nuper
1286 1229 1447 1289 quidam
1471 1228 1579 1267 Eccii

183 1285 483 1335 'Propositiones
528 1284 632 1323 misit
673 1284 863 1323 adiiciens
903 1297 944 1323 se
983 1283 1167 1323 victoriae
1214 1283 1416 1331 nuncium,
1461 1295 1579 1333 quam

190 1339 331 1378 Eccius
357 1341 405 1378 sit
434 1340 477 1376 L
469 1340 589 1389 ipsiae
617 1347 753 1377 contra
777 1352 919 1377 novam
942 1337 1160 1376 doctrinam
1183 1338 1427 1384 obtenturus,
1450 1336 1580 1375 statim

187 1395 405 1431 allaturum.
465 1393 541 1432 Cui
566 1394 768 1443 respondit
789 1391 1073 1433 Cardinalis:‘
1090 1391 1274 1442 Disputet
1296 1391 1438 1430 Eccius
1459 1404 1578 1441 quan-

190 1455 271 1485 tum
296 1447 397 1493 velit,
423 1448 616 1485 liutherus
638 1448 839 1485 veritatem
862 1446 1020 1485 scribit.⁷

246 1500 493 1550 Exemplaria
520 1508 650 1539 nostra
672 1514 744 1539 nos
772 1514 897 1551 usque
917 1501 967 1538 ad
995 1500 1134 1538 decem
1162 1499 1412 1538 vendidimus
1434 1497 1580 1544 omnia,

190 1556 296 1593 haud
328 1556 540 1593 feliciorem
576 1554 844 1594 venditionem
878 1554 916 1592 in
948 1552 1081 1603 aliquo
1110 1552 1210 1592 libro
1241 1566 1376 1592 sumus
1405 1565 1585 1603 unquam,

190 1608 347 1659 experti.
422 1610 579 1646 Novum
626 1610 938 1647 Instrumentum
981 1608 1032 1646 ab
1076 1609 1242 1646 Erasmo
1285 1605 1582 1657 diligentissime

190 1662 432 1712 recognitum
482 1671 520 1701 et
568 1662 709 1712 insigni
757 1662 983 1700 accessione
1030 1663 1313 1712 locupletatum
1357 1661 1457 1699 intra
1499 1659 1583 1699 dies

189 1718 328 1755 decem
351 1716 571 1755 faventibus
592 1716 749 1766 Superis
770 1716 1034 1755 absolvemus.
1094 1717 1203 1754 Bene
1224 1717 1320 1762 vale,
1351 1714 1583 1754 Reverende

191 1772 316 1808 Pater.

247 1823 433 1869 Basileae,
462 1837 506 1870 14
529 1823 641 1861 Febr.
666 1835 816 1861 MDxix.

855 1939 930 1975 XV

262 2016 536 2053 LUTHER'S
578 2016 985 2053 COMMENTARY
1025 2017 1103 2054 ON
1143 2017 1262 2053 THE
1304 2014 1531 2054 EPISTLE

592 2081 666 2117 TO
709 2081 828 2117 THE
869 2080 1189 2118 GALATIANS

244 2167 323 2200 The
355 2167 618 2208 Commentary
648 2177 723 2199 was
758 2166 818 2199 the
852 2167 962 2200 result
997 2166 1036 2199 of
1066 2167 1235 2209 lectureS,
1270 2165 1453 2200 delivered
1488 2165 1586 2199 since

197 2214 280 2248 Oct.
315 2214 412 2256 1516.
463 2213 543 2246 The
574 2213 649 2246 first
681 2212 817 2246 edition
849 2213 1004 2256 belongs
1038 2219 1076 2246 to
1106 2214 1207 2256 Sept.
1243 2221 1352 2256 1519;
1392 2225 1414 2246 a
1443 2212 1586 2246 revised

196 2260 346 2301 edition,
365 2259 451 2293 with
470 2271 491 2292 a
511 2261 674 2294 German
693 2258 922 2299 translation,
940 2271 1013 2293 was
1033 2259 1226 2302 published
1241 2261 1333 2302 Aug.
1353 2266 1453 2303 1523.
1488 2258 1587 2292 ‘The

199 2309 472 2349 Commentary‚
499 2318 540 2340 as
567 2306 592 2340 it
623 2312 660 2339 at
687 2312 833 2350 present
861 2305 1090 2340 existsss—-one
1117 2306 1156 2339 of
1178 2306 1346 2340 Luther’s
1373 2311 1469 2340 most
1495 2305 1585 2339 cele-

196 2353 326 2388 brated
346 2353 476 2396 works,
501 2353 574 2387 and
599 2365 620 2386 a
639 2352 740 2387 chief
759 2352 945 2397 authority
968 2352 1023 2386 for
1049 2352 1105 2386 his
1124 2351 1344 2396 theological
1369 2351 1589 2397 opinions—-

363 2426 369 2443 ¹
395 2426 611 2467 Christopher
627 2436 689 2456 von
708 2426 895 2465 Utenheim‚
915 2426 1037 2467 Bishop
1055 2426 1091 2457 os
1105 2425 1211 2463 Basel‚
1233 2426 1414 2465 1502-†27.

360 2469 373 2488 ²
397 2469 558 2501 Matthew
575 2470 740 2507 Scffinner,
761 2469 884 2510 Bishop
902 2469 938 2499 os
951 2470 1066 2509 Sitten,
1086 2470 1306 2509 1499-†1522.
