1715 2780
155 72 229 119 382
353 71 596 108 ZWINGLI
628 70 748 107 THE
781 70 1102 113 HUMANIST,
1132 68 1207 108 TO
1244 78 1342 117 1519
1479 67 1554 114 163

154 188 235 212 non
266 173 431 213 Scoticis
448 175 458 193 ¹
482 180 548 212 aut
578 172 837 212 Gabrielieis2
862 170 1529 221 interpretationibus,depravatam
1547 184 1557 217 3

154 229 224 267 sed
253 228 304 266 ab
334 228 568 278 Augustino,
601 226 826 273 Ambrosio,
857 225 1066 276 Cypriano,
1090 224 1350 286 Hieronymo,
1371 237 1555 274 germane

154 290 192 321 et
222 283 371 320 sincere
393 281 618 332 expositam.
666 280 925 319 Deblaterant
944 279 997 317 illi
1017 291 1140 329 nugas
1161 279 1200 317 in
1221 291 1270 318 eo
1289 279 1378 317 loco
1395 285 1552 325 stantes,

155 336 222 375 ubi
250 335 441 386 quicquid
468 335 610 374 dicitur
636 335 805 385 populus
826 333 1072 372 verissimum
1096 345 1181 372 esse
1201 339 1323 383 putat,
1346 333 1397 372 de
1426 332 1557 371 Ponti-

157 389 243 429 ficia
277 397 483 440 potestate,
524 391 574 428 de
609 387 981 448 condonationibus,
1018 388 1069 427 de
1101 385 1335 438 purgatorio,
1366 387 1417 425 de
1456 385 1555 424 fictis

156 445 336 483 divorum
368 442 574 490 miraculis,
604 443 654 481 de
684 441 942 489 restitutione,
975 442 1025 480 de
1055 440 1334 488 contractibus,
1364 440 1415 479 de
1444 438 1558 488 votis,

157 499 206 537 de
236 497 374 548 poenis
405 497 629 543 inferorum,
663 497 713 535 de
747 495 1003 534 Antichristo.
1073 497 1125 534 At
1159 508 1228 534 vos
1258 508 1329 544 pro
1363 493 1556 534 concione

156 551 333 591 dicentes
364 551 584 589 universam
606 527 752 590 Christi
781 551 1002 589 doctrinam
1028 548 1194 588 breviter
1214 549 1320 588 velut
1346 549 1387 586 in
1413 548 1557 587 tabella

157 607 329 655 quadam
350 604 549 655 depictam
566 604 772 643 ostenditis
791 619 800 651 3
829 611 1035 654 propterea
1055 604 1217 641 missum
1239 601 1279 640 in
1294 610 1413 641 terras
1429 615 1451 640 a
1468 603 1557 640 Deo

159 659 371 706 Christum,
395 666 436 697 ut
460 659 621 698 doceret
647 672 718 697 nos
746 659 988 696 voluntatem
1018 656 1141 696 Patris
1169 656 1240 704 sui,
1266 663 1309 695 ut
1332 656 1558 695 ostenderet

158 714 353 752 mundum
374 714 491 761 hunc,
513 714 590 752 hoc
611 720 680 759 est,
703 711 867 759 divitias,
890 713 1073 758 honores,
1096 710 1314 761 imperium,
1337 711 1558 760 voluptates

157 775 195 806 et
227 769 304 806 hoc
341 781 465 818 genus
508 766 583 805 alia
626 768 741 816 plane
782 765 983 804 contemni
1022 765 1180 813 debere,
1222 765 1432 803 caelestem
1465 777 1558 803 vero

158 821 320 872 patriam
351 829 436 860 toto
466 828 625 871 pectore
657 821 952 871 quaerendam·
989 827 1032 858 ut
1061 820 1221 858 doceret
1250 831 1322 856 nos
1352 831 1490 868 pacem
1521 824 1559 856 et

158 874 412 914 concordiam
443 888 488 913 ac
512 876 716 925 pulchram
744 887 871 912 rerum
903 873 1083 913 omnium
1104 871 1429 911 communionem
1449 871 1559 933 (nam

157 929 254 967 nihil
294 929 401 968 aliud
443 936 502 968 est
545 926 885 978 Christianismus)
920 928 1076 977 qualem
1110 926 1205 966 olim
1248 927 1372 973 Plato,
1407 926 1559 976 magnis

157 983 478 1022 annumerandus
519 982 732 1032 prophetis,
767 989 971 1032 utcunque
1003 982 1042 1019 in
1082 994 1152 1019 sua
1199 979 1421 1030 Republica
1459 993 1560 1018 som-

159 1036 286 1075 niasse
311 1036 415 1075 visus
443 1044 500 1075 est
516 1050 525 1084 3
556 1044 599 1074 ut
629 1037 820 1075 adimeret
849 1035 964 1074 nobis
989 1036 1128 1074 stultos
1163 1041 1403 1074 terrenarum
1429 1047 1557 1072 reruni

157 1092 319 1129 affectus
348 1091 388 1128 in
418 1091 594 1140 patriam,
626 1090 665 1128 in
695 1097 890 1140 parenteS,
919 1089 958 1127 in
989 1096 1190 1139 cognatos,
1217 1089 1256 1126 in
1286 1089 1492 1127 sanitatem
1521 1094 1558 1126 et

158 1144 198 1182 in
232 1152 362 1183 cetera
390 1145 507 1191 bona,
539 1151 580 1182 ut
608 1151 879 1194 paupertatem
909 1151 947 1182 et
977 1156 1105 1182 rerum
1136 1141 1252 1181 huius
1281 1141 1384 1180 vitae
1412 1141 1560 1180 incom-

160 1200 279 1237 moda
307 1211 389 1237 non
418 1211 503 1237 esse
533 1199 636 1236 mala
659 1199 883 1237 declararet.
944 1198 1048 1236 Nam
1075 1197 1159 1236 eius
1178 1196 1258 1235 vita
1283 1196 1464 1235 doctrina
1487 1203 1557 1242 est,

159 1265 320 1291 omnem
359 1254 573 1290 humanam
613 1252 957 1291 excellens—Sed
995 1264 1075 1301 quo
1114 1263 1177 1289 me
1221 1249 1419 1289 scribendi
1460 1248 1559 1300 rapit

158 1307 285 1354 ardor,
316 1313 358 1344 ut
386 1305 617 1344 familiarem
654 1319 812 1344 exorsus
848 1306 1055 1356 epistolam
1090 1305 1312 1343 declamare
1345 1305 1451 1343 velut
1480 1302 1558 1342 mei

159 1360 305 1398 oblitus
334 1359 612 1409 occoeperim?
670 1359 833 1398 Utinam
859 1359 914 1397 tui
938 1358 1084 1397 similes
1109 1359 1253 1397 multos
1280 1357 1442 1396 haberet
1464 1358 1560 1396 Hel-

157 1413 285 1452 vetia!
357 1413 421 1452 Sic
464 1414 625 1452 tandem
667 1412 779 1451 facile
821 1413 902 1451 fieri
943 1420 1077 1463 posset
1121 1419 1163 1451 ut
1204 1411 1385 1450 meliores
1429 1424 1557 1450 mores

159 1474 351 1506 nostrates
382 1466 600 1506 induerent.
662 1469 732 1505 Est
761 1475 866 1505 certe
893 1467 1062 1516 populus
1087 1472 1289 1516 utcunque
1315 1464 1555 1516 corrigibilis,

159 1522 189 1559 si
234 1522 356 1560 modo
397 1520 539 1559 talibus
588 1533 668 1559 non
709 1521 942 1559 destituatur
985 1520 1052 1570 qui
1095 1519 1295 1559 Christum
1335 1520 1479 1559 docere
1520 1525 1558 1558 et

159 1576 310 1625 possint
331 1582 368 1614 et
389 1574 519 1613 velint.
572 1577 681 1614 Bene
702 1576 796 1613 vale.
858 1573 1046 1621 Basileae,
1070 1573 1134 1612 die
1156 1575 1205 1611 D.
1223 1572 1389 1621 Nicolai,
1417 1574 1528 1624 1518.

159 1677 248 1722 No.
271 1678 368 1732 164.
417 1678 616 1721 Letters
639 1677 698 1720 of
718 1677 819 1721 Leo
845 1677 896 1719 X
928 1678 982 1720 to
1008 1676 1235 1720 Samson
1263 1676 1364 1719 and
1388 1677 1441 1719 to
1467 1674 1555 1718 the

632 1735 762 1787 Diet,
782 1746 800 1776 1
830 1735 951 1789 May
970 1746 1084 1788 1519.

225 1810 282 1861 (a)
316 1812 433 1848 From
453 1811 520 1849 the
542 1811 681 1860 Pope's
700 1811 835 1902 [ἕως
849 1814 885 1847 to
902 1810 1073 1868 Samson,
1097 1822 1166 1859 per
1187 1811 1245 1847 Fr.
1270 1809 1356 1847 Ioh.
1379 1809 1492 1857 Bapt.

763 1877 784 1902 e
839 1876 973 1913 uppio.

213 1927 432 1978 Conquesti
456 1935 546 1965 sunt
568 1927 770 1977 Magnifici
793 1927 955 1965 Domini
977 1929 1082 1966 XIII
1106 1927 1335 1967 Cantonum
1358 1924 1559 1964 Helvetio-

158 1995 244 2020 rum
287 1982 394 2032 apud
437 1982 645 2019 Summum
692 1980 926 2019 Pontificem
965 1982 1016 2019 de
1056 1988 1123 2019 tua
1163 1979 1396 2030 paternitate
1437 1986 1475 2017 te
1515 1978 1555 2016 in

158 2035 473 2085 promulgatione
523 2035 862 2084 Indulgentiarum
912 2034 951 2072 in
1005 2035 1198 2084 quosdam
1247 2046 1405 2079 erroreS‚
1455 2045 1556 2083 quos

158 2090 321 2139 longum
352 2095 453 2127 esset
483 2087 565 2126 istis
595 2087 774 2135 inserere,
800 2086 996 2126 incidisse.
1057 2087 1122 2126 Ob
1149 2099 1267 2137 quam
1292 2099 1451 2125 causam
1486 2099 1556 2125 sua

159 2142 353 2181 Sanctitas
380 2155 499 2191 quarn
533 2140 745 2191 plurimum
771 2140 963 2178 admirata
993 2139 1088 2178 mihi
1123 2140 1232 2179 vivae
1266 2139 1373 2179 vocis
1397 2140 1556 2178 oraculo

159 2195 336 2243 iniunxit,
369 2203 411 2233 ut
445 2194 516 2233 tibi
549 2208 620 2232 suo
652 2193 811 2233 nomine
845 2193 1123 2244 praeciperem,
1159 2201 1201 2232 ut
1230 2192 1421 2232 voluntati
1449 2205 1555 2243 prae-

158 2251 325 2287 fatorum
349 2248 611 2287 Dominorum
635 2248 909 2286 Helvetiorum
931 2260 999 2297 per
1025 2247 1158 2286 omnia
1179 2254 1216 2285 te
1243 2254 1415 2297 coaptes,
1436 2253 1555 2297 atque

157 2303 189 2340 si
219 2310 256 2341 te
290 2315 380 2341 cum
410 2301 465 2340 eis
499 2314 624 2352 usque
654 2302 703 2340 ad
730 2300 1113 2340 consummationem
1145 2308 1235 2340 tuae
1267 2298 1556 2340 commissionis

160 2369 318 2395 manere
339 2355 591 2401 decreverint,
612 2367 760 2393 moram
782 2355 937 2392 trahas:
968 2353 998 2392 si
1018 2362 1152 2393 autern
1173 2355 1212 2393 in
1230 2355 1385 2394 Italiam
1405 2351 1554 2398 reverti,

291 2430 300 2448 ²
325 2429 418 2463 Duns
435 2431 562 2469 smus,
582 2430 702 2470 †1308.
993 2429 1004 2447 ²
1029 2429 1162 2461 Gabriel
1181 2428 1263 2468 Biel,
1281 2430 1402 2470 †1495.

1710 914 1715 980 ...nu
1707 779 1715 907 *mm
1708 738 1709 741 „
