1715 2780
240 107 314 142 622
521 105 640 142 THE
672 103 1148 144 ECCLESIASTICAL
1177 105 1354 143 STATE
1549 113 1631 153 305

243 207 320 246 His
355 207 541 246 omnibus
579 207 782 246 beneficiis
821 206 1011 245 afficimur
1045 221 1168 257 quum
1203 221 1271 258 per
1310 207 1557 258 Baptismum
1592 208 1632 246 in

243 262 397 311 Corpus
420 260 622 300 Ecclesiae
643 274 715 300 nos
737 261 881 300 inserit.
942 262 990 300 In
1017 262 1094 300 hoc
1114 261 1220 300 enim
1241 262 1496 300 Sacramento
1515 261 1631 301 nobis

242 323 495 366 peccatorum
533 314 805 354 remissionem
854 314 1092 354 testificatur.
1163 315 1229 355 Ob
1267 329 1435 366 eamque
1473 329 1630 354 causam

242 383 368 419 aquae
389 369 543 419 signum
565 377 780 419 notamque
802 369 978 417 instituit,
998 368 1220 420 significans
1240 376 1359 419 atque
1379 371 1481 409 adeo
1500 377 1632 420 aperte

244 424 470 470 ostendens,
512 424 854 473 quemadmodum
895 436 943 462 eo
991 425 1188 462 elemento
1236 425 1414 462 maculae
1461 423 1632 474 corporis

244 479 439 524 eluuntur,
462 478 604 515 eodem
626 478 748 516 modo
768 478 867 515 velle
894 490 934 515 se
962 477 1115 516 animos
1144 485 1299 516 nostros
1326 491 1489 528 purgare
1514 484 1633 527 atque

245 532 410 581 expiare,
445 544 494 569 ne
525 532 603 569 ulla
633 531 801 581 amplius
841 531 949 570 labes
988 538 1055 570 aut
1094 532 1248 569 macula
1285 539 1480 581 appareat.
1541 533 1633 570 Hoc

244 585 413 635 amplius
434 584 729 623 renovationem
752 585 867 623 nobis
889 592 1062 623 nostram
1084 585 1123 622 in
1149 598 1198 623 eo
1219 586 1340 633 offert,
1365 599 1476 635 quae,
1500 598 1634 635 quem-

245 640 463 678 admodum
500 639 576 677 iam
607 639 786 686 diximus,
814 646 988 677 versatur
1018 639 1056 677 in
1087 639 1213 678 carnis
1244 647 1401 678 nostrae
1430 639 1633 678 mortifica-

246 693 354 731 tione
388 693 546 742 vitaque
581 692 782 742 spirituali,
823 706 941 743 quam
982 693 1020 731 in
1060 693 1175 731 nobis
1213 694 1323 732 effert
1360 707 1406 732 ac
1444 700 1633 743 procreat

248 749 389 797 Itaque
418 746 564 796 duplici
599 746 794 785 beneficio
819 746 1010 785 afficimur
1037 760 1060 785 a
1092 749 1179 785 Deo
1209 747 1249 784 in
1277 747 1490 807 Baptismo,
1514 748 1635 786 modo

247 815 296 839 ne
328 815 406 838 vim
441 800 604 839 huiusce
636 800 877 839 Sacramenti
909 801 1060 860 ingrato
1091 808 1129 839 et
1159 800 1379 839 immemori
1411 800 1544 839 animo
1575 814 1634 839 ex-

246 855 503 905 stinguamus.
553 856 656 893 Nam
679 862 717 892 et
738 854 1006 892 testimonium
1029 869 1068 892 111
1089 868 1137 893 eo
1158 854 1419 893 certissimum
1442 855 1634 893 habemus
1675 887 1678 890 .
1706 888 1707 891 ,

250 911 381 947 Deum
421 909 519 947 velle
558 908 672 947 nobis
712 909 882 958 parentis
923 922 1007 947 esse
1045 908 1201 959 propitii
1235 910 1334 956 loco,
1376 922 1505 958 neque
1544 922 1633 947 eum

248 962 391 1002 delicta
431 970 562 1001 nostra
601 962 716 1001 nobis
756 963 1050 1012 imputaturum,
1091 970 1174 1001 tum
1212 970 1345 1001 autem
1385 961 1528 1013 Spiritu
1563 976 1635 1002 suo

249 1024 386 1055 sancto
416 1016 531 1055 nobis
561 1023 717 1066 praesto
746 1017 931 1064 futurum,
964 1024 1005 1055 ut
1035 1016 1207 1064 diabolo,
1238 1024 1414 1066 peccato,
1446 1023 1484 1055 et
1510 1016 1635 1055 carnis

248 1078 405 1109 nostrae
426 1070 756 1120 concupiscentiis
777 1070 954 1109 resistere
974 1070 1124 1109 tamdiu
1141 1078 1179 1108 et
1195 1083 1411 1120 repugnare
1426 1070 1633 1120 possimus,

248 1126 344 1164 dum
365 1123 567 1163 victoriam
589 1137 890 1174 consequamur,
909 1132 951 1163 ut
972 1124 1010 1162 in
1034 1124 1162 1174 Regni
1178 1124 1237 1162 sui
1254 1123 1431 1163 libertate
1447 1125 1634 1171 vivamus,

250 1179 360 1229 quod
381 1178 549 1216 iustitiae
571 1180 755 1228 Regnum
778 1186 847 1217 est.

305 1234 440 1281 Quum
473 1231 586 1282 igitur
617 1234 714 1271 haec
745 1233 826 1271 duo
861 1231 900 1269 in
932 1232 1046 1271 nobis
1081 1246 1149 1282 per
1182 1233 1272 1271 Iesu
1304 1231 1448 1272 Christi
1473 1231 1635 1282 gratiam

251 1287 496 1336 impleantur,
521 1285 612 1325 satis
633 1293 787 1325 constat
813 1285 1005 1335 Baptismi
1032 1287 1234 1324 veritatem
1257 1293 1294 1324 et
1316 1285 1574 1324 substantiam
1596 1285 1635 1323 in

250 1354 298 1379 eo
319 1341 603 1389 comprehendi
624 1348 662 1378 et
682 1340 877 1379 concludi.
937 1341 1029 1378 Non
1051 1340 1155 1377 enim
1177 1340 1284 1378 aliud
1304 1341 1499 1378 lavacrum
1520 1340 1636 1378 habe-

251 1408 350 1441 mus,
371 1393 447 1432 nisi
467 1393 550 1432 eius
571 1394 828 1453 sanguinem·
856 1406 986 1443 neque
1017 1393 1132 1431 aliam
1164 1393 1471 1440 renovationem,
1493 1393 1567 1432 nisi
1596 1393 1635 1431 in

252 1448 335 1486 01115
370 1455 494 1486 11101ῖο
526 1454 564 1485 et
594 1447 888 1486 resurrectione.
947 1448 1025 1485 Sed
1057 1448 1394 1508 quemadmodum
1426 1446 1635 1486 nobiscum

253 1502 358 1539 bona
383 1500 618 1550 divitiasque
642 1514 732 1539 suas
763 1514 831 1550 per
855 1500 1018 1539 verbum
1045 1502 1322 1548 communicat,
1347 1502 1489 1540 eodem
1517 1501 1636 1540 modo

251 1569 318 1605 per
340 1555 592 1593 Sacramenta
611 1554 726 1593 nobis
747 1567 792 1593 ea
812 1553 983 1604 impertit
1003 1561 1041 1592 et
1061 1554 1228 1604 largitur.

308 1611 393 1647 Iam
414 1622 506 1647 vero
527 1609 699 1658 optimus
729 1616 766 1646 et
797 1607 1100 1658 benignissimus
1130 1610 1238 1647 Deus
1271 1615 1413 1656 noster,
1436 1621 1517 1647 11011
1547 1621 1636 1646 0011-

252 1670 381 1701 tentus
414 1676 485 1700 nos
518 1661 556 1699 in
590 1662 689 1700 filios
721 1674 812 1700 suos
843 1663 1054 1711 adoptasse
1086 1669 1205 1712 atque
1236 1663 1275 1700 in
1309 1661 1510 1701 Ecclesiae
1543 1675 1634 1701 suae

251 1715 575 1754 communionem
609 1715 824 1762 admisisse,
854 1715 993 1766 largius
1018 1716 1149 1754 adhuc
1175 1722 1294 1765 atque
1317 1715 1501 1766 prolixius
1525 1729 1634 1754 suam

252 1771 289 1807 in
313 1783 384 1808 nos
405 1770 687 1819 benignitatem
715 1771 891 1808 conferre
918 1769 1062 1808 voluit:
1092 1769 1206 1808 nobis
1237 1769 1418 1809 videlicet
1446 1769 1636 1819 pollicens

252 1825 333 1862 fore
354 1831 396 1861 ut
419 1825 528 1862 Deus
550 1824 598 1861 sit
619 1831 656 1861 et
677 1830 819 1871 noster,
843 1830 881 1862 et
900 1836 990 1861 vere
1011 1824 1127 1861 etiam
1147 1823 1300 1872 generis
1321 1823 1636 1873 posteritatisque

253 1885 419 1923 nostrae,
437 1878 616 1926 adusque
638 1877 884 1915 millesimam
904 1876 1210 1927 generationem.
1271 1877 1541 1923 Quamobrem
1564 1877 1635 1915 etsi

253 1930 429 1969 fidelium
450 1931 560 1968 liberi
583 1931 659 1968 sint
679 1943 725 1968 ex
746 1931 891 1969 Adami
911 1938 1093 1980 corrupta
1112 1930 1229 1980 stirpe
1250 1944 1295 1968 ac
1314 1944 1468 1980 genere,
1490 1943 1558 1970 eos
1584 1931 1634 1969 ad

253 1983 580 2022 se‘nihilominus
610 1983 792 2031 admittit,
814 1991 971 2033 propter
1000 1985 1138 2022 foedus
1168 1984 1350 2023 videlicet
1378 1998 1468 2022 cum
1499 1997 1632 2022 eorum

253 2036 480 2087 parentibus
507 2036 659 2083 initum,
683 2051 830 2086 eosque
858 2051 927 2086 pro
950 2037 1080 2075 liberis
1105 2038 1183 2075 suis
1213 2038 1332 2076 habet
1357 2051 1404 2076 ac
1433 2044 1633 2076 numerat:

253 2092 305 2129 ob
344 2104 512 2139 eamque
542 2103 699 2128 causam
731 2090 808 2128 iam
844 2091 936 2129 inde
974 2092 1024 2129 ab
1062 2090 1173 2129 initio
1204 2090 1399 2129 nascentis
1434 2090 1635 2130 Ecclesiae

252 2144 375 2183 voluit
405 2143 620 2182 infantibus
654 2143 975 2183 Circumcisionis
1005 2151 1139 2181 notam
1166 2143 1346 2194 imprimi,
1369 2157 1447 2194 qua
1472 2144 1633 2194 quidem

253 2205 347 2236 nota
368 2198 443 2236 iam
465 2205 547 2235 tum
569 2197 708 2235 eadem
730 2196 863 2236 omnia
889 2197 1134 2246 significabat
1152 2210 1198 2235 ac
1218 2198 1515 2236 demonstrabat
1534 2211 1634 2247 quae

255 2251 373 2290 hodie
404 2253 442 2289 in
474 2251 677 2301 Baptismo
701 2250 966 2300 designantur.
1026 2253 1076 2288 Et
1107 2252 1446 2300 quemadmodum
1477 2265 1543 2290 eos
1567 2250 1633 2289 cir-

255 2305 425 2343 cumcidi
447 2304 620 2351 iubebat,
643 2303 697 2342 sic
718 2303 757 2341 in
786 2317 944 2342 suorum
975 2303 1185 2342 liberorum
1208 2305 1297 2343 loco
1316 2318 1362 2343 ac
1382 2318 1547 2343 numero
1567 2317 1632 2344 eos

253 2359 427 2397 habebat
456 2372 577 2407 seque
607 2365 808 2407 parentem
839 2357 1011 2407 ipsorum
1040 2371 1120 2395 non
1149 2357 1277 2397 minus
1302 2372 1421 2408 quam
1442 2371 1588 2405 eorum,
1609 2371 1632 2396 a

253 2412 397 2461 quibus
416 2411 536 2462 geniti
557 2419 676 2458 erant,
699 2411 964 2461 profitebatur.

308 2467 425 2504 Nunc
456 2478 557 2513 vero,
581 2479 702 2514 quum
726 2466 922 2503 Dominus
946 2466 1055 2503 Iesus
1076 2464 1113 2502 in
1138 2472 1253 2503 terras
1274 2466 1531 2512 descenderit,
1554 2478 1632 2504 non
