1715 2780
176 88 249 124 128
280 85 401 124 THE
423 85 550 124 NEW
571 81 1049 124 ECCLESIASTICAL
1068 81 1479 131 SYSTEM‚⁷1523-4
1508 80 1568 120 66

170 189 318 229 deinde
348 201 583 239 organorum
604 195 642 227 et
672 187 791 226 totius
820 185 1006 234 musicae,
1026 184 1257 236 imaginum,
1278 185 1374 236 quid
1402 186 1566 225 dicam?

174 243 284 283 Nihil
305 255 431 294 paene
451 242 552 281 fuit
543 256 583 280 in
605 249 688 281 toto
709 242 804 280 orbe
831 239 1084 279 artificiorum
1114 241 1224 290 quod
1244 253 1326 278 non
1348 252 1490 290 magna
1519 252 1566 278 ex

173 305 282 348 parte
296 311 366 336 sua
381 296 539 347 negotia
553 310 599 334 ac
616 302 824 355 quaestum
839 307 953 333 suurn
970 293 1132 332 haberet
1152 301 1190 332 et
1203 307 1225 332 e
1249 293 1374 332 Missa
1387 295 1564 332 aleretur.

230 351 472 390 Transierint
492 350 624 400 itaque
638 349 710 387 ista
726 356 764 387 et
776 350 907 387 adhuc
923 354 1122 386 transeant
1134 348 1331 386 revelante
1352 346 1568 407 Evangelio

175 404 492 444 abominationes
513 412 651 450 tantas,
674 404 804 442 donec
823 401 980 452 penitus
1000 402 1241 441 aboleantur.
1302 402 1388 440 Nos
1413 400 1568 440 interim

176 459 310 498 omnia
330 458 597 509 probabimus,
621 458 729 508 quod
750 457 901 495 bonurn
921 463 980 494 est
1000 456 1298 494 tenebimus...
1321 485 1328 493 .

233 512 376 560 Primo,
417 512 608 550 Introztus
645 510 903 550 dominicales
942 517 980 548 et
1018 509 1059 547 in
1090 508 1198 548 festis
1233 486 1390 556 Christi,
1423 522 1568 559 nempe

180 566 392 613 Paschafis,
434 568 699 611 Ρ61116605165,
742 563 966 602 Nativitatis
1005 563 1218 623 probamus
1257 570 1295 601 et
1342 576 1568 602 servamus:

178 633 406 670 quanquam
435 621 613 658 Psalmos
638 608 855 665 mallemus,
878 618 985 656 unde
1005 616 1151 667 sumpti
1175 623 1276 665 sunt,
1299 624 1342 655 ut
1368 616 1537 656 olim...
1560 645 1569 654 .

179 676 265 713 Nos
288 674 591 733 Wittembergae
612 672 704 711 solis
725 671 934 711 dominicis
955 678 994 709 et
1014 670 1121 709 festis
1144 648 1307 709 Domini
1328 669 1569 709 sabbatizare

179 741 438 778 quaeremus3
475 727 653 766 omniurn
681 728 915 765 Sanctorum
939 726 1037 763 festa
1056 737 1214 774 prorsus
1234 725 1504 774 abroganda..

179 782 392 842 probamus
423 783 584 819 Festum
615 779 902 818 Purificationis
932 787 971 817 et
1001 777 1332 816 Annunciationis
1361 791 1432 828 pro
1462 755 1569 816 festis

179 835 336 882 Christi,
356 836 455 874 sicut
472 833 695 885 Epiphania
716 841 753 872 et
770 832 1123 873 Circumcisionem
1139 832 1373 870 habemus..
1429 833 1571 870 ,Festa

179 891 216 928 S
247 889 384 929 Crucis
413 890 624 927 anathema
663 894 792 926 sunto.
849 886 928 924 Alii
962 886 1106 924 faciant
1134 899 1205 936 pro
1232 899 1301 924 sua
1327 862 1570 924 conscientia

178 945 238 982 vel
258 943 423 981 aliorum
444 942 678 989 infirmitate,
702 942 811 991 quod
831 940 995 991 Spiritus
1016 939 1260 990 suggesserit.

235 998 431 1044 Secundo,
455 997 577 1046 Kyrie
596 997 739 1042 eleison,
763 1002 805 1033 ut
832 996 1022 1032 hactenus
1047 993 1288 1032 celebratum
1309 1001 1402 1032 est.
1459 1006 1568 1031 .am-

181 1050 388 1101 plectimur
408 1064 499 1089 cum
521 1049 700 1100 sequenti
721 1050 870 1099 hymno
889 1047 1067 1098 angelico
1093 1048 1232 1087 Gloria
1253 1061 1295 1085 zn
1315 1048 1506 1085 excelsis..

235 1106 380 1151 Tertio,
413 1117 582 1153 sequens
617 1104 753 1142 Oratio
782 1103 846 1140 illa
880 1115 949 1140 seu
984 1103 1154 1148 Colkcta,
1187 1102 1308 1140 modo
1337 1100 1386 1139 sit
1415 1100 1479 1151 pia
1507 1076 1570 1152 (iit

179 1160 258 1197 fere
279 1166 369 1197 sunt
390 1171 492 1208 quae
512 1157 721 1196 dominicis
745 1156 885 1195 diebus
909 1154 1122 1206 habentur)
1142 1162 1362 1205 perseveret
1382 1154 1456 1193 ritu
1483 1168 1569 1202 suo,

182 1214 252 1251 sed
282 1226 328 1250 ea
357 1213 546 1251 duntaxat
576 1212 701 1249 unica.
759 1212 854 1249 Post
883 1211 986 1247 hanc
1012 1208 1129 1248 lectio
1155 1209 1361 1259 Epistolae.
1420 1210 1569 1247 Verum

181 1267 361 1305 nondum
400 1273 555 1315 tempus
598 1272 656 1303 est
698 1272 736 1303 et
777 1264 841 1302 hic
883 1262 1066 1310 novandi,
1108 1263 1269 1312 quando
1306 1263 1413 1301 nulla
1450 1261 1571 1312 impia

181 1319 329 1370 legitur.
389 1319 550 1369 Alioqui
566 1331 656 1357 611111
672 1331 757 1356 raro
771 1331 839 1356 eae
854 1324 982 1367 partes
1003 1330 1049 1355 ex
1065 1316 1239 1366 epistolis
1255 1315 1366 1354 Pauli
1381 1317 1571 1366 legantur,

182 1373 222 1411 in
252 1373 395 1423 quibus
425 1374 523 1411 fides
553 1373 727 1419 docetur,
759 1372 829 1409 sed
858 1370 1107 1420 potissimum
1137 1371 1302 1408 morales
1330 1377 1369 1408 et
1397 1371 1571 1408 exhorta-

182 1427 313 1473 toriae,
344 1433 386 1464 ut
413 1426 613 1465 ordinator
639 1425 703 1463 ille
728 1424 991 1475 Epistolarum
1022 1423 1199 1462 videatur
1228 1423 1346 1462 fuisse
1370 1422 1571 1473 insigniter

182 1480 367 1519 indoctus
409 1486 447 1518 et
486 1478 776 1529 superstitiosus
815 1490 979 1527 operum
1017 1477 1268 1526 ponderator,
1306 1476 1479 1515 officium
1517 1490 1572 1515 re-

184 1534 363 1584 quirebat
393 1547 457 1572 eas
487 1533 617 1584 potius
651 1563 657 1570 .
696 1563 703 1571 .
737 1563 745 1571 .
782 1531 962 1570 ordinare
991 1530 1134 1580 quibus
1169 1531 1267 1569 fides
1297 1529 1336 1568 in
1367 1530 1569 1570 Christum

183 1589 390 1627 docetur..
447 1586 642 1626 .Interim
663 1585 861 1636 supplebit
881 1587 958 1623 hoc
977 1585 1186 1622 vernacula
1198 1585 1361 1624 Concio.
1407 1583 1570 1634 Alioqui

184 1641 215 1680 si
249 1619 421 1680 futuruni
457 1648 515 1679 est
548 1648 590 1678 ut
625 1640 831 1679 vernacula
866 1638 991 1677 Missa
1021 1638 1211 1677 habeatur
1237 1637 1363 1688 (quod
1390 1637 1569 1677 Christus

184 1696 327 1745 faveat)
349 1696 481 1734 danda
502 1702 559 1733 est
581 1707 698 1744 opera
718 1701 761 1731 ut
789 1693 990 1743 Epistolae
1010 1700 1048 1730 et
1073 1691 1288 1742 Evangelia
1310 1690 1389 1729 suis
1409 1691 1568 1741 optimis

183 1756 221 1787 et
237 1749 455 1799 potioribus
476 1748 572 1786 10615
592 1749 769 1798 legantur
788 1746 827 1784 in
850 1747 985 1785 Missa.

239 1804 402 1851 Quarto,
431 1803 632 1841 Graduale
651 1802 820 1840 duorum
841 1813 1023 1838 versuum
1053 1799 1168 1838 simul
1195 1811 1286 1838 cum
1306 1799 1478 1836 Alleluia
1507 1799 1568 1837 vel

183 1857 440 1894 alterutrum.
466 1886 472 1893 .
497 1862 714 1893 .cantetur.

239 1909 402 1957 Quinto,
436 1910 659 1958 sequentias
687 1914 724 1946 et
749 1910 893 1946 Prosas
923 1908 1049 1945 nullas
1087 1906 1344 1953 admittimus,
1380 1905 1454 1944 nisi
1485 1935 1492 1943 .
1526 1935 1564 1943 ..

185 1962 374 2013 placuerit
398 1962 462 2000 illa
476 1962 632 2001 brevis
624 1976 663 2000 m
680 1963 718 2000 N
721 1969 894 2000 atlvitate
909 1960 1077 2001 Christi:
1110 1963 1119 1980 ⁴
1133 1961 1271 1998 Grates
1287 1973 1394 1998 nunc
1407 1960 1568 1997 omnes'

225 2047 232 2054 .
265 2047 271 2053 .
304 2016 378 2054 nisi
408 2016 495 2054 illae
525 2017 574 2054 de
604 2015 748 2066 Spiritu
773 2022 936 2053 sancto:
968 2013 1119 2053 ‘Sancti
1148 2013 1325 2063 spiritus'
1354 2020 1393 2051 et
1428 2012 1566 2059 ‘Veni,

185 2077 318 2108 sancte
339 2069 524 2119 Spiritus'
529 2101 537 2108 .
563 2100 569 2107 .
592 2099 599 2106 .
624 2100 630 2107 .

239 2124 367 2168 Sexto,
402 2123 576 2173 sequitur
604 2124 816 2172 Evangelii
842 2122 969 2169 lectio,
1003 2121 1071 2159 ubi
1104 2134 1178 2159 nec
1216 2121 1400 2158 candelas
1438 2132 1568 2169 neque

185 2176 514 2215 thurificationem
554 2177 820 2227 prohibemus,
862 2176 932 2214 sed
977 2188 1049 2213 nec
1094 2173 1310 2223 exigimus:
1366 2180 1451 2211 esto
1490 2174 1568 2211 hoc

183 2231 361 2269 liberum.

239 2283 426 2334 Septimo,
444 2285 658 2332 Symbolum
674 2285 861 2322 A⁷icennm
874 2281 1020 2321 cantari
1033 2280 1191 2320 solitum
1208 2294 1288 2319 non
1302 2279 1517 2331 displicet..

187 2339 298 2376 Idem
317 2339 367 2376 de
387 2339 593 2376 vernacula
619 2338 800 2376 Concione
826 2335 1025 2381 sentimus,
1048 2342 1091 2373 ut
1115 2334 1211 2372 nihil
1238 2335 1376 2372 referat
1402 2333 1481 2371 sive
1502 2309 1566 2370 1116

183 2398 271 2440 post
293 2391 547 2442 Symbolum1
569 2390 648 2429 sive
668 2398 758 2429 ante
781 2389 989 2428 Introitum
1011 2387 1158 2427 Missae
1179 2389 1286 2426 fiat..

229 2467 238 2484 ¹
263 2466 386 2499 Luther
402 2465 573 2508 preached,
591 2466 623 2497 in
640 2466 692 2497 the
710 2466 820 2497 Parish
838 2464 970 2496 Church
987 2464 1023 2495 of
1035 2462 1252 2504 Wittenberg,
1271 2462 1352 2494 aster
1367 2461 1422 2492 the
1438 2459 1553 2493 Creed.
