1715 2780
4 2588 9 2777 <.—...———-
3 2498 7 2576 „fin
2 2439 11 2470 „4
2 2402 11 2428 Δΐ
2 2350 11 2378 ⁴3„

152 105 183 147 6
219 110 453 156 ALBERT,
488 108 751 147 ELECTOR
782 107 1152 146 ARCHBIsHOP
1185 107 1254 145 OF
1289 107 1467 144 MAINZ
1505 117 1547 154 15

152 215 381 255 facultatum
403 213 714 264 magnitudinem
737 225 804 250 eos
826 211 1072 261 interrogare,
1095 223 1166 260 pro
1187 217 1334 260 quanta
1354 210 1549 248 contribu-

153 270 260 308 tione
273 269 334 307 vel
354 266 523 318 pecunia
541 274 608 305 aut
628 266 713 305 aliis
734 265 850 305 bonis
870 265 1153 316 temporalibus
1170 265 1313 304 vellent
1329 265 1549 303 secundum

153 335 264 362 suam
294 322 577 361 conscientiam
604 322 711 360 dicta
736 319 964 370 plenissima
989 318 1219 359 remissione
1240 326 1278 357 et
1299 318 1550 357 facultatibus

153 390 306 416 carere:
345 384 384 415 et
416 377 494 415 hoc
527 376 619 414 ideo
647 382 690 414 ut
718 381 856 424 postea
884 373 1037 424 possint
1066 373 1171 423 ipsos
1201 372 1352 412 facilius
1380 374 1432 411 ad
1461 386 1552 411 con—

153 431 408 471 tribuendum
442 431 639 469 inducere.
699 430 749 467 Et
779 427 967 479 quoniam
1003 427 1120 466 nimis
1149 427 1277 466 variae
1306 435 1345 466 et
1374 428 1551 466 diversae

154 492 245 525 sunt
275 484 483 524 hominum
511 482 772 530 conditiones,
799 496 896 534 quas
926 483 1175 521 considerare
1201 495 1284 520 non
1308 482 1484 520 valemus
1514 489 1552 520 et

154 541 210 579 sic
242 546 367 578 certas
401 545 507 578 taxas
541 537 768 588 imponere:
820 537 912 576 ideo
943 536 1071 575 visum
1106 535 1221 575 nobis
1256 543 1314 575 est
1346 534 1551 574 communi

155 607 270 633 cursu
300 592 529 632 huiusmodi
559 600 665 630 taxas
696 591 748 629 ita
778 603 894 641 posse
924 590 1124 640 distingui.

210 649 341 698 Reges
371 654 410 686 et
432 646 609 696 Reginae
629 658 847 696 eorumque
868 645 946 692 filii,
970 644 1269 695 Archiepiscopi
1290 652 1328 683 et
1350 643 1550 695 Episcopi,

155 715 202 741 ac
239 701 304 741 alii
340 700 471 752 magni
506 699 702 750 principes
736 701 786 738 ad
821 701 908 738 loca
947 699 986 737 in
1025 699 1171 749 quibus
1210 711 1303 737 crux
1335 706 1464 737 erecta
1493 705 1552 736 est

156 756 402 796 confluentes
432 762 500 794 aut
529 756 624 793 alias
651 754 692 793 in
719 753 774 792 eis
804 753 1014 792 existentes
1042 754 1195 792 solvant
1222 754 1360 790 saltem
1381 753 1552 791 florenos

155 822 295 850 aureos
330 810 565 847 Rhenenses
599 807 734 859 viginti
767 807 957 858 quinque.
1014 807 1192 846 Abbates
1227 814 1265 845 et
1299 805 1550 845 ecclesiarum

157 863 455 904 Cathedralium
494 861 637 901 Prelati
675 861 853 909 maiores,
890 860 1067 901 Comites
1106 870 1144 899 et
1186 862 1371 907 Barones,
1405 873 1450 898 ac
1488 859 1553 898 alii

157 917 311 957 nobiles
339 916 580 968 potentiores
609 924 648 955 et
675 929 811 955 eorum
841 928 980 953 uxores
1002 929 1071 966 pro
1098 915 1276 965 quolibet
1306 915 1459 953 solvant
1489 915 1555 952 flo-

157 985 273 1011 renos
311 971 457 1010 similes
495 971 649 1010 decem.
724 969 803 1009 Alii
845 969 982 1020 prelati
1021 978 1058 1009 et
1097 969 1252 1008 nobiles
1297 968 1469 1007 minores
1508 981 1554 1006 ac

156 1033 325 1066 rectores
346 1024 557 1075 insignium
578 1026 768 1072 locorum,
784 1037 1004 1074 omnesque
1019 1023 1083 1062 alii
1105 1023 1172 1073 qui
1187 1024 1248 1061 vel
1269 1036 1315 1062 ex
1334 1022 1554 1062 redditibus

157 1079 363 1119 stabilibus
379 1081 440 1118 vel
461 1078 656 1118 mercibus
676 1087 743 1117 aut
762 1078 857 1117 alias
873 1078 1136 1116 communiter
1152 1076 1373 1127 percipiunt
1393 1078 1432 1114 in
1448 1090 1554 1115 anno

158 1135 328 1173 florenos
352 1132 498 1172 similes
522 1133 770 1183 quingentos,
792 1134 945 1171 solvant
969 1133 1139 1171 florenos
1166 1131 1312 1170 similes
1340 1144 1416 1169 sex.
1476 1130 1554 1168 Alii

158 1188 262 1227 cives
296 1195 335 1227 et
369 1193 603 1226 mercatores
638 1188 705 1237 qui
739 1187 959 1237 percipiunt
991 1185 1255 1224 communiter
1285 1186 1456 1223 florenos
1487 1186 1556 1223 du-

160 1250 296 1281 centos
321 1242 474 1280 solvant
497 1242 668 1280 florenos
692 1240 837 1279 similes
865 1248 952 1279 tres.
1012 1241 1089 1278 Alii
1117 1239 1221 1278 cives
1252 1247 1289 1278 et
1320 1246 1555 1278 mercatores

160 1295 380 1335 mechanici
419 1296 595 1345 proprios
629 1294 805 1334 redditus
840 1302 878 1333 et
911 1294 1098 1332 familiam
1134 1295 1326 1332 habentes
1360 1294 1553 1332 florenum

160 1364 282 1389 unum
310 1349 489 1389 similem.
549 1349 627 1387 Alii
657 1349 828 1387 minores
859 1348 1113 1387 medietatem
1143 1348 1280 1386 floreni
1311 1347 1458 1386 similis.
1482 1378 1488 1384 .
1515 1378 1521 1385 .
1546 1377 1554 1385 .

162 1406 212 1443 Et
236 1403 303 1455 qui
333 1403 520 1455 pecunias
544 1417 623 1441 non
655 1403 803 1442 habent
829 1402 1012 1453 precibus
1039 1402 1193 1441 ieiuniis
1221 1415 1331 1440 suam
1359 1401 1556 1440 contribu-

159 1459 309 1497 tionem
337 1459 568 1508 suppleant:
602 1471 763 1507 regnum
792 1456 897 1496 enim
922 1458 1123 1496 coelorum
1151 1470 1232 1494 non
1258 1457 1345 1506 plus
1369 1455 1556 1495 divitibus

162 1525 279 1562 quarn
301 1511 539 1562 pauperibus
560 1518 693 1561 patere
713 1511 833 1550 debet
855 1542 862 1550 .
885 1542 891 1548 .
917 1541 923 1549 .

215 1567 399 1605 Secunda
416 1565 538 1616 gratia
556 1565 782 1616 principalis
801 1573 859 1604 est
879 1564 1166 1603 confessionale
1187 1566 1348 1615 plenum
1378 1563 1557 1602 maximis

161 1627 200 1659 et
228 1619 546 1659 relevantissimis
575 1627 613 1658 et
644 1619 747 1670 prius
777 1619 963 1658 inauditis
994 1618 1245 1657 facultatibus
1262 1632 1271 1665 3
1303 1619 1410 1668 quod
1438 1619 1555 1656 etiam

161 1682 316 1713 nostrae
350 1675 478 1712 bullae
515 1673 702 1712 octennio
740 1673 961 1723 exspirante
998 1685 1153 1722 semper
1185 1672 1357 1721 vigorem
1399 1671 1557 1721 vimque

163 1727 336 1775 habebit,
376 1741 467 1766 curn
506 1735 634 1766 textus
673 1728 803 1766 bullae
841 1726 946 1765 dicat
987 1727 1128 1764 ‘Nunc
1167 1734 1205 1764 et
1244 1727 1282 1763 in
1322 1734 1555 1775 perpetuum

162 1781 369 1832 participes
396 1782 535 1820 fiant':
567 1781 677 1819 cuius
699 1781 983 1819 continentiam
1011 1793 1056 1818 ac
1083 1788 1260 1818 tenorem
1287 1779 1557 1818 Predicatores

162 1843 202 1874 et
228 1835 486 1876 Confessores
513 1834 677 1873 summis
702 1834 848 1873 viribus
875 1836 1082 1885 explanare
1108 1846 1154 1872 ac
1180 1834 1365 1872 extollere
1395 1833 1554 1872 debent.

163 1889 407 1929 Conceditur
427 1890 532 1928 enim
554 1888 594 1926 in
615 1888 892 1928 confessionali
913 1890 1042 1939 ipsum
1064 1887 1349 1926 redimentibus
1367 1903 1428 1926 :—

222 1951 261 1981 10
305 1944 468 1982 facultas
509 1942 681 1993 eligendi
713 1944 981 1982 confessorem
1019 1943 1209 1981 idoneum
1247 1941 1365 1980 etiam
1410 1942 1558 1980 mendi-

163 1996 337 2038 cantium
358 1997 542 2036 ordinum
562 1998 790 2047 regularem,
813 1997 880 2047 qui
903 1995 1080 2048 inprimis
1105 2009 1173 2035 eos
1202 2009 1225 2034 a
1254 1996 1559 2046 quibuscunque

165 2050 338 2090 censuris
358 2050 475 2090 etiam
497 2051 547 2089 ab
568 2050 730 2090 homine
750 2051 836 2089 latis
857 2052 907 2089 de
927 2063 1124 2089 consensu
1146 2050 1314 2100 partium
1335 2049 1525 2088 absolvat.

222 2113 263 2144 20
282 2118 306 2143 a
317 2105 622 2155 quibuscunque
635 2104 871 2155 gravissimis
884 2104 1048 2151 delictis,
1064 2105 1182 2143 etiam
1197 2103 1289 2142 Sedi
1305 2102 1558 2153 Apostolicae

165 2158 378 2206 reservatis,
400 2159 523 2198 semel
543 2160 582 2197 in
602 2158 680 2197 vita
700 2166 738 2198 et
759 2160 799 2196 in
819 2158 954 2197 mortis
975 2157 1151 2197 articulo.

222 2221 265 2262 30
284 2212 324 2250 in
341 2212 496 2251 casibus
512 2225 594 2251 non
609 2212 810 2251 reservatis
827 2213 919 2251 Sedi
936 2211 1190 2263 Apostolicae
1204 2212 1346 2250 totiens
1363 2209 1557 2261 quotiens.

220 2274 264 2314 4⁰
284 2267 351 2316 qui
372 2268 493 2305 semel
514 2265 553 2304 in
574 2266 651 2304 vita
672 2274 710 2305 et
730 2268 770 2304 in
791 2266 926 2305 mortis
947 2265 1111 2304 articulo
1131 2265 1315 2315 quotiens
1341 2264 1405 2303 ille
1430 2263 1556 2301 immi-

167 2319 289 2368 nebit,
303 2320 394 2358 licet
414 2333 518 2358 mors
539 2327 634 2358 tunc
652 2333 734 2358 non
755 2321 1026 2370 subsequatur,
1044 2320 1328 2369 indulgentiam
1346 2318 1558 2368 plenariam

167 2372 345 2412 omnium
366 2381 616 2424 peccatorum
638 2375 760 2423 possit
780 2374 1022 2424 impendere.

223 2435 266 2476 50
298 2429 365 2477 qui
394 2434 485 2466 vota
513 2440 775 2478 quaecunque
805 2427 1086 2477 (ultramarino,
1119 2426 1348 2464 visitationis
1378 2424 1559 2462 liminum

168 2482 461 2530 Apostolorum,
495 2489 532 2520 et
569 2481 691 2519 sancti
729 2481 864 2519 Iacobi
900 2483 940 2518 in
972 2481 1253 2531 Compostella,
1290 2477 1486 2527 religionis
1521 2486 1558 2515 et
