1715 2780
95 147 175 175 222
566 134 792 179 CAPPEL,
832 145 1006 183 1529-31
1417 144 1488 180 471

96 243 183 280 how
203 241 296 290 they
311 241 410 278 shall
430 239 480 278 be
496 239 644 277 carried
665 251 729 276 on.
788 239 865 275 But
886 237 953 275 the
969 236 1168 275 Christian
1185 235 1296 274 Civic
1317 235 1497 273 Alliance

97 295 274 334 between
294 295 361 333 the
390 293 446 332 six
475 292 585 331 cities
614 294 658 330 of
683 292 835 339 Ziirich,
868 292 983 338 Bern,
1017 291 1141 337 Basel‚
1164 290 1216 328 St.
1240 289 1340 336 Gall,
1366 289 1496 327 Miihl-

97 351 258 397 hausen,
282 347 378 395 Biel,
400 349 480 386 and
500 348 645 394 others,
665 347 763 385 shall
783 344 931 384 remain
952 345 1160 383 unbroken
1179 344 1259 381 and
1280 342 1477 381 inviolate.

151 402 328 452 Thirdly,
350 415 392 441 as
422 414 613 440 concerns
643 401 842 450 pensions‚
865 399 1071 445 subsidies‚
1094 398 1194 449 gifts,
1217 398 1297 436 and
1319 404 1496 446 presents

99 458 199 495 from
221 456 360 507 Kings,
385 455 556 502 Princes,
579 456 658 493 and
690 455 827 500 Lords,
851 453 879 491 it
908 454 939 491 is
970 454 1149 491 resolved
1180 464 1297 490 never
1327 464 1435 489 more
1457 459 1496 488 to

99 512 189 550 take
210 512 278 550 the
298 524 428 549 same:
459 510 538 548 and
560 510 626 548 the
646 508 703 547 six
730 508 839 547 cities
867 508 956 545 with
982 507 1082 546 their
1111 507 1284 556 subjects
1305 506 1499 554 earnestly

100 578 192 616 pray
212 566 280 603 the
301 564 394 603 Five
415 563 594 604 Cantons
615 564 694 601 and
719 562 819 600 their
842 574 1075 600 communes
1096 569 1137 600 to
1158 560 1356 598 withdraw
1377 560 1499 598 them-

101 620 225 658 selves
257 620 367 665 from,
401 619 481 657 and
512 619 611 656 have
643 616 809 666 nothing
841 623 880 654 to
912 617 966 654 do
1004 616 1106 662 with,
1138 616 1188 653 all
1229 614 1388 652 Princes
1419 615 1499 651 and

102 674 239 721 Lords,
259 685 302 711 as
331 674 413 711 also
442 673 542 711 from
572 671 811 720 campaigns,
835 671 1036 720 pensions,
1058 668 1265 716 subsidies,
1288 669 1367 706 and
1396 667 1497 717 giftS,

100 728 180 767 and
200 734 241 766 to
262 728 362 765 have
383 727 519 777 regard
539 733 580 764 to
602 739 672 764 our
696 725 944 763 Fatherland.
969 755 976 761 .
1003 755 1008 761 .
1033 755 1038 761 .

192 844 284 888 No.
308 857 408 899 223.
458 842 674 897 Zwingli
705 843 758 885 to
792 841 994 886 Conrad
1026 841 1151 884 Sam
1185 841 1239 883 at
1269 839 1402 891 Ulm,

609 912 672 954 30
705 900 836 953 June
866 910 992 953 1529.

158 1027 164 1033 .
189 1026 195 1033 .
220 1027 227 1035 .
253 997 397 1033 Pacem
419 993 534 1032 nobis
555 992 874 1031 honestissimam
897 1004 969 1029 nos
986 991 1151 1029 domum
1173 989 1350 1028 retulisse
1375 1002 1501 1039 spero,

103 1063 195 1088 cum
216 1062 296 1088 non
317 1049 481 1087 caedem
503 1050 650 1086 factum
676 1046 839 1096 profecti
867 1047 1000 1092 simus,
1024 1057 1265 1095 quamquam
1294 1042 1504 1082 adversarii

105 1103 226 1142 nostri
247 1116 328 1141 non
349 1116 486 1153 parum
508 1101 733 1140 detrimenti
749 1102 931 1138 tulerunt.
976 1099 1207 1137 Praesertim
1225 1111 1315 1136 cum
1337 1098 1506 1136 tabellae

103 1157 272 1197 foederis
300 1170 391 1195 cum
422 1156 674 1195 Ferdinando
702 1154 792 1193 facti
821 1162 913 1192 ante
942 1154 1078 1191 oculos
1108 1160 1262 1191 nostros
1285 1165 1307 1190 a
1328 1159 1506 1201 praetore

106 1213 194 1263 pagi
226 1210 482 1251 Glaronensis
520 1212 566 1248 26
602 1209 705 1247 Iunii
738 1209 811 1246 sub
844 1208 880 1245 xi
912 1209 1048 1246 horam
1081 1205 1434 1245 antemeridianam
1466 1205 1504 1242 in

105 1266 239 1305 castris
256 1265 396 1304 nostris
412 1266 544 1315 gladio
560 1263 742 1302 concisae
757 1270 794 1301 et
808 1264 961 1301 deletae
975 1262 1062 1307 sint,
1074 1261 1113 1299 id
1123 1262 1231 1311 quod
1247 1260 1329 1310 ipse
1346 1272 1506 1309 quoque

106 1320 227 1359 vidi..
253 1350 260 1358 .
285 1351 291 1358 .
351 1320 437 1357 Has
469 1332 528 1357 res
560 1318 675 1368 igitur
709 1331 797 1356 vere
832 1315 1015 1354 Dominis
1047 1316 1122 1353 tuis
1149 1323 1187 1353 et
1217 1314 1279 1352 cui
1310 1313 1380 1352 tibi
1411 1313 1507 1351 libet

107 1373 280 1413 indicare
301 1381 424 1424 potes.
484 1372 669 1422 Denique
699 1373 787 1410 Deo
817 1370 1120 1409 commendatus
1142 1370 1204 1407 sis.
1263 1369 1397 1406 Saluta
1419 1380 1508 1405 meo

107 1428 269 1467 nomine
295 1440 435 1467 omnes
462 1428 610 1473 fideles,
636 1427 745 1464 Deus
770 1424 876 1464 enim
902 1424 1041 1463 iterum
1069 1422 1296 1473 proceribus
1321 1422 1506 1468 ostendit,

108 1496 176 1522 eos
197 1489 332 1521 contra
353 1495 394 1521 se
415 1481 511 1519 nibil
536 1482 674 1528 valere,
699 1492 851 1530 nosque
878 1478 1013 1518 docuit
1037 1491 1109 1516 nos
1133 1477 1289 1515 vincere
1311 1489 1427 1526 posse
1448 1478 1508 1513 vel

109 1538 215 1576 nulla
252 1537 374 1575 caede
413 1537 526 1583 facta,
567 1534 597 1573 si
636 1534 675 1572 in
715 1547 755 1573 se
795 1533 975 1571 nitamur.
1036 1534 1083 1570 In
1123 1539 1206 1569 tota
1239 1530 1344 1569 enim
1377 1537 1510 1567 nostra

108 1590 359 1642 expeditione
380 1589 544 1629 omnino
564 1590 671 1627 nulla
691 1587 887 1626 discordia
913 1587 985 1625 fuit
1005 1599 1134 1636 neque
1153 1587 1272 1623 altera
1293 1597 1380 1634 pars
1401 1585 1510 1622 alteri

110 1646 233 1684 ullum
254 1644 457 1683 hominem
489 1643 714 1682 vulneravit.
774 1643 895 1691 Apud
924 1639 1166 1679 adversarios
1197 1640 1358 1688 quidem
1382 1646 1508 1675 metus

109 1707 148 1738 et
168 1699 364 1738 discordia
384 1697 466 1745 suit,
490 1698 529 1736 id
549 1698 657 1747 quod
683 1698 790 1734 Deus
811 1694 992 1745 providit,
1015 1707 1087 1732 net=
1105 1693 1234 1731 minus
1256 1694 1388 1731 fames.
1414 1722 1419 1728 .
1443 1722 1450 1729 .
1475 1723 1483 1730 .

113 1818 203 1863 No.
223 1829 324 1870 224.
379 1815 542 1868 Philip
565 1814 621 1857 of
638 1814 806 1856 Hesse
828 1815 880 1856 to
903 1811 1133 1864 Zwingli‚
1152 1822 1207 1852 22
1221 1809 1365 1863 April
1382 1820 1507 1862 1529.

170 1941 177 1949 .
202 1940 209 1947 .
232 1939 239 1947 .
266 1907 479 1958 Philippus,
532 1907 606 1945 Dei
656 1906 776 1955 gratia
825 1903 1094 1953 Landgravius
1144 1902 1325 1948 Hassiae‚
1366 1902 1513 1940 Comes

116 1962 517 2012 Catzenelnbogensis
553 1969 638 2007 etc„
673 1961 921 1999 Clementem
955 1959 1197 1997 voluntatem
1233 1964 1406 1994 nostram
1443 1955 1512 1993 tibi

116 2025 208 2056 ante
228 2016 361 2056 omnia
382 2015 625 2066 pollicemur,
649 2015 704 2052 vir
725 2013 963 2052 doctissime.
989 2043 995 2050 .
1020 2043 1026 2049 .
1051 2042 1058 2050 .

173 2072 257 2110 Nos
296 2070 336 2109 id
374 2070 566 2120 agitamus
607 2078 647 2107 ut
689 2069 916 2114 Lutberum,
952 2066 1306 2105 Melanchthonem
1342 2073 1378 2102 et
1418 2063 1515 2101 alios

117 2137 277 2175 quoque
297 2125 363 2174 qui
385 2125 435 2163 de
456 2125 709 2162 Sacramento
726 2122 764 2160 in
781 2120 975 2160 sententia
991 2127 1057 2158 tua
1073 2127 1163 2157 sunt
1183 2120 1272 2157 loco
1292 2125 1517 2168 opportuno

118 2192 317 2229 cogamus,
339 2186 379 2216 ut
401 2178 432 2216 si
456 2179 565 2217 Deus
587 2176 805 2215 misericors
829 2183 867 2214 et
894 2175 1147 2224 omnipotens
1166 2173 1357 2223 propitius
1377 2172 1517 2209 adesse

119 2232 294 2280 voluerit,
330 2234 380 2271 de
419 2245 466 2270 eo
504 2233 593 2269 loco
632 2229 853 2281 pactionem
894 2229 933 2266 in
972 2241 1079 2266 sacra
1118 2226 1314 2276 Scriptura
1349 2226 1516 2274 positam

122 2286 265 2325 faciant
291 2294 329 2324 et
357 2287 394 2324 in
425 2298 622 2324 consensu
651 2283 883 2324 Christianis
909 2282 1030 2332 digno
1052 2281 1194 2320 vivant.
1255 2281 1358 2317 Nam
1381 2279 1419 2316 in
1442 2279 1517 2316 hoc

122 2347 319 2379 conventu
359 2341 587 2390 Principum
629 2338 810 2388 Papistae
857 2338 908 2375 ad
947 2335 1258 2374 conservandam
1298 2345 1517 2382 perversam

124 2407 234 2432 suam
265 2395 383 2432 vitam
422 2401 461 2432 et
492 2406 620 2431 mores
652 2392 724 2430 sibi
758 2391 868 2429 aliter
899 2391 1104 2429 consulere
1138 2395 1339 2437 nequeunt
1372 2386 1445 2425 nisi
1479 2395 1518 2423 ut

124 2449 258 2486 dicant
279 2461 351 2485 nos
372 2447 438 2497 qui
459 2448 609 2497 integro
629 2455 667 2485 et
698 2446 829 2484 lucido
853 2444 926 2482 Dei
956 2444 1075 2481 verbo
1096 2441 1245 2480 addicti
1273 2440 1394 2479 simus
1422 2442 1521 2479 inter

127 2515 199 2540 nos
221 2501 325 2551 ipsos
355 2503 405 2540 de
430 2500 628 2551 religionis
652 2500 831 2538 doctrina
858 2511 939 2536 non
966 2496 1213 2536 consentire:
1242 2508 1343 2545 quae
1373 2495 1447 2532 nisi
1469 2495 1519 2532 ita
