1715 2780
151 118 223 167 148
415 117 536 157 THE
568 117 819 157 INTERIM
851 119 922 158 OF
952 119 1261 160 AUGSBURG
1469 123 1542 172 361

208 237 265 271 14.
296 225 357 262 Ac
385 236 477 262 cum
509 222 749 262 abstinentia
778 223 971 271 carnium,
991 236 1093 274 quae
1128 237 1209 263 non
1236 225 1545 264 abominationis

150 278 220 317 sed
247 277 531 327 temperantiae
558 291 676 316 causa
705 277 926 328 suscipitur,
948 291 1018 328 per
1044 291 1085 317 se
1115 279 1220 317 bona
1246 286 1284 318 et
1310 281 1361 318 ad
1385 293 1544 319 carnem

149 331 418 382 castigandam
456 340 547 382 apta
585 333 644 379 sit,
680 345 726 371 ac
764 331 882 371 etiam
922 331 1081 382 publica
1114 332 1260 372 utilitas
1297 336 1470 385 postulet
1505 342 1547 373 ut

149 385 263 424 certis
282 385 527 436 temporibus
553 400 576 425 a
602 386 784 425 carnibus
811 385 1080 425 abstineamus
1101 401 1191 425 curn
1213 387 1307 427 alias
1332 402 1475 439 pecora
1494 390 1545 428 ad

148 439 352 479 assiduum
372 441 549 479 carnium
567 454 677 479 esum
700 441 876 479 sufficere
892 442 954 479 vix
974 441 1137 491 possint,
1156 456 1242 481 mos
1264 450 1301 481 et
1322 443 1544 481 institutum

149 493 288 533 veteris
319 494 522 534 Ecclesiae
551 494 692 534 diebus
722 494 969 542 ieiuniorum,
999 495 1093 535 feria
1121 504 1230 535 sexta
1259 504 1297 536 et
1327 498 1493 537 sabbato
1522 511 1545 536 a

148 547 330 587 carnibus
350 548 600 596 abstinendo,
624 549 845 588 retineatur.

208 614 264 652 15.
300 604 419 641 Hanc
440 602 544 641 enim
566 580 846 642 abstinentiam
869 604 1047 642 Ecclesia
1068 618 1113 643 ex
1140 606 1246 644 nulla
1267 605 1545 656 superstitione

149 655 331 706 suscepit,
359 670 460 707 quae
489 671 512 695 a
541 657 638 695 cibis
669 657 908 707 quibusdam
939 658 1053 698 certis
1084 659 1329 710 temporibus
1358 660 1541 708 abstinet,

149 723 229 749 non
251 711 303 749 ob
319 712 439 749 ullam
460 711 637 750 ciborum
661 711 966 759 immunditiam,
985 713 1113 752 sciens
1134 714 1268 752 onmia
1288 716 1438 754 munda
1458 728 1544 754 esse

148 764 306 804 mundis
336 772 374 804 et
405 765 502 803 nihil
537 765 743 816 inquinare
773 765 974 804 1101111116111
1006 769 1114 818 quod
1144 781 1213 827 per
1242 782 1286 808 os
1316 767 1541 819 ingreditur,

148 820 217 858 sed
237 820 288 858 ad
310 820 576 858 edomandam
597 833 754 858 carnem
776 828 818 858 ut
837 821 970 858 anima
996 834 1018 859 a
1045 822 1172 872 pravis
1200 822 1483 873 cupiditatibus
1505 832 1543 862 et

147 886 171 911 a
190 873 302 912 malis
323 873 496 913 motibus
514 873 653 912 melius
670 874 921 912 humilietur:
952 888 1120 926 eamque
1140 876 1419 915 abstinentiam
1438 891 1543 927 prae-

147 926 262 977 cipue
291 927 431 966 diebus
462 929 579 967 feriae
609 936 740 967 sextae
771 936 810 967 et
843 928 997 967 sabbati
1026 929 1176 978 indixit,
1209 938 1252 969 ut
1281 932 1462 970 homines
1492 933 1543 971 ad

146 982 295 1020 cultum
326 983 414 1021 Deo
440 982 622 1021 debitum
648 983 967 1033 persolvendum,
988 985 1039 1023 ad
1067 984 1314 1024 auditionem
1335 985 1444 1024 verbi
1467 985 1543 1024 Dei

146 1042 185 1074 et
213 1036 264 1074 ad
294 1044 565 1075 sacrosanctae
587 1036 858 1075 Eucharistiae
888 1040 1196 1088 perceptionem,
1220 1053 1322 1089 quae
1351 1039 1445 1078 olim
1473 1041 1545 1079 fre-

145 1089 328 1139 quentior
343 1089 484 1129 diebus
501 1090 710 1129 dominicis
732 1091 969 1138 servabatur,
986 1092 1162 1131 biduana
1182 1093 1421 1132 abstinentia
1437 1108 1543 1145 prae-

145 1145 267 1193 parati
296 1144 418 1204 magis
445 1145 579 1184 idonei
609 1153 646 1184 et
673 1145 872 1195 digniores
898 1148 1158 1186 accederent:
1188 1155 1226 1186 et
1246 1155 1288 1186 ut
1313 1149 1387 1186 hac
1408 1150 1543 1187 volun-

146 1197 242 1236 taria
262 1198 518 1259 castigatione
543 1201 654 1250 quasi
680 1213 770 1238 cum
793 1199 952 1239 Christo
975 1200 1102 1252 (cuius
1131 1201 1324 1252 passionis
1351 1204 1542 1241 memoria

146 1251 205 1290 his
244 1252 385 1291 diebus
425 1253 673 1304 potissimum
713 1268 735 1293 a
774 1253 958 1293 fidelibus
998 1255 1196 1307 recolitur)
1231 1269 1387 1296 carnem
1430 1271 1541 1295 suam

146 1307 425 1357 crucifigerent.

204 1363 262 1400 16.
293 1361 497 1401 Consueta
527 1362 645 1400 etiam
677 1363 880 1403 Ecclesiae
914 1364 1059 1402 ieiunia
1089 1363 1357 1412 observentur,
1390 1367 1459 1404 sed
1490 1365 1542 1404 ita

146 1421 276 1454 tamen
309 1423 351 1454 ut
385 1429 466 1455 non
501 1416 764 1467 astringantur
798 1432 898 1468 quos
932 1418 1146 1457 necessitas
1181 1427 1363 1458 excusat:
1405 1421 1541 1470 quales

147 1476 237 1508 sunt
263 1469 329 1520 qui
357 1470 598 1520 gravioribus
625 1471 827 1511 laboribus
856 1472 1146 1520 exhauriuntur,
1171 1481 1209 1512 et
1234 1475 1538 1535 peregrinantes,

146 1523 239 1562 item
259 1524 443 1574 gravidae
464 1524 657 1572 mulieres,
681 1527 882 1574 lactantes,
907 1527 1028 1578 pueri,
1052 1540 1178 1575 senes,
1200 1529 1359 1577 aegroti.

204 1591 218 1615 1
230 1589 261 1626 7.
295 1580 379 1617 Nec
396 1578 640 1630 improbetur
656 1579 883 1621 benedictio
900 1595 1032 1620 earum
1051 1595 1179 1620 rerum
1197 1595 1298 1632 quae
1315 1582 1541 1621 exorcismis

146 1640 183 1670 et
221 1631 464 1672 orationibus
502 1635 554 1672 ad
593 1647 707 1672 usum
749 1636 956 1674 hominum
993 1644 1284 1695 praeparantur,
1318 1637 1540 1675 dummodo

146 1686 393 1746 operationes
419 1701 521 1737 quae
548 1687 640 1727 inde
668 1698 882 1728 nascuntur
910 1703 991 1728 non
1019 1690 1134 1728 rebus
1165 1690 1258 1740 ipsis
1289 1692 1358 1729 sed
1383 1690 1540 1729 dixinae

145 1739 276 1779 virtuti
305 1742 548 1781 tribuantur:
584 1749 622 1780 et
652 1751 835 1782 caveatur
864 1758 913 1783 ne
944 1745 1107 1782 eaedem
1136 1745 1187 1782 ad
1215 1745 1338 1782 ullum
1369 1744 1542 1783 incanta-

145 1793 262 1833 tionis
282 1802 349 1833 aut
371 1796 658 1846 superstitionis
679 1810 802 1846 genus
825 1800 1115 1836 transferantur.

204 1851 260 1887 18.
299 1851 349 1888 Et
390 1863 631 1900 quamquam
674 1864 763 1889 cum
801 1854 997 1902 Apostolo
1038 1852 1303 1900 sentiendum,
1341 1866 1431 1891 euni
1474 1853 1541 1903 qui

145 1903 303 1941 coelebs
334 1911 392 1942 est
422 1917 556 1942 curare
586 1918 686 1965 quae
717 1914 808 1944 sunt
840 1906 1015 1954 Domini,
1046 1908 1131 1954 &c.‚
1163 1920 1291 1956 eoque
1322 1907 1444 1957 magis
1474 1921 1540 1957 op-

146 1958 309 1995 tandum
340 1959 485 1997 multos
515 1958 679 1997 inveniri
711 1960 874 1999 clericos
904 1962 971 2011 qui
1002 1974 1092 1999 cum
1124 1961 1298 1999 coelibes
1329 1961 1417 2008 sint,
1450 1975 1539 2000 v·e1e

145 2010 260 2049 etiam
296 2012 548 2051 contineant.
594 2021 727 2052 tamen
762 2028 885 2064 quum
926 2016 1037 2053 multi
1074 2015 1139 2065 qui
1179 2015 1382 2054 ministerii
1419 2018 1540 2054 eccle-

146 2063 287 2104 siastici
309 2066 533 2106 functiones
553 2074 691 2106 tenent
720 2070 796 2107 iam
826 2071 958 2108 multis
989 2070 1028 2107 in
1057 2069 1154 2108 locis
1182 2071 1365 2108 duxerint
1387 2083 1537 2116 uxores,

146 2131 242 2168 quas
275 2133 298 2158 a
332 2133 374 2159 se
407 2120 605 2160 dimittere
640 2122 792 2162 nolint:
835 2137 952 2175 super
987 2137 1033 2162 ea
1068 2137 1108 2162 re
1141 2125 1333 2183 generalis
1369 2124 1538 2164 Concilii

145 2173 339 2212 sententia
365 2183 622 2225 exspectetur,
646 2189 735 2215 cum
766 2178 914 2228 alioqui
946 2177 1112 2216 mutatio
1143 2192 1183 2216 111
1213 2191 1258 2217 ea
1287 2192 1338 2226 re,
1361 2185 1403 2216 ut
1434 2191 1539 2215 nunc

145 2234 234 2265 sunt
262 2235 450 2279 tempora,
475 2229 558 2269 sine
589 2230 693 2280 gravi
724 2244 852 2270 rerum
882 2231 1179 2282 perturbatione
1209 2246 1315 2271 111111(
1346 2233 1425 2271 fieri
1459 2245 1538 2270 non

144 2280 277 2329 possit.

202 2348 258 2384 19
293 2337 398 2375 Illud
428 2345 560 2376 tamen
591 2340 817 2389 negandum
847 2353 928 2378 non
959 2348 1027 2387 est,
1052 2340 1124 2378 etsi
1154 2339 1297 2389 coniu<
1302 2339 1380 2377 ium
1410 2353 1478 2389 per
1498 2353 1539 2378 se

144 2388 374 2429 honorabile
403 2399 472 2438 est,
496 2392 601 2430 iuxta
631 2393 897 2443 Scripturam:
928 2408 1018 2432 611111
1050 2402 1193 2440 tamen,
1224 2395 1289 2443 qui
1322 2407 1400 2431 non
1431 2393 1539 2432 ducit

144 2455 302 2482 uxorem
324 2452 362 2483 et
383 2459 470 2484 vere
491 2446 679 2493 continet,
704 2447 842 2486 melius
864 2449 990 2486 facere
1011 2449 1231 2487 secundum
1254 2447 1504 2497 Scripturam.

200 2510 258 2535 20.
292 2499 443 2537 Eadem
475 2507 532 2537 est
560 2500 656 2538 ratio
687 2515 779 2539 usus
813 2501 1081 2540 Eucharistiae
1113 2502 1185 2539 sub
1215 2508 1377 2550 utraque
1408 2501 1539 2551 specie
