1715 2780
206 107 251 142 18
317 107 437 144 THE
476 104 835 145 COMMISSION
875 104 946 143 OF
985 102 1392 144 INDULGENCES
1430 101 1506 141 TO
1573 107 1596 147 7

257 209 370 255 Item,
393 209 540 248 multae
559 207 658 247 aliae
678 207 884 247 facultates
904 205 1110 254 habentur,
1133 219 1236 257 quae
1255 218 1375 246 causa
1393 203 1594 246 brevitatis

201 262 446 303 omittuntur.

231 346 239 352 .
258 316 436 356 Idcirco¹
457 318 675 368 perpendat
700 316 869 368 populus
890 316 999 367 quod
1019 314 1084 355 hic
1105 322 1163 356 est
1184 316 1326 355 Roma.
1387 314 1469 353 Ista
1489 325 1597 352 nunc

202 378 261 409 est
297 371 463 412 ecclesia
494 371 626 410 Sancti
660 370 775 418 Petri,
810 378 848 409 et
878 369 1067 410 ecclesiae
1101 382 1208 410 nunc
1236 368 1455 409 visitandae
1484 373 1598 408 erunt

202 427 290 464 loco
311 425 564 465 ecclesiarum
586 427 740 466 Romae
761 424 1055 464 visitandarum.
1116 425 1172 463 Hi
1201 424 1444 483 confessores
1465 421 1599 472 poeni-

203 478 371 518 tentiarii
399 487 489 518 sunt
517 486 554 518 et
580 487 747 531 possunt
769 478 868 517 sicut
889 478 1033 518 summi
1059 476 1349 529 poenitentiarii
1369 476 1410 516 in
1433 473 1599 515 ecclesia

204 533 336 572 Sancti
358 533 472 572 Petri.
534 535 644 573 Deus
665 542 703 572 et
730 535 896 573 Sanctus
922 535 1059 572 Petrus
1083 539 1228 571 vocant
1248 544 1328 571 vos.
1387 528 1599 581 Disponite

204 600 295 638 ergo
314 588 365 626 ad
386 595 535 626 tantam
551 587 714 638 gratiam
735 587 1071 637 consequendam,
1090 593 1128 626 et
1143 599 1214 636 pro
1235 586 1359 626 salute
1379 583 1598 643 animarum

203 649 417 680 vestrarum
435 649 472 680 et
494 642 769 680 defunctorum
787 648 1015 680 vestrorum.
1056 640 1190 679 Nolite
1207 652 1298 690 ergo
1311 640 1486 679 tardare:
1508 636 1601 689 quia

205 709 283 746 qua
303 697 399 734 hora
419 709 500 734 non
522 695 666 745 putatis
689 695 809 734 Filius
830 694 1003 734 hominis
1023 694 1165 734 veniet.

260 751 373 794 Item,
398 757 713 796 murmuratores,
746 750 984 791 detractores
1014 756 1053 788 et
1087 748 1412 799 qualitercunque
1444 754 1483 786 et
1506 758 1601 797 quo-

206 805 499 864 niodocunque,
522 805 669 844 directe
699 805 760 842 vel
788 803 990 850 indirecte,
1012 802 1171 853 publice
1189 803 1251 842 vel
1280 802 1447 849 occulte,
1469 799 1600 839 huius-

206 858 315 897 modi
353 858 557 909 negotium
596 857 872 909 impedientes,
903 857 989 907 ipso
1019 858 1122 897 facto
1165 864 1256 896 sunt
1289 870 1312 895 a
1345 853 1601 896 Sanctissimo

209 914 257 951 D.
286 913 334 952 N.
358 915 464 972 Papa
492 914 627 952 Leone
655 911 857 963 praedicto
884 910 1439 952 excommunicati..1deo
1465 915 1601 949 cavete

207 980 256 1005 ne
277 966 431 1017 ponatis
451 980 495 1005 os
516 967 555 1004 in
577 968 743 1005 coelum.

246 1086 337 1133 No,
371 1087 412 1133 8.
474 1086 691 1132 Tetzel's
722 1086 986 1188 specimetn
1015 1096 1256 1132 sermons
1288 1084 1367 1130 for
1397 1083 1575 1140 par-ish

804 1156 942 1201 pnes
969 1157 1009 1191 s,

724 1221 860 1260 Sermo
888 1220 1098 1260 secundus.

264 1283 511 1327 Venerabilis
543 1284 729 1332 Domine,
760 1298 855 1335 rogo
884 1292 927 1323 ut
956 1283 1081 1324 velitis
1110 1284 1259 1343 populo
1282 1281 1395 1322 vobis
1424 1280 1604 1321 subiecto

210 1338 399 1386 intimare,
424 1353 474 1379 ne
504 1347 653 1378 tantam
683 1338 846 1390 gratiam
876 1340 927 1378 ad
957 1339 1163 1378 salvandas
1192 1350 1344 1377 ammas
1372 1348 1603 1376 concessam

210 1392 405 1444 negligere
431 1393 736 1434 velit..Nor1
762 1392 906 1432 auditis
932 1405 1072 1432 vocem
1096 1398 1301 1443 parentum
1328 1397 1546 1430 vestrorum
1566 1397 1605 1428 et

210 1447 375 1486 aliorum
397 1448 675 1488 defunctorum
692 1446 946 1486 clamantium
963 1454 1001 1486 et
1022 1445 1263 1505 dicentium:
1287 1448 1296 1466 ‘
1311 1447 1331 1466 ‘⁴
1346 1442 1603 1489 Miseremini,

213 1501 451 1541 miseremini
481 1501 568 1550 mei,
606 1503 744 1540 saltem
779 1514 846 1540 vos
874 1500 991 1539 amici
1025 1500 1114 1548 mei,
1147 1499 1239 1551 quia
1271 1512 1411 1538 manus
1442 1496 1606 1538 Domini

212 1555 337 1606 tetigit
366 1569 429 1596 me
442 1556 515 1579 ”²
505 1570 515 1604 3
552 1555 645 1616 quia
673 1569 808 1595 sumus
838 1555 879 1593 in
908 1553 1124 1594 durissimis
1153 1552 1292 1613 poenis
1321 1560 1360 1592 et
1388 1552 1604 1598 tormentis

212 1623 234 1647 a
265 1609 408 1660 quibus
447 1609 614 1661 possetis
653 1623 726 1649 nos
764 1623 882 1660 parva
920 1610 1172 1659 eleemosyna
1209 1606 1412 1654 redimere,
1448 1613 1487 1645 et
1524 1617 1606 1646 non

213 1663 352 1702 vultis.’
420 1663 614 1714 Aperiatis
652 1676 776 1711 aures,
817 1663 909 1714 quia
947 1670 1057 1714 pater
1094 1663 1146 1702 ad
1176 1661 1300 1701 filium
1331 1667 1370 1700 et
1404 1666 1526 1699 mater
1557 1659 1608 1700 ad

215 1716 333 1756 filiam
355 1719 439 1765 διο,
462 1717 664 1757 dicentes:
696 1719 853 1766 ‘Quare
882 1716 982 1756 sicut
1013 1718 1122 1755 Deus
1153 1713 1433 1767 persequimini
1461 1726 1536 1773 rne,
1568 1719 1607 1752 et

214 1770 396 1810 carnibus
426 1771 523 1810 meis
553 1770 829 1810 saturamini?
844 1772 857 1791 ³
899 1770 1012 1822 quasi
1041 1770 1226 1818 dicendo,
1250 1770 1358 1809 ‘Nos
1386 1766 1606 1819 genuimus,

214 1823 393 1872 aluimus,
415 1825 730 1874 gubernavimus,
754 1825 859 1864 bona
879 1833 1013 1864 nostra
1039 1822 1269 1875 temporalia
1288 1821 1549 1872 relinquendo
1569 1827 1608 1859 et

215 1878 307 1916 estis
344 1886 424 1916 tam
459 1880 637 1918 crudeles
669 1886 706 1918 et
740 1880 838 1926 duri,
879 1880 988 1930 quod
1029 1891 1135 1918 nunc
1173 1885 1282 1917 tanta
1319 1875 1503 1916 facilitate
1535 1887 1607 1914 nos

215 1930 378 1970 liberare
410 1932 585 1982 possetis,
617 1945 699 1971 non
728 1934 844 1971 vultis
873 1932 1175 1983 permittitisque
1204 1931 1243 1971 in
1273 1929 1441 1971 flammis
1470 1928 1606 1975 iacere,

215 1984 378 2035 gloriam
399 1985 514 2025 nobis
536 1985 768 2036 promissam
790 1987 1012 2025 tardantes)

766 2059 903 2096 Sermo
922 2056 1069 2096 tertius.

270 2119 516 2160 Venerabilis
538 2120 722 2168 Domine,
747 2134 816 2161 oro
837 2129 879 2160 ut
898 2121 1037 2161 ovibus
1058 2120 1194 2161 vestris
1219 2132 1309 2160 meo
1336 2118 1498 2160 nomine
1518 2117 1609 2159 talia

219 2175 344 2214 facere
364 2175 482 2213 verba
502 2174 639 2222 velitis,
662 2183 704 2213 ut
726 2177 862 2214 oculos
883 2175 1025 2214 mentis
1045 2175 1194 2226 aperire
1215 2174 1335 2213 velint
1361 2172 1609 2212 considerare

218 2236 406 2278 quantam
445 2228 606 2278 gratiam
647 2236 684 2267 et
723 2230 873 2268 donum
914 2228 952 2268 in
984 2228 1132 2268 foribus
1165 2228 1387 2268 habuerunt
1425 2234 1463 2265 et
1500 2239 1607 2265 nunc

218 2282 377 2322 habent.
436 2283 538 2321 Vere
569 2281 673 2322 beati
713 2282 816 2321 oculi
847 2283 912 2333 qui
945 2282 1080 2322 vident
1113 2282 1222 2332 quod
1252 2280 1324 2331 ipsi
1355 2281 1489 2321 vident
1520 2310 1527 2317 .
1560 2310 1566 2318 .
1601 2309 1608 2316 .

219 2335 392 2387 Capiatis
423 2334 551 2376 literas
586 2335 679 2374 salvi
710 2337 931 2375 conductus
960 2350 982 2374 a
1002 2335 1160 2376 Vicario
1191 2337 1240 2376 D.
1257 2336 1306 2394 Ν.
1327 2336 1358 2375 Ι.
1376 2335 1434 2381 C.‚
1465 2333 1610 2386 quibus

220 2389 485 2430 mediantibus
512 2389 686 2442 poteritis
713 2389 885 2429 animam
907 2403 928 2427 a
951 2389 1132 2429 manibus
1159 2387 1407 2429 inimicorum
1434 2386 1607 2434 liberare,

308 2488 452 2520 ¹Senno
469 2488 602 2529 primus.
823 2487 921 2526 *Job
939 2487 1002 2519 xix.
1024 2495 1073 2519 21.
1295 2486 1373 2517 ³ib.
1392 2486 1453 2517 xix.
1475 2493 1522 2516 22.
