1715 2780
189 122 265 169 646
359 118 479 159 THE
512 119 838 160 DISCIPLINE
870 118 930 156 IN
963 114 1206 164 GENEVA,
1241 117 1421 167 1542—64
1516 124 1585 163 315

440 225 529 267 No.
553 235 644 277 315.
692 223 953 274 ServetuS,
986 232 1040 275 27
1072 221 1182 268 Oct.
1213 231 1335 275 1553.

244 318 301 367 (a)
336 319 426 355 Tres
453 317 681 365 quaestiones
710 316 766 352 Io.
794 314 953 353 Calvino
973 314 1194 363 propositae
1222 326 1246 350 a
1275 314 1336 351 M.
1368 314 1530 360 Servem,

815 379 993 420 1539-41·

250 459 298 489 10.
331 452 394 488 An
427 450 548 487 homo
582 450 694 487 lesus
724 447 930 486 crucifixus
963 447 1011 486 sit
1043 446 1162 485 Filius
1200 446 1299 485 Dei:
1339 453 1377 484 et
1406 459 1507 496 quae
1537 445 1585 485 sit

189 504 304 543 huius
327 503 524 542 filiationis
545 502 671 540 ratio?

247 567 298 598 20.
331 560 394 596 An
425 570 587 608 regnum
619 555 765 596 Christi
795 555 843 594 sit
872 556 911 593 in
942 554 1193 594 hominibus:
1225 554 1385 604 quando
1415 553 1501 604 quis
1532 554 1584 591 in-

190 612 398 662 grediatur,
420 619 458 650 et
479 611 640 661 quando
660 611 939 660 regeneretur?

246 674 298 716 30.
332 668 395 703 An
414 666 637 715 Baptismus
656 663 799 704 Christi
817 663 960 703 debeat
981 665 1020 701 in
1041 664 1120 702 fide
1141 662 1222 701 fieri
1239 662 1339 701 sicut
1356 662 1517 702 Coena:
1548 669 1585 700 et

191 733 379 772 quorsum
401 721 499 758 haec
521 720 696 757 instituta
718 718 795 756 sint
818 719 994 757 Foedere
1016 719 1164 756 Novo?

246 775 299 824 (b)
333 774 450 811 From
480 787 503 811 a
535 775 643 811 letter
667 772 713 821 of
738 773 878 811 Catvz'n
906 778 943 810 to
957 773 1064 822 seara
1084 772 1250 817 Frellon,
1273 785 1297 808 α
1317 771 1520 821 publisher
1545 776 1588 808 at

191 831 328 877 Lycms,
350 840 391 880 15
413 829 496 866 libb.
520 826 877 878 [547.—Seigneur
897 827 1036 876 Jehan‚
1061 838 1159 875 pour
1186 838 1231 863 ce
1258 837 1335 875 que
1355 838 1424 863 vos
1454 825 1585 863 lettres

192 883 388 921 dernieres
412 895 474 920 me
495 883 622 920 furent
642 879 849 931 apporte'es
871 894 936 919 sur
952 893 1046 919 mon
1063 879 1309 929 partement,¹
1329 880 1367 929 je
1387 879 1495 917 n'eus
1516 891 1584 928 pas

192 936 298 975 loisir
318 938 368 976 de
389 937 483 975 faire
504 948 691 986 response
711 936 733 972 ὲ
753 947 798 973 ce
819 934 886 984 qui
908 935 1024 973 estoit
1044 934 1178 972 enclos
1195 934 1376 972 dedans.²
1434 933 1585 982 Depuis

194 1004 287 1030 mon
308 991 466 1037 remur,3
485 1004 534 1028 au
556 989 723 1040 premier
744 989 849 1027 loisir
871 1002 948 1038 que
967 989 1040 1038 j'ay
1057 1001 1117 1035 eu,
1137 989 1210 1038 j'ay
1226 986 1318 1026 bien
1340 988 1459 1025 voulu
1480 985 1586 1025 satis-

193 1045 285 1083 faire
303 1045 325 1083 ὲ
340 1052 468 1083 vostre
490 1044 593 1083 desir
610 1059 616 1082 :
639 1056 719 1082 non
736 1042 847 1093 point
864 1056 941 1093 que
960 1044 1058 1092 j’aye
1074 1042 1196 1092 grand
1213 1040 1343 1092 espoir
1362 1041 1413 1079 de
1428 1041 1588 1091 profiter

193 1099 330 1149 gueres
359 1111 496 1137 envers
517 1100 569 1137 tel
590 1099 762 1144 homme,
787 1098 897 1135 selon
919 1110 995 1146 que
1014 1097 1052 1146 je
1076 1097 1112 1134 le
1134 1109 1206 1145 voy
1227 1094 1409 1145 dispose:
1441 1095 1538 1133 mais
1565 1095 1587 1132 ἐι

194 1155 245 1191 fin
269 1154 462 1203 d'essayer
483 1166 602 1191 encor
623 1153 678 1190 s'il
699 1165 721 1201 y
741 1165 833 1190 aura
855 1153 1025 1201 quelque
1046 1163 1190 1200 moyen
1210 1150 1260 1188 de
1280 1151 1316 1188 le
1337 1148 1501 1196 reduire‚
1520 1149 1586 1198 qui

194 1221 277 1246 sera
304 1208 439 1258 quand
469 1208 572 1245 Dieu
599 1219 691 1244 aura
719 1205 748 1244 si
777 1205 866 1244 bien
893 1204 1068 1255 besogne
1096 1217 1145 1243 en
1172 1205 1247 1253 luy,
1272 1202 1365 1253 qu'il
1394 1203 1589 1241 devienne

195 1269 280 1300 tout
313 1264 447 1300 aultre.
518 1263 621 1299 Pour
653 1274 697 1298 ce
733 1261 824 1310 qu’il
860 1261 1016 1298 m'avoit
1051 1257 1165 1297 escrit
1199 1259 1293 1296 d'un
1328 1256 1470 1306 esperit
1505 1263 1588 1294 tant

195 1316 374 1365 superbe,
397 1317 435 1365 je
456 1316 520 1364 luy
541 1329 586 1365 ay
608 1314 699 1353 bien
721 1315 840 1352 voulu
862 1313 1042 1351 rabbatre
1063 1326 1115 1350 un
1136 1311 1233 1362 petit
1258 1313 1308 1350 de
1335 1324 1407 1350 son
1428 1309 1587 1361 orgueil,

196 1371 347 1419 parlant
368 1371 389 1407 ἐι
410 1371 474 1419 luy
496 1371 581 1418 plus
603 1370 811 1407 durement
833 1381 909 1417 que
930 1381 993 1405 ma
1014 1374 1220 1405 coustume
1242 1379 1300 1404 ne-
1311 1372 1434 1416 porte.
1485 1363 1589 1403 Mais

194 1425 231 1473 je
254 1438 303 1462 ne
329 1425 399 1472 l'ay
422 1437 496 1472 peu
517 1422 611 1460 faire
638 1424 883 1460 aultrement.
908 1451 915 1459 .
939 1451 946 1459 .
971 1452 977 1459 .
1002 1421 1065 1459 S’il
1094 1421 1270 1469 poursuit
1294 1420 1385 1457 d’un
1413 1420 1465 1456 tel
1493 1419 1590 1467 style

196 1491 352 1516 comme
379 1477 404 1515 il
434 1490 455 1515 a
483 1478 574 1515 saict
607 1477 861 1521 maffitenant,
886 1489 982 1514 vous
1013 1474 1170 1524 1)erdres
1199 1482 1327 1523 temps
1357 1474 1379 1510 ἐι
1410 1486 1473 1511 me
1503 1473 1590 1523 plus

197 1533 382 1571 solliciter
412 1532 433 1569 Ξι
461 1530 652 1569 travailler
679 1543 816 1568 envers
847 1531 922 1578 luy,
946 1542 1009 1567 car
1037 1530 1111 1578 j’ay
1132 1528 1313 1567 d'aultres
1343 1528 1493 1565 affaires
1524 1525 1591 1576 qui

198 1599 261 1625 me
289 1593 466 1636 pressent
493 1586 543 1623 de
571 1586 656 1634 plus
688 1584 785 1634 pres.
847 1585 897 1621 Et
926 1582 1042 1621 ferois
1073 1581 1307 1620 conscience
1332 1581 1382 1619 de
1410 1582 1484 1630 rn'y
1504 1581 1591 1630 plus

198 1653 378 1690 occuper,
403 1653 453 1677 ne
477 1639 672 1678 doubtant
701 1651 768 1688 pas
798 1651 874 1687 que
901 1650 946 1676 ce
974 1649 1023 1675 ne
1051 1637 1127 1674 fust
1155 1649 1207 1673 un
1233 1636 1380 1673 Sathan
1404 1648 1502 1684 pour
1529 1647 1591 1671 me

199 1693 395 1733 distraires
417 1694 486 1732 des
507 1694 649 1731 aultres
671 1693 837 1730 lectures
860 1693 946 1741 plus
968 1692 1093 1729 utiles.
1117 1721 1123 1728 .
1148 1719 1154 1728 .
1178 1719 1185 1727 .

254 1748 302 1798 (c)
331 1749 446 1786 From
469 1762 491 1785 α
513 1749 621 1785 letter
638 1747 684 1794 of
701 1747 841 1785 Calvia
866 1751 902 1783 to
922 1746 1048 1791 Farel,
1073 1757 1112 1796 13
1134 1745 1218 1782 Feb.
1242 1743 1592 1794 1547.—Servetus

200 1815 325 1853 nuper
345 1803 394 1840 ad
418 1815 479 1839 me
502 1800 663 1851 scripsit,
688 1813 734 1838 ac
754 1799 888 1838 litteris
916 1798 1093 1837 adiunxit
1120 1799 1281 1847 longum
1301 1797 1487 1835 volumen
1509 1808 1594 1834 suo-

200 1869 285 1894 rum
308 1855 534 1895 deliriorum
548 1856 560 1875 2
576 1868 666 1893 cum
688 1855 910 1892 thrasonica
934 1853 1129 1898 iactantia,
1148 1864 1211 1890 me
1233 1851 1428 1901 stupenda
1448 1858 1486 1889 et
1507 1851 1593 1888 hac-

201 1918 315 1948 tenus
330 1910 505 1947 inaudita
518 1908 702 1947 visurum.
736 1909 774 1946 Si
789 1907 884 1945 mihi
899 1908 1060 1956 placeat,
1076 1907 1154 1944 huc
1167 1918 1208 1944 se
1222 1912 1428 1944 venturum
1443 1902 1592 1954 recipit.

201 1965 280 2002 Sed
298 1965 391 2001 nolo
408 1964 526 2001 fidem
545 1975 672 2000 meam
691 1962 951 2012 interponere.
994 1962 1096 1998 Nam
1114 1959 1145 1998 si
1159 1958 1317 2006 venerit,
1335 1959 1455 1997 modo
1469 1959 1593 1996 valeat

202 2031 290 2056 mea
310 2018 531 2062 auctoritas,
554 2016 684 2053 vivum
706 2015 808 2054 exire
830 2027 1033 2065 nunquam
1055 2014 1204 2063 patiar.⁴
1227 2043 1234 2051 .
1259 2044 1265 2051 .
1289 2043 1296 2050 .

258 2071 316 2121 (d)
348 2072 463 2109 From
484 2084 507 2108 a
524 2071 632 2108 letter
644 2070 691 2118 of
702 2071 889 2115 Ser-vesus,
907 2069 1016 2120 1548,
1034 2074 1069 2106 to
1083 2068 1184 2106 Abel
1194 2067 1358 2116 Poupi72‚
1381 2079 1404 2103 a
1424 2066 1598 2104 minister

203 2131 247 2163 at
269 2127 434 2172 Geneva,
456 2123 814 2176 1545—†56.—Hac
834 2123 946 2161 tertia
962 2122 1127 2172 epistola
1147 2129 1184 2159 te
1206 2122 1257 2158 ita
1279 2119 1471 2158 monitum
1493 2119 1594 2164 vole,

205 2187 246 2218 ut
276 2181 414 2218 melius
445 2179 602 2228 cogites,
636 2191 715 2216 non
745 2176 912 2226 amplius
948 2176 1000 2214 ita
1031 2174 1261 2214 moniturus.
1320 2173 1497 2213 Offendit
1527 2185 1594 2210 vos

249 2285 256 2302 ¹
283 2284 335 2314 To
354 2283 458 2317 Basel,
480 2292 519 2322 24
536 2282 609 2322 Jan.
631 2287 710 2322 1547
730 2281 807 2321 (Op.
826 2280 892 2310 xxi.
911 2280 960 2320 [ε
981 2280 1017 2311 C.
1032 2280 1075 2310 R.
1094 2278 1190 2319 xlix.]
1208 2279 1300 2319 395).

248 2328 259 2345 ²
283 2325 442 2358 Sem-etus'
462 2325 718 2357 Christianismi
732 2323 920 2360 Restitutio,
941 2323 1018 2354 with
1036 2323 1134 2362 thirty
1151 2322 1273 2362 letters,
1290 2321 1430 2361 refuting
1446 2319 1537 2361 point
1554 2319 1596 2359 by

207 2372 299 2413 point
316 2370 370 2401 the
387 2369 539 2410 teaehing
555 2369 590 2400 of
604 2369 721 2400 Calvin
742 2368 816 2408 (Op.
836 2367 902 2397 viii.
925 2367 974 2407 [ε
998 2367 1032 2397 C.
1047 2367 1088 2397 [ι’.
1108 2364 1232 2405 xxxvi.]
1250 2366 1312 2406 645
1323 2364 1421 2406 sqq.).

251 2413 263 2432 ³
286 2414 338 2445 To
356 2414 499 2449 Geneva,
522 2421 558 2444 10
574 2413 653 2444 Feb.
675 2420 755 2452 1547
776 2411 851 2452 (Op.
871 2411 934 2441 xxi.
954 2410 1004 2451 [=
1028 2411 1062 2441 C.
1079 2410 1119 2440 [ι’.
1136 2408 1231 2450 xlix.]
1253 2409 1340 2449 397).

252 2459 263 2477 ⁴
290 2458 343 2488 He
370 2461 457 2488 must
482 2456 565 2487 have
590 2456 716 2486 written
746 2456 776 2486 in
806 2455 860 2486 the
884 2463 972 2485 same
997 2464 1086 2485 sense
1110 2459 1143 2484 to
1168 2452 1338 2488 Servetus;
1370 2461 1421 2483 see
1445 2450 1500 2482 the
1522 2453 1597 2481 next

208 2507 337 2533 extract.

1687 587 1691 594 ,
1685 567 1690 577 >
1672 419 1690 559 Αὲῌμ
1676 406 1689 413 L
