1715 2780
143 152 180 180 11
370 142 488 180 THE
532 142 897 179 NINETY-FIVE
939 142 1164 188 THESES‚
1204 154 1300 192 1517
1495 156 1535 180 21

144 244 283 282 notices
297 245 336 281 of
348 245 437 281 such
452 244 667 290 University
678 245 868 280 exercises.
908 246 967 279 On
982 245 1044 280 the
1057 256 1160 280 same
1173 245 1246 290 day
1259 245 1305 280 he
1319 253 1399 280 sent
1414 256 1435 279 a
1450 257 1543 290 copy

144 292 185 328 of
201 294 316 338 them,
337 292 422 328 with
447 305 470 328 a
496 292 671 338 covering
690 292 779 337 [No.
802 290 859 336 12]
878 293 1013 334 letter,
1033 295 1079 328 to
1099 293 1259 335 Albert,
1277 293 1544 337 Archbishop

143 341 201 376 of
210 340 348 376 Mainz
376 340 437 384 (de
462 341 597 384 Wette,
624 339 797 374 Lntlzer’s
822 341 960 386 Briese,
988 339 1008 374 i.
1035 339 1118 384 67);
1158 340 1233 375 and
1263 340 1457 386 explained
1488 340 1544 375 his

144 387 301 434 position
326 394 366 422 to
385 388 447 423 the
465 388 595 433 people
620 387 657 422 in
676 399 697 422 a
717 387 806 433 [No.
831 386 888 431 13]
908 388 1083 422 Sermon
1107 399 1161 422 on
1186 388 1436 432 Indulgence
1462 390 1543 422 and

145 436 275 471 Grace
295 435 547 479 (Loescher,i.
565 435 638 480 469
652 446 756 481 sqq.;
782 442 825 470 tr.
846 435 1137 477 Gieseler‚Eccl
1161 436 1264 471 Hist.
1283 448 1315 470 v.
1335 436 1430 480 367).
1485 436 1544 470 He

145 494 219 518 was
244 483 432 518 confident
457 484 536 517 that
561 483 607 517 he
631 483 706 517 had
731 483 816 527 only
833 489 870 517 to
893 494 1027 527 expose
1052 483 1115 518 the
1138 483 1209 518 evil
1228 484 1423 520 attendant
1443 494 1543 527 upon

144 530 207 566 the
236 529 314 565 sale
340 529 381 565 of
406 529 646 574 indulgences
674 536 710 565 to
739 536 801 574 get
830 530 855 565 it
887 530 1074 565 removed.
1126 531 1193 565 ‘In
1221 530 1265 566 iis
1298 537 1419 565 certus
1454 529 1544 564 mihi

144 577 299 614 videbar
319 588 380 612 me
402 576 616 612 habiturum
636 584 836 622 patronum
857 579 1012 622 Papam,
1032 578 1135 613 cuius
1154 577 1289 613 fiducia
1307 584 1385 614 tarn
1405 577 1546 614 fortiter

146 624 303 668 nitebar,
329 624 391 670 qui
426 624 463 659 in
497 624 572 660 suis
600 624 758 660 decretis
789 625 993 660 clarissime
1023 625 1177 660 damnat
1207 632 1445 672 quaestorum
1479 625 1544 663 (ita

145 679 251 708 vocat
269 671 571 717 indulgentiarios
590 672 881 717 praedicatores)
902 672 1199 708 immodestiam!
1238 673 1402 707 Lutlzeri
1417 673 1544 718 Ρναςβ.

144 720 198 755 ad
213 720 356 765 Opera:
388 721 537 764 5Mart.
560 729 661 765 1545.

490 852 579 895 No.
603 863 652 894 11.
716 852 948 896 Luther's
979 853 1188 897 Theses.

200 950 425 1001 Disputatio
459 951 506 988 D.
544 950 702 989 Martini
746 952 894 990 Luther
928 951 1134 1002 Theologi‚
1170 964 1240 1001 pro
1279 952 1544 990 declaratione

145 1004 296 1043 virtutis
326 1004 678 1054 Indulgentiarum.

198 1061 345 1098 Amore
375 1065 413 1097 et
443 1058 574 1097 studio
603 1059 864 1098 elucidandae
894 1060 1065 1098 veritatis
1094 1061 1192 1100 haec
1223 1060 1442 1111 subscripta
1471 1061 1545 1099 dis-

144 1113 387 1164 putabuntur
416 1112 720 1163 Wittenbergae,
750 1114 997 1164 praesidente
1030 1117 1076 1153 R.
1108 1117 1149 1152 P.
1181 1114 1355 1153 Martino
1384 1116 1541 1162 Lutber,

144 1167 298 1206 Artium
326 1175 364 1206 et
390 1169 427 1206 S.
450 1167 693 1218 Theologiae
723 1168 926 1219 Magistro,
948 1169 1208 1219 eiusdemque
1230 1169 1378 1208 ibidem
1400 1171 1545 1208 lectore

144 1221 370 1263 ordinario„
412 1223 545 1271 Quare
572 1223 669 1272 petit
700 1231 741 1261 ut
771 1223 838 1273 qui
866 1237 945 1261 non
976 1231 1142 1273 possunt
1163 1223 1290 1262 verbis
1321 1231 1545 1273 praesentes

144 1276 352 1315 nobiscum
384 1275 615 1326 disceptare,
649 1284 766 1326 agant
805 1278 844 1316 id
885 1277 1002 1317 literis
1038 1278 1232 1317 absentes.
1296 1279 1342 1316 In
1383 1278 1544 1316 nomine

146 1332 193 1369 D.
217 1332 267 1370 N.
292 1332 322 1369 Ι.
347 1331 392 1371 C.
453 1331 593 1369 Amen.

203 1399 232 1423 1.
270 1385 467 1423 Dominus
507 1393 545 1423 et
577 1386 760 1436 magister
794 1394 927 1425 noster
968 1388 1079 1424 Iesus
1119 1386 1311 1434 Christus,
1346 1387 1544 1426 dicendo:

145 1439 433 1479 Poenitentiam
463 1438 576 1488 agite,
600 1442 685 1487 &c.,
709 1454 869 1479 omnem
901 1440 1019 1478 vitam
1052 1441 1226 1479 fidelium
1258 1441 1542 1490 poenitentiam

144 1506 228 1532 esse
258 1493 391 1532 voluit.

200 1561 234 1585 2.
265 1548 386 1597 Quod
417 1551 581 1589 verbum
616 1550 666 1588 de
696 1548 939 1599 poenitentia
974 1550 1258 1598 sacramentali,
1290 1550 1329 1589 id
1364 1558 1422 1589 est
1454 1563 1544 1588 con-

145 1601 324 1645 fessionis
338 1609 375 1641 et
390 1603 679 1651 satisfactionis,
695 1616 796 1653 quae
813 1605 1062 1643 sacerdotum
1082 1604 1298 1644 ministerio
1312 1604 1542 1651 celebratur,

144 1668 223 1694 non
245 1664 374 1706 potest
396 1658 569 1709 intelligi.

199 1724 233 1760 3
264 1712 359 1750 Non
386 1719 518 1752 tamen
546 1715 670 1752 solam
698 1711 867 1750 intendit
893 1712 1127 1760 interiorem,
1152 1713 1232 1752 imo
1258 1713 1416 1752 interior
1438 1714 1542 1751 nulla

144 1771 212 1811 est,
235 1764 307 1804 nisi
328 1766 420 1805 foris
439 1775 623 1827 operetur
644 1766 766 1805 varias
788 1766 914 1804 carnis
936 1767 1271 1806 mortificationes.

196 1832 232 1866 4.
266 1820 405 1859 Manet
437 1821 570 1871 itaque
609 1834 749 1872 poena,
781 1822 911 1859 donec
946 1830 1079 1861 manet
1111 1821 1247 1860 odium
1288 1821 1358 1869 sui,
1393 1821 1432 1860 id
1471 1830 1540 1869 est,

144 1873 386 1922 poenitentia
433 1889 522 1914 vera
570 1876 686 1922 intus,
730 1874 878 1914 scilicet
928 1889 1052 1925 usque
1095 1877 1145 1914 ad
1188 1876 1389 1915 introitum
1434 1877 1542 1927 regni

144 1928 357 1966 coelorum.

199 1993 233 2030 5.
266 1983 372 2033 Papa
398 1996 479 2022 non
503 1985 585 2022 vult
612 1997 685 2022 nec
711 1991 838 2034 potest
865 1985 961 2022 ullas
986 1997 1134 2034 poenas
1165 1984 1362 2024 remittere
1391 1994 1543 2035 praeter

145 2047 209 2073 eas
229 2049 326 2086 quas
347 2037 507 2076 arbitrio
527 2039 587 2077 vel
610 2051 681 2076 suo
703 2038 761 2076 vel
783 2051 983 2076 canonum
1005 2038 1200 2088 imposuit.

197 2091 231 2127 6.
263 2091 370 2140 Papa
391 2105 472 2130 non
493 2100 622 2142 potest
646 2092 843 2130 remittere
871 2093 990 2130 ullam
1015 2094 1184 2142 culpam,
1208 2092 1281 2131 nisi
1303 2094 1542 2133 declarando

143 2150 181 2181 et
211 2145 471 2194 approbando
503 2146 705 2184 remissam
741 2160 763 2185 a
795 2147 894 2193 Deo,
926 2154 992 2184 aut
1023 2155 1126 2185 certe
1157 2147 1396 2186 remittendo
1428 2161 1540 2187 casus

145 2206 357 2237 reservatos
379 2199 464 2246 sibi,
488 2200 632 2250 quibus
654 2200 892 2260 contemptis
914 2202 1029 2251 culpa
1050 2215 1206 2251 prorsus
1227 2211 1456 2242 remaneret.

201 2263 234 2299 7.
265 2252 372 2291 Nulli
412 2267 568 2303 prorsus
604 2254 763 2293 remittit
803 2256 910 2293 Deus
950 2257 1117 2305 culpam,
1161 2256 1255 2305 quin
1296 2258 1410 2294 simul
1450 2271 1538 2296 eum

146 2304 324 2344 subiiciat
345 2307 626 2346 humiliatum
617 2322 655 2346 in
677 2309 863 2347 omnibus
884 2309 1077 2348 sacerdoti
1099 2323 1171 2347 suo
1193 2310 1346 2349 vicario.

199 2360 233 2396 8.
267 2360 451 2400 Canones
481 2362 781 2422 poenitentiales
816 2364 942 2401 solum
978 2363 1199 2402 xiventibus
1233 2374 1323 2402 sunt
1355 2365 1538 2414 impositi,

146 2411 321 2463 nihilque
351 2415 546 2454 morituris
577 2418 797 2455 secundum
829 2418 989 2456 eosdem
1021 2418 1139 2456 debet
1170 2418 1332 2468 imponi.

200 2480 232 2515 9.
267 2469 367 2507 Inde
383 2469 485 2508 bene
502 2470 616 2509 nobis
633 2471 723 2509 facit
745 2471 909 2521 Spiritus
931 2480 1089 2510 sanctus
1112 2473 1149 2510 in
1171 2486 1282 2531 Pap&
1306 2472 1540 2521 excipiendo

146 2518 185 2562 in
206 2520 283 2559 suis
305 2523 471 2562 decretis
491 2538 645 2574 semper
665 2524 871 2564 articulum
894 2525 1029 2563 mortis
1051 2534 1088 2563 et
1109 2526 1286 2563 necessit
1281 2525 1362 2563 rtis.
