1715 2780
226 118 273 155 92
675 102 1123 143 MELANCHTHON
1569 107 1620 150 47

226 209 412 247 adversus
447 208 699 249 daemonem
733 219 904 253 carnem,
934 213 972 244 et
1004 206 1198 243 mundum
1232 203 1380 264 erigas3
1417 205 1622 254 quomodo

228 261 427 300 adflictam
457 260 741 300 conscientiam
771 259 995 299 consoleris.
1055 258 1212 298 Scilicet
1241 257 1314 297 ista
1342 259 1488 297 docent
1513 259 1622 297 scho-

227 315 381 354 lastici?
456 316 600 353 Paulus
649 314 689 352 in
729 315 907 364 Epistola
945 326 1064 363 quarn
1104 312 1296 352 Romanis
1335 311 1489 359 dicavit,
1531 326 1622 351 curn

229 369 430 409 doctrinae
479 368 725 409 Christianae
774 367 1057 418 compendium
1105 366 1383 414 conscriberet,
1429 379 1524 404 num
1573 367 1623 405 de

229 423 420 474 mysteriis
441 422 657 469 Trinitatis,
676 424 726 461 de
748 423 868 461 modo
891 420 1192 468 Incarnationis,
1211 421 1261 460 de
1281 419 1478 459 creatione
1497 419 1624 458 activa

228 486 267 516 et
296 477 493 516 creatione
523 476 674 527 passiva
705 475 1084 526 philosophabatur?
1140 476 1194 513 At
1223 474 1319 524 quid
1345 473 1452 525 agit?
1509 475 1625 514 Certe

228 533 278 570 de
309 533 404 582 lege,
436 538 609 623 peccato,
642 529 762 580 gratia
792 543 813 568 e
843 529 985 579 quibus
1015 528 1111 567 locis
1143 528 1235 567 solis
1270 527 1415 568 Christi
1453 527 1625 578 cognitio

230 586 420 636 pendet..
475 586 648 634 Itaque
678 598 750 623 nos
779 583 951 633 aliquam
982 582 1269 621 delineabimus
1290 595 1425 642 eorum
1446 583 1623 620 locorum

229 639 420 678 rationem
460 638 526 689 qui
567 638 767 678 Christum
807 637 877 675 tibi
916 637 1209 684 commendent,
1242 635 1308 686 qui
1339 635 1621 675 conscientiam

230 694 480 740 confirment
500 692 567 742 qui
587 692 764 730 animum
785 692 971 730 adversus
993 692 1177 729 Satanam
1199 690 1356 740 erigant.

285 749 349 785 De
383 748 538 786 Gratia.
599 746 707 784 Sicut
736 747 797 784 lex
826 744 977 795 peccati
1008 744 1181 794 cognitio
1197 752 1266 792 est,
1289 744 1342 782 ita
1367 720 1624 794 Evangelium

231 800 438 851 promissio
458 799 603 850 gratiae
624 807 662 838 et
682 798 862 837 iustitiae.
886 829 892 836 .
918 829 924 836 .
949 830 955 836 .
975 798 1032 836 Sit
1051 798 1181 848 gratia,
1205 799 1323 845 favor,
1346 797 1622 844 misericordia,

230 854 397 905 gratuita
426 853 702 893 benevolentia
733 852 808 891 Dei
839 866 927 902 erga
957 865 1042 890 nos.
1068 883 1074 890 .
1097 883 1103 890 .
1128 883 1134 890 .
1160 853 1208 890 In
1229 865 1397 900 summa,
1417 865 1498 890 non
1518 851 1625 891 aliud

231 917 289 947 est
310 908 431 958 gratia
452 908 526 946 nisi
547 906 789 946 condonatio
811 920 879 945 seu
901 905 1077 945 remissio
1098 905 1260 956 peccati.
1285 937 1291 944 .
1316 936 1322 943 .
1350 937 1356 944 .

284 964 349 1000 De
368 962 640 1010 Iustfficatione
660 967 696 999 et
713 962 816 999 Fide.
878 959 1142 998 Iustificamur
1162 959 1276 1009 igitur
1296 973 1387 998 cum
1404 959 1625 998 mortificati

231 1030 298 1066 per
329 1017 466 1066 legem,
504 1015 779 1053 resuscitamur
812 1014 932 1052 verbo
963 1013 1107 1064 gratiae
1140 1026 1241 1063 quae
1275 1013 1313 1050 in
1347 1013 1504 1052 Christo
1542 1027 1627 1063 pro-

232 1070 350 1108 missa
381 1077 449 1116 est,
487 1082 555 1108 seu
592 1068 807 1118 Evangelio
841 1069 1094 1106 condonante
1133 1075 1306 1117 peccata.
1365 1068 1416 1105 Et
1455 1067 1508 1105 illi
1548 1068 1627 1106 fide

231 1125 505 1169 adhaeremus,
535 1122 630 1160 nihil
660 1122 887 1161 dubitantes
921 1121 1016 1171 quin
1051 1121 1196 1161 Christi
1230 1121 1375 1159 iustitia
1409 1120 1457 1159 sit
1497 1128 1628 1159 nostra

232 1177 389 1225 iustitia,
413 1177 508 1227 quin
540 1176 686 1216 Christi
717 1175 928 1215 satisfactio
949 1175 997 1214 sit
1018 1175 1188 1225 expiatio
1209 1174 1341 1222 nostri,
1364 1174 1460 1224 quin
1482 1174 1627 1214 Christi

231 1232 461 1270 resurrectio
491 1238 623 1270 nostra
653 1231 711 1269 sit.
772 1229 945 1268 Breviter
974 1229 1070 1267 nihil
1100 1228 1326 1267 dubitantes
1350 1228 1445 1278 quin
1466 1235 1628 1279 peccata

233 1286 347 1324 nobis
369 1286 594 1324 condonata
616 1286 703 1331 sint,
726 1291 763 1322 et
785 1284 861 1322 iam
884 1285 1008 1321 faveat
1030 1296 1075 1321 ac
1095 1283 1198 1322 bene
1219 1282 1311 1321 velit
1340 1284 1460 1321 Deus.
1518 1282 1627 1321 Nihil

232 1339 346 1389 igitur
375 1353 537 1390 operum
569 1347 802 1385 nostrorum,
826 1337 1077 1387 quantumuis
1108 1338 1213 1375 bona
1241 1344 1311 1375 aut
1328 1336 1534 1375 videantur
1561 1344 1628 1374 aut

233 1393 319 1440 sint,
344 1393 489 1431 iustitia
510 1401 609 1431 sunt.
670 1393 748 1430 Sed
770 1393 852 1430 sola
874 1393 970 1429 sides
991 1392 1041 1430 de
1062 1390 1328 1429 misericordia
1348 1398 1386 1429 et
1405 1389 1526 1440 gratia
1552 1390 1627 1429 Dei

234 1447 273 1485 in
297 1449 387 1485 Iesu
410 1446 568 1486 Christo
589 1446 735 1484 iustitia
755 1453 822 1484 est.
910 1444 1047 1493 .Quid
1068 1444 1182 1494 igitur
1205 1445 1332 1483 fides?
1390 1445 1628 1483 Constanter

233 1500 419 1539 adsentiri
441 1500 550 1539 omni
571 1500 691 1538 verbo
715 1499 832 1538 Dei..
857 1530 863 1535 .
889 1529 895 1536 .

287 1556 351 1592 De
379 1556 507 1604 sigmsss
567 1553 830 1612 Evangelium
850 1552 1150 1604 promissionem
1173 1566 1256 1591 esse
1277 1551 1421 1602 gratiae
1441 1551 1622 1591 diximus.

236 1611 355 1647 Porro
373 1608 703 1668 promissionibus
725 1621 922 1657 proximus
945 1620 1143 1657 srgnorum
1165 1608 1274 1645 locus
1295 1613 1366 1644 est.
1414 1606 1628 1645 Adduntur

235 1663 339 1700 enim
370 1662 409 1700 in
440 1661 646 1711 Scripturis
677 1675 749 1700 ceu
779 1661 891 1711 sigilli
917 1662 1001 1699 vice
1031 1660 1140 1711 signa
1170 1659 1497 1710 promissionibus
1526 1673 1627 1709 quae

235 1730 324 1755 cum
359 1717 601 1755 admoneant
632 1715 935 1765 promissionum
967 1722 1049 1753 tum
1081 1722 1185 1753 certa
1214 1713 1439 1753 testimonia
1471 1712 1627 1752 divinae

234 1770 445 1808 voluntatis
475 1770 551 1808 sint
581 1783 670 1820 erga
700 1783 783 1816 nos,
814 1776 1085 1819 testanturque
1114 1775 1220 1807 certo
1254 1774 1484 1818 accepturos
1518 1768 1628 1817 quod

234 1823 430 1874 pollicitus
451 1831 508 1862 est
532 1826 651 1862 Deus.
699 1825 746 1861 In
767 1836 839 1861 usu
862 1823 1060 1873 signorum
1082 1822 1308 1861 foedissime
1325 1829 1481 1860 erratur.
1522 1823 1626 1859 Nam

235 1879 393 1915 scholae
423 1891 513 1915 cum
543 1877 745 1927 disputant
775 1877 871 1927 quid
901 1877 1050 1916 intersit
1080 1875 1179 1915 inter
1213 1882 1455 1915 sacramenta
1488 1874 1627 1913 veteris

234 1944 280 1969 ac
310 1932 400 1969 novi
431 1930 664 1978 testamenti,
697 1930 737 1968 in
772 1930 1023 1969 sacramentis
1053 1929 1192 1969 veteris
1227 1928 1450 1968 testamenti
1484 1936 1628 1979 negant

236 1984 314 2022 vim
345 1984 462 2023 fuisse
492 1984 756 2023 iustificandi:
801 1984 892 2023 novi
922 1983 1174 2023 sacramentis
1205 1983 1381 2022 tribuunt
1410 1982 1489 2021 vim
1523 1982 1628 2021 iusti-

237 2037 392 2085 ficandi,
421 2037 628 2076 manifesto
655 2037 838 2075 nimirum
867 2052 1004 2077 errore.
1065 2039 1156 2077 Sola
1185 2037 1290 2076 enirn
1312 2037 1410 2075 fides
1431 2035 1624 2074 iustificat.

239 2091 408 2130 Proinde
437 2105 538 2141 quae
568 2091 766 2141 signorum
788 2099 925 2129 natura
947 2091 1005 2138 sit,
1029 2090 1212 2129 facillime
1233 2104 1278 2129 ex
1300 2089 1411 2128 Pauli
1432 2089 1625 2128 Romanis

235 2153 364 2195 potest
394 2144 566 2195 intelligi,
590 2144 657 2182 ubi
688 2146 738 2183 de
767 2145 1064 2183 circumcisione
1092 2144 1131 2182 in
1152 2143 1279 2194 capite
1300 2150 1438 2193 quarto
1458 2143 1626 2182 disserit.

269 2229 275 2237 .
300 2229 306 2236 .
332 2200 391 2236 Ex
421 2199 563 2248 quibus
593 2200 659 2248 qui
681 2198 729 2236 sit
750 2198 947 2248 signorum
970 2211 1062 2236 usus
1083 2199 1202 2236 credo
1222 2197 1319 2236 disci
1347 2209 1472 2246 posse.
1533 2198 1625 2235 Non

236 2253 447 2291 iustificant
477 2252 596 2302 signa,
629 2260 671 2289 ut
701 2253 916 2302 Apostolus
945 2253 1009 2299 ait,
1042 2250 1299 2290 Circumcisio
1338 2250 1435 2288 nihil
1473 2258 1545 2298 est,
1574 2250 1627 2289 ita

239 2306 463 2357 Baptismus
495 2306 591 2343 nihil
626 2314 694 2343 est.
755 2305 1005 2355 Participatio
1037 2318 1196 2343 mensae
1230 2303 1392 2342 Domini
1424 2303 1520 2341 nihil
1555 2312 1624 2352 est,

237 2362 307 2399 sed
327 2367 445 2399 testes
466 2367 556 2398 sunt
579 2361 637 2398 καὶ
659 2360 864 2412 σφραγῖδες
883 2359 1038 2398 divinae
1058 2357 1269 2396 voluntatis
1286 2371 1375 2408 erga
1390 2365 1451 2396 te:
1482 2357 1626 2408 quibus

237 2414 477 2454 conscientia
507 2421 572 2452 tua
602 2421 705 2452 certa
735 2415 929 2460 reddatur
962 2415 992 2451 si
1022 2414 1072 2452 de
1106 2412 1237 2463 gratia,
1268 2413 1317 2451 de
1352 2411 1627 2451 benevolentia

240 2468 313 2507 Dei
336 2482 423 2519 erga
454 2482 494 2506 se
532 2468 726 2507 dubitet..
785 2467 924 2507 .Fidei
966 2466 1194 2506 excitandae
1232 2465 1352 2516 gratia
1392 2465 1501 2516 signa
1535 2473 1626 2505 sunt
