1715 2780
93 88 152 126 σο
408 86 546 126 DIET
575 87 648 127 OF
677 78 1197 140 NURNBERG,1522—3
1421 105 1493 143 113

91 189 343 229 considerant
376 189 571 241 principes
602 198 640 230 et
671 191 831 242 Imperii
867 183 1036 240 ordines,
1072 206 1118 231 ex
1151 206 1231 243 quo
1265 193 1303 231 in
1339 195 1490 245 legibus

91 243 270 283 civilibus
291 245 399 282 nulla
408 257 547 305 poena
568 245 787 295 specialiter
807 259 923 296 super
942 246 1002 284 his
1023 245 1071 284 sit
1092 254 1246 294 statuta,
1266 248 1318 286 ob
1339 248 1379 287 id
1401 263 1492 288 con-

92 311 263 348 gruum.
314 297 436 348 ,ipsis
456 298 583 337 visum
604 306 673 347 est,
688 307 730 338 ut
751 301 846 338 tales
862 313 930 350 per
951 314 1085 338 eorum
1108 300 1336 349 ordinarios,
1359 303 1493 341 debita

92 365 222 412 poena
242 351 359 391 sacris
380 365 578 391 canonum
600 353 950 393 constitutionibus
971 368 1087 404 super
1107 356 1184 394 hoc
1204 369 1395 405 expressa,
1421 386 1428 394 .
1453 387 1460 394 .
1484 388 1491 395 .

90 405 339 456 puniantur..
389 407 494 445 ,Sed
511 408 620 457 quod
640 421 710 457 pro
727 408 893 447 tuitione
908 408 1188 447 iurisdictionis
1204 410 1494 450 ecclesiasticae

91 459 146 498 eis
179 460 367 499 auxilium
401 489 409 498 .
445 490 452 498 .
486 490 492 498 .
528 460 771 522 impendant,
803 469 841 500 et
871 475 987 513 super
1021 462 1081 500 his
1112 463 1298 502 omnibus
1333 465 1492 514 publica

90 515 277 553 mandata
314 513 470 562 faciant,
507 528 557 553 ne
591 515 787 566 quispiam
822 515 1040 555 ordinarios
1075 516 1114 554 in
1149 518 1357 567 punitione
1394 549 1400 556 .

90 568 227 606 talium
257 568 457 619 impediat,
481 569 551 607 sed
581 571 742 619 quando
770 570 865 608 alias
894 570 949 608 illi
978 578 1159 609 votorum
1189 579 1492 622 transgressores

90 621 130 660 in
151 621 331 661 ditione.
384 622 579 661 .alicuius
605 623 791 674 principis
813 626 873 663 vel
900 624 1104 675 potestatis
1135 626 1342 665 saecularis
1370 627 1493 666 delin-

88 683 264 726 querent,
287 651 395 726 quod
416 690 463 715 ex
482 684 576 714 tunc
597 677 741 716 debitis
763 707 771 716 .
794 708 801 716 .
824 709 831 717 .
854 678 992 729 poenis
1014 679 1237 729 puniantur.
1260 710 1266 717 .
1319 710 1325 718 .

299 764 392 808 No.
425 765 491 806 61.
552 764 660 807 The
693 765 912 808 Centum
944 766 1276 810 Gravamina.

145 853 175 877 1.
207 841 272 878 De
291 839 631 889 dispensationibus
659 853 745 878 aere
772 842 982 891 redemptis.
1044 842 1152 880 Inter
1181 842 1330 892 reliqua
1357 857 1487 891 onera,

87 895 148 932 vel
167 893 265 933 illud
286 893 449 932 minime
477 901 677 944 postremo
704 896 793 933 1000
821 902 881 933 est
902 896 1193 943 collocandum,
1216 899 1325 946 quod
1346 899 1487 936 consti-

88 947 306 986 tutionibus
327 947 510 986 humanis
532 949 655 986 multa
681 948 950 998 prohibentur,
975 949 1215 999 imperantur
1236 950 1329 989 item
1352 953 1485 1000 multa,

87 1014 189 1051 quae
218 1003 327 1040 nullo
357 1001 492 1040 divino
519 1010 730 1052 praecepto
760 1004 820 1040 vel
850 1002 1058 1041 interdicta
1088 1011 1178 1041 sunt
1199 1006 1259 1043 vel
1284 1004 1485 1054 imperata.

89 1056 211 1104 Quod
240 1069 363 1106 genus
394 1062 506 1094 sunt:
548 1056 894 1095 Matrimoniorum
925 1064 1005 1095 tam
1035 1057 1241 1096 innumera
1270 1059 1489 1109 excogitata

89 1109 306 1157 obstacula,
336 1124 382 1148 ex
411 1109 619 1156 affinitatis,
652 1110 833 1169 publicae
864 1111 1080 1149 honestatis
1111 1112 1358 1160 cognatione,
1381 1113 1488 1163 spiri-

87 1163 181 1201 tuali
201 1163 406 1214 legalique,
425 1170 462 1201 et
478 1163 828 1213 consanguinitatis
846 1171 925 1202 tam
943 1165 1075 1203 multis
1095 1165 1281 1215 gradibus
1295 1166 1486 1217 originem

85 1217 290 1255 trahentia.
349 1217 540 1257 Ciborum
570 1217 663 1256 item
692 1231 784 1256 usus
806 1218 1048 1257 interdictus.
1073 1250 1079 1257 .
1135 1221 1281 1258 .Haec
1302 1221 1487 1259 nimirum

85 1277 204 1321 atque
233 1270 279 1309 iis
309 1270 455 1309 similes
486 1273 708 1321 complures
743 1273 940 1311 humanae
975 1249 1276 1312 constitutiones
1310 1288 1486 1325 eousque

86 1323 206 1375 ligant
245 1324 427 1364 homines
460 1326 589 1364 donec
627 1327 796 1385 pecunia
827 1326 901 1364 sibi
934 1327 1072 1364 harum
1105 1328 1234 1376 legum
1270 1328 1432 1377 gratiam
1462 1343 1485 1366 a

87 1380 348 1418 statuentibus
375 1379 610 1439 1111ρο11001,-
639 1387 682 1417 ut
708 1379 762 1417 ita
785 1379 954 1429 pecunia
980 1380 1097 1419 faciat
1121 1380 1307 1420 divitibus
1335 1382 1484 1420 licitum

86 1433 195 1482 quod
223 1432 408 1472 tenuibus
438 1432 554 1485 gratis
585 1432 633 1471 sit
663 1433 916 1483 prohibi.tum
978 1434 1210 1485 Illicitisque
1240 1435 1299 1473 his
1326 1467 1332 1474 .
1361 1467 1367 1474 .
1393 1467 1399 1474 .
1431 1450 1485 1475 re-

87 1485 238 1525 tiaculis
272 1500 414 1537 magna
445 1500 699 1526 nummorum
734 1487 850 1538 copia
880 1501 903 1525 a
938 1488 1146 1527 Germanis
1178 1496 1236 1527 est
1275 1490 1483 1540 expiscata‚

86 1553 107 1578 e
128 1540 340 1579 Germania
360 1549 399 1580 et
419 1549 524 1580 trans
544 1542 666 1591 Alpes
687 1542 806 1580 lata..
830 1572 837 1580 .

143 1608 174 1631 2.
204 1596 269 1632 De
289 1600 449 1644 ternpore
467 1597 673 1633 znterdz'cto.
735 1595 822 1633 Pari
843 1597 965 1635 modo
980 1596 1106 1646 agitur
1126 1610 1216 1635 cum
1238 1597 1485 1637 celebrandis

86 1647 310 1698 nuptiarum
331 1649 560 1688 solennibus
587 1662 610 1686 a
633 1649 846 1688 Dominica
873 1650 1228 1701 Septuagesima..
1252 1652 1355 1689 .sub
1378 1653 1483 1700 Qua-

85 1701 326 1751 dragesimae
356 1716 481 1753 usque
510 1702 676 1749 initium,
709 1716 789 1753 quo
820 1711 1026 1763 tempore
1051 1733 1088 1741 ..
1113 1704 1269 1755 nuptias
1295 1706 1481 1743 celebrari

86 1754 337 1795 interdictum
364 1764 445 1796 est
466 1770 599 1817 quum
627 1764 759 1795 tamen
788 1757 942 1795 interim
964 1765 1002 1796 et
1031 1757 1081 1795 ab
1102 1758 1376 1797 ecclesiasticis
1401 1767 1439 1797 et
1459 1773 1482 1797 a

86 1809 349 1849 saecularibus
373 1810 518 1860 passim
546 1811 629 1848 sine
656 1810 882 1849 discrimine
911 1811 1069 1860 publice
1093 1812 1295 1862 genialiter
1319 1812 1481 1851 vivatur.

88 1863 165 1901 Sed
191 1862 245 1902 ita
273 1864 435 1903 demum
456 1864 708 1903 interdictum
737 1864 833 1902 illud
854 1865 1046 1915 procedit,
1067 1865 1098 1903 si
1118 1866 1234 1915 gratis
1256 1867 1332 1905 hoc
1354 1868 1480 1906 facere

87 1915 173 1966 quis
211 1917 402 1956 intendat.
474 1919 596 1967 Quod
635 1917 666 1955 51
705 1918 857 1956 11111111111
893 1932 981 1969 spes
1021 1919 1222 1966 refulserit,
1258 1920 1335 1958 iam
1370 1922 1479 1971 quod

87 1969 256 2020 primum
277 1979 357 2010 erat
378 1971 664 2021 prohibitum,
656 1985 849 2022 lmpune
837 1986 883 2010 ac
904 1973 1024 2011 libere
1046 1974 1173 2012 facere
1193 1951 1326 2012 licet..

141 2037 174 2073 3.
203 2026 267 2062 De
286 2027 460 2063 oneribus
484 2027 684 2075 papalzum
711 2027 1050 2075 ιιιῑίηίὲεηίιᾞνῑιυι
1109 2029 1213 2066 Illud
1235 2003 1483 2078 importabile

87 2076 163 2115 iam
189 2077 284 2116 olim
311 2078 504 2118 increbuit
534 2082 805 2117 Romanarum
833 2080 1163 2130 indulgentiarum
1185 2095 1296 2127 011115
1319 2084 1481 2131 quando

87 2131 160 2169 sub
173 2145 340 2181 persona
353 2132 518 2183 pietatis,
534 2146 655 2183 quum
670 2141 737 2171 aut
753 2134 939 2172 Basilicas
957 2137 1159 2173 Romanas
1174 2143 1400 2174 construere
1413 2145 1481 2174 aut

88 2185 398 2234 profectionem
390 2200 430 2224 m
450 2189 599 2225 Turcas
616 2201 749 2237 parare
770 2187 931 2238 polliciti
953 2196 1043 2226 sunt
1066 2189 1238 2226 Romani
1255 2189 1477 2236 Pontifices,

87 2250 246 2277 ornnem
261 2252 285 2277 a
297 2239 541 2290 simplicibus
557 2240 804 2291 nimiumque
821 2241 989 2280 credulis
1004 2242 1211 2281 Germanis
1233 2251 1479 2281 exsuxerunt.

88 2291 168 2329 Et.
222 2306 317 2342 ‚per
338 2294 406 2332 has
428 2294 662 2344 imposturas
682 2308 728 2332 ac
749 2308 881 2333 earum
898 2295 1163 2334 conductitios
1184 2310 1424 2346 praecones.

88 2322 289 2396 profligata
315 2354 373 2385 est
401 2361 587 2398 germana
616 2347 929 2387 Christianorum
957 2349 1107 2400 pietas,
1135 2351 1244 2409 dum,
1267 2350 1332 2399 0111
1355 2327 1477 2388 extru-

88 2398 180 2437 dere
216 2400 400 2439 volebant
446 2402 602 2439 venales
650 2415 739 2440 suas
780 2403 924 2450 Bullas,
972 2404 1107 2441 laudes
1155 2403 1234 2442 51115
1282 2403 1477 2441 mercibus

89 2451 332 2499 occinebant‚
363 2455 477 2493 miras
508 2463 546 2493 et
576 2455 770 2494 inauditas
791 2457 1007 2494 condonari
1031 2487 1035 2492 .
1061 2486 1066 2494 .
1092 2470 1270 2495 .noxas.
1295 2486 1299 2492 .
1324 2486 1331 2492 .
1356 2457 1476 2494 modo

146 2521 209 2552 944
777 2521 788 2546 1
