1715 2780
186 118 259 156 116
578 117 799 155 ADRIAN
831 118 889 155 VI
922 117 1041 156 AND
1072 118 1191 155 THE
1528 117 1577 154 61

183 220 259 258 hoc
279 219 475 258 adimatur
493 250 498 257 .
520 248 528 257 .
547 251 553 258 .
573 236 578 258 :
609 233 655 258 ac
671 219 826 259 interim
843 221 919 258 hoc
935 220 1170 269 praetexitur
1189 233 1212 258 a
1232 221 1326 259 sede
1345 220 1577 271 Apostolica

182 273 294 323 quasi
323 273 593 323 praeventioni
623 275 695 313 hac
726 274 765 312 in
787 288 826 313 re
847 273 896 312 sit
916 275 1040 322 locus,
1061 280 1102 312 ut
1123 273 1190 324 qui
1210 273 1314 324 prior
1338 274 1576 313 beneficium

182 327 279 366 illud
300 328 509 366 contulerit
529 329 638 378 quod
659 329 757 367 haec
777 335 909 367 teneat
929 327 1087 367 collatio
1101 342 1112 376 3
1141 327 1232 366 licet
1251 327 1405 379 patroni
1419 335 1575 379 tempus

183 383 387 432 quoddam
420 382 591 420 habeant
626 381 726 420 intra
757 382 867 420 cuius
900 389 1023 420 metas
1057 381 1251 420 beneficia
1281 395 1351 421 sua
1383 381 1506 421 libere
1539 390 1577 421 et

182 449 206 474 a
237 436 395 474 nemine
429 437 628 485 praeventi
661 437 836 474 conferre
865 435 1043 486 possint:
1082 449 1170 474 eam
1205 436 1258 474 ob
1292 449 1373 475 rem
1403 435 1577 487 patronis

185 519 191 527 .
223 518 230 526 .
263 519 270 526 .
301 503 346 528 ex
378 489 512 528 fictitia
544 491 618 528 hac
648 489 927 540 praeventione
957 491 1080 528 multa
1109 489 1230 528 oritur
1258 489 1416 528 iactura.
1474 491 1578 539 Qua-

182 551 340 594 propter
375 545 479 582 S.R.
498 545 530 582 Ι.
562 545 692 583 Status
727 543 982 583 Sanctitatem
1021 543 1293 593 Apostolicam
1331 543 1500 594 rogitant
1537 551 1580 582 ut

183 598 275 636 talia
303 597 527 648 gravamina
549 629 557 636 .
581 628 588 635 .
611 629 617 635 .
641 598 883 645 aboleantur,
915 605 952 636 et
982 599 1148 648 posthac
1176 597 1369 636 beneficia
1398 605 1579 637 vacatura

184 665 255 690 suo
276 665 457 702 quaeque
478 659 644 702 patrono
665 651 944 702 relinquantur.
967 681 975 689 .
998 682 1004 689 .
1026 681 1034 690 .

244 717 300 755 15.
333 707 397 743 De
434 707 681 744 ecclesiastice&
708 707 778 755 qui
802 708 959 753 Romae,
990 707 1053 744 vel
1084 707 1187 744 inter
1211 707 1373 744 eundum
1402 707 1576 753 Romam,

185 765 337 797 mortem
358 765 546 810 oppetunt.
607 762 719 808 Item,
743 768 781 798 et
802 766 885 798 tum
908 759 1126 799 Curtisanis
1148 790 1155 798 .
1180 790 1187 798 .
1210 791 1217 798 .
1241 759 1419 799 vacantia
1438 761 1580 799 collata

186 820 276 852 sunt
298 813 426 852 officia
446 822 485 852 et
505 813 709 861 beneficia,
733 827 823 852 cum
845 813 1052 852 familiares
1074 813 1297 852 Sanctitatis
1314 812 1414 853 Suae
1429 821 1496 852 aut
1511 813 1579 864 qui

186 867 328 907 Curiae
348 867 545 914 servirent,
561 869 620 906 vel
640 867 681 906 in
695 881 800 906 anno
817 868 925 917 quod
941 874 1083 906 vocant
1096 867 1276 907 Iubilaeo
1290 869 1390 907 inter
1402 869 1578 907 eundum

186 923 359 959 Romam
384 929 450 960 aut
476 921 594 960 etiam
617 924 770 960 Romae
790 929 951 972 agentes
972 929 1140 960 mortem
1160 921 1444 972 oppetiissent3
1482 929 1578 960 tam-

185 989 305 1025 quam
326 975 357 1014 si
379 975 571 1014 beneficia
592 977 689 1014 haec
709 975 802 1015 Sedi
822 975 1078 1025 Apostolicae
1091 983 1222 1014 essent
1238 975 1458 1024 commissa,
1474 983 1579 1014 recte

184 1037 304 1079 atque
324 1030 531 1068 feudorum
553 1029 712 1068 collatio
727 1031 996 1068 committitur.
1034 1031 1119 1068 Nec
1134 1029 1472 1069 consideratur...
1489 1029 1580 1067 talia

186 1083 402 1122 beneficia.
448 1083 554 1122 .de
545 1097 627 1122 lure
642 1091 870 1134 patronatus
884 1083 961 1122 sint
974 1097 1118 1122 necne:
1148 1097 1217 1134 per
1232 1084 1388 1134 quod..
1403 1082 1578 1134 ‚patroni

186 1137 390 1176 feudatarii
410 1114 543 1176 denuo
564 1137 681 1176 etiam
703 1137 784 1176 iure
804 1151 876 1176 suo
896 1144 1170 1188 patronatus.
1187 1137 1347 1188 .privati
1367 1144 1469 1177 sunt.

246 1202 302 1240 17.
337 1192 423 1240 Quo
451 1197 564 1242 pacto
597 1193 665 1229 sub
693 1198 902 1241 praetextu
929 1191 1226 1240 familzarztatis
1254 1193 1418 1242 Papalz‘s
1452 1204 1580 1229 curtae

219 1275 225 1282 .
249 1274 255 1281 .
277 1246 533 1294 beneficiormn
563 1253 640 1296 per
665 1247 878 1284 curtzkanos
909 1247 1155 1295 impugnetur
1184 1246 1341 1283 collatzo.
1364 1275 1372 1283 .
1396 1274 1405 1283 .
1427 1274 1434 1282 .
1493 1246 1579 1284 Nec

188 1298 317 1337 minus
347 1306 385 1337 et
414 1300 510 1337 illud
532 1306 687 1338 suetum
710 1301 913 1349 hucusque
934 1299 1005 1337 fuit
1026 1306 1068 1337 ut
1090 1328 1096 1336 .
1119 1328 1126 1336 .
1149 1329 1156 1336 .
1178 1300 1427 1349 quorundam
1449 1298 1581 1349 magni

187 1352 298 1402 pensi
320 1352 602 1391 beneficiorum
620 1353 693 1391 sub
710 1353 870 1391 nomine
892 1383 899 1390 .
924 1383 931 1390 .
954 1382 961 1390 .
982 1352 1230 1391 familiarium
1247 1354 1377 1403 Papae
1393 1360 1431 1392 et
1451 1353 1581 1391 curiae

218 1419 348 1456 ..per
386 1406 527 1445 idiotas
566 1414 604 1445 et
642 1406 787 1457 alioqui
827 1406 1020 1445 inhabiles
1053 1420 1239 1457 personas
1274 1406 1322 1445 sit
1354 1406 1582 1456 impugnata

187 1460 357 1506 collatio,
387 1473 433 1498 ac
463 1474 531 1510 per
560 1460 646 1499 illos
676 1467 892 1499 conatum.
916 1467 1016 1498 ..ut
1045 1460 1238 1499 beneficia
1267 1461 1364 1499 haec
1394 1460 1434 1498 in
1465 1461 1582 1499 Corn-

188 1514 352 1552 mendas
392 1527 460 1552 seu
500 1514 748 1553 Provisiones
786 1513 857 1565 (ita
895 1514 999 1553 enim
1040 1513 1113 1563 ipsi
1152 1513 1311 1564 vocant)
1345 1521 1500 1560 vertere,
1537 1526 1583 1552 ac

188 1567 371 1606 censibus
401 1567 542 1606 annuis
572 1568 743 1606 obnoxia
770 1569 933 1607 reddere
957 1575 1127 1618 queant:
1167 1567 1259 1606 hine
1279 1569 1582 1617 praetendentes

188 1634 395 1672 regressus,
421 1621 712 1670 reservationes,
736 1621 946 1672 pensiones
978 1652 985 1660 .
1012 1651 1047 1658 ..
1082 1621 1156 1660 sibi
1186 1621 1225 1659 in
1255 1621 1314 1660 his
1344 1629 1579 1672 competere.

190 1675 347 1724 Quibus
369 1704 375 1712 .
396 1705 402 1712 .
426 1706 433 1714 .
454 1675 556 1714 dolis
578 1706 585 1713 .
607 1706 614 1714 .
638 1707 645 1714 .
668 1675 861 1714 beneficia
882 1677 946 1714 illa
966 1675 1122 1725 penitus
1143 1682 1382 1726 exsuguntur
1403 1705 1409 1712 .
1431 1705 1438 1712 .
1460 1705 1466 1713 .
1489 1688 1580 1714 cum

187 1736 379 1779 perpetuo
401 1731 607 1768 Romanae
628 1729 770 1769 Curiae
791 1729 1048 1780 pensionibus
1068 1728 1209 1767 annuis
1229 1729 1410 1768 serviunt.
1432 1759 1439 1766 .
1461 1758 1468 1767 .
1492 1759 1499 1767 .

248 1785 305 1820 18.
341 1784 454 1829 Item,
491 1783 649 1822 obviam
683 1783 846 1822 veniunt
880 1790 917 1821 et
951 1790 1035 1821 tum
1070 1782 1277 1822 Germanis
1310 1796 1391 1822 non
1422 1783 1583 1821 ferenda

188 1848 211 1873 a
241 1836 457 1875 Curtisanis
482 1850 612 1875 onera.
672 1839 732 1875 Ita
761 1837 866 1875 enirn
893 1850 961 1887 per
985 1836 1239 1876 Germaniam
1267 1835 1400 1875 subtili
1424 1835 1582 1886 ingenio

189 1896 380 1927 venantur
414 1897 455 1928 ut
489 1898 682 1929 conentur
715 1890 804 1929 viris
844 1890 1083 1940 Presbyteris
1121 1898 1248 1929 aetate
1286 1897 1325 1929 et
1363 1889 1582 1940 integritate

189 1942 291 1980 vitae
325 1943 605 1992 spectabilibus
639 1944 706 1994 qui
738 1944 931 1982 beneficia
963 1957 1033 1982 sua
1063 1973 1069 1981 .
1102 1974 1108 1982 .
1139 1974 1146 1981 .
1177 1945 1321 1982 multos
1351 1943 1427 1982 iam
1455 1956 1582 1981 annos

190 1996 321 2045 quiete
342 1998 598 2046 possederant
616 2027 622 2035 .
641 2028 648 2034 .
673 2027 679 2034 .
697 1997 985 2047 possessionem
1008 1997 1264 2036 interturbare
1284 1999 1335 2036 ad
1357 1999 1581 2036 Romanam

192 2049 351 2088 Curiam
374 2050 627 2099 personaliter
647 2058 689 2089 ut
710 2059 973 2101 compareant,
995 2050 1034 2088 in
1055 2051 1115 2090 ius
1135 2064 1274 2090 vocare
1294 2065 1340 2089 ac
1365 2050 1471 2089 mille
1497 2049 1581 2088 aliis

190 2103 337 2141 artibus
368 2103 420 2141 ita
454 2116 520 2142 eos
554 2105 710 2153 adigere
744 2112 786 2142 ut
825 2104 1107 2143 transactiones
1139 2104 1389 2154 quantumvis
1428 2105 1582 2154 iniquas

191 2156 287 2194 inire
325 2170 532 2195 necessum
571 2158 754 2204 habeant,
796 2159 916 2196 modo
956 2171 1159 2208 supremos
1190 2160 1263 2197 hos
1296 2171 1422 2196 annos
1451 2157 1583 2207 quiete

191 2223 304 2259 agere
333 2210 463 2248 velint.
520 2211 725 2261 Coguntur
754 2211 859 2249 enim
890 2212 965 2249 hoc
991 2241 998 2249 .
1020 2241 1028 2249 .
1050 2241 1057 2248 .
1083 2212 1203 2250 modo
1232 2225 1256 2249 a
1285 2210 1501 2251 Curtisanis
1530 2211 1581 2249 ad

192 2262 402 2313 pensiones
440 2277 602 2311 annuas,
639 2271 831 2302 reservata
865 2271 903 2302 et
937 2264 977 2302 id
1011 2277 1133 2314 genus
1165 2264 1258 2302 alias
1290 2263 1581 2314 praestationes.

193 2319 325 2367 Atque
354 2318 430 2355 hoc
459 2326 579 2367 agunt
609 2317 805 2357 Curtisani
836 2318 1054 2356 nebulones
1085 2331 1164 2356 non
1189 2318 1354 2368 propria,
1378 2324 1420 2355 ut
1440 2318 1579 2364 ferunt,

191 2370 432 2418 auctoritate,
456 2372 526 2409 sed
556 2372 827 2409 Romanorum
859 2384 1017 2409 suorum
1042 2378 1276 2409 statutorum
1297 2384 1342 2409 ac
1362 2372 1581 2421 regularum

191 2437 288 2473 quas
309 2431 450 2463 vocant
472 2424 747 2464 Cancellariae.

250 2491 309 2516 21.
340 2479 404 2515 De
441 2479 709 2517 Ecclesiastictk
747 2478 936 2527 beneficiis,
978 2479 1122 2516 curatis
1159 2484 1194 2515 et
1236 2491 1310 2516 non
1348 2479 1501 2524 cetratis,
1541 2478 1581 2515 in
