1715 2780
186 114 258 151 282
444 113 565 151 THE
596 113 733 151 DIET
762 113 835 152 OF
863 113 1183 161 AUGSBURG,
1218 124 1318 162 1530
1508 115 1573 152 116

186 219 300 256 Haec
338 218 370 255 si
408 216 495 267 quis
539 216 631 256 velit
675 215 813 256 odiose
854 229 1094 267 exaggerare,
1135 230 1254 267 quarn
1292 217 1415 255 multa
1452 216 1576 267 possit

184 272 375 321 colligere,
405 284 574 321 quorum
603 270 681 309 iam
708 270 814 321 ipsos
842 272 1060 310 monachos
1088 272 1237 320 pudet!
1297 273 1358 309 26.
1386 271 1455 309 Ad
1476 271 1574 310 haec

184 332 459 374 persuaserunt
507 324 744 371 hominibus,
791 324 965 363 facticias
1021 324 1228 374 religiones
1284 338 1371 364 esse
1426 331 1572 363 statum

184 378 432 418 Christianae
478 378 742 428 perfectionis.
827 381 976 416 Annon
1023 386 1082 417 est
1127 379 1205 417 hoc
1255 377 1573 418 iustificationem

183 432 353 471 tribuere
383 432 597 482 operibus?
657 444 716 481 27.
748 433 841 471 Non
869 439 927 470 est
956 433 1041 470 leve
1068 433 1298 471 scandalum
1327 431 1369 470 in
1395 431 1571 479 ecclesia,

183 488 332 536 populo
370 499 589 536 proponere
627 493 777 524 certum
811 487 961 525 cultum
984 486 1036 524 ab
1065 485 1292 525 hominibus
1312 487 1574 536 excogitatum

185 540 268 578 sine
311 541 500 579 mandato
545 539 634 588 Dei,
676 547 715 579 et
757 541 900 579 docere
947 541 1056 589 quod
1100 539 1186 579 talis
1227 541 1355 579 cultus
1393 539 1575 578 iustificet

184 594 389 633 homines:
436 594 528 643 quia
559 593 705 632 iustitia
736 593 839 641 fidei,
873 607 992 644 quam
1022 593 1191 633 maxime
1220 601 1375 644 oportet
1405 593 1505 632 tradi
1533 593 1574 631 in

184 648 361 695 ecclesia,
384 647 625 695 obscuratur,
649 660 770 698 quum
784 647 873 686 illae
894 647 1080 687 mirificae
1100 647 1307 698 religiones
1319 649 1574 698 Angelorum,

184 701 382 740 simulatio
411 703 659 752 paupertatis
695 708 731 739 et
759 702 990 740 hmm'lz‘tatis
1020 708 1057 740 et
1083 703 1288 741 caelibatus
1318 702 1575 741 offunduntur

184 755 306 794 oculis
328 755 547 795 hominum.

242 812 301 847 28.
334 812 538 848 Praeterea
576 810 835 848 obscurantur
873 817 1082 860 praecepta
1118 810 1193 849 Dei
1231 816 1270 848 et
1303 820 1416 848 verus
1447 811 1574 848 cultus

187 863 275 911 Dei,
297 877 420 913 quum
441 865 607 902 audiunt
627 863 808 902 homines
829 865 934 902 solos
962 864 1179 902 monachos
1203 876 1289 902 esse
1308 863 1349 902 in
1373 871 1474 902 statu
1495 876 1576 914 per-

184 916 387 965 fectionis3
417 917 508 967 quia
534 917 722 967 perfectio
753 916 974 957 Christiana
1001 924 1060 956 est
1084 917 1184 956 serio
1207 917 1343 956 timere
1371 919 1514 965 Deum,
1537 925 1577 956 et

185 985 314 1010 rursus
335 971 544 1021 concipere
565 984 747 1021 magnam
769 972 900 1019 fidem,
919 979 957 1010 et
977 972 1176 1011 confidere
1197 979 1355 1021 propter
1374 971 1575 1011 Christum

185 1026 293 1074 quod
323 1025 540 1064 habeamus
570 1027 701 1064 Deum
732 1027 942 1075 placatum,
974 1032 1106 1075 petere
1133 1039 1156 1064 a
1186 1027 1286 1072 Deo,
1315 1033 1354 1064 et
1380 1032 1487 1064 certo
1515 1038 1576 1064 ex·

185 1087 360 1129 spectare
375 1078 562 1117 auxilium
584 1079 622 1117 in
637 1079 822 1117 omnibus
843 1080 960 1118 rebus
974 1079 1167 1130 gerendis,
1185 1079 1291 1118 iuxta
1303 1079 1551 1118 vocationem
1566 1093 1576 1127 3

184 1132 339 1172 interim
361 1134 451 1171 foris
472 1133 678 1183 diligenter
703 1134 830 1172 facere
856 1134 963 1171 bona
986 1146 1116 1184 opera,
1138 1142 1176 1172 et
1203 1133 1344 1172 servire
1367 1132 1576 1172 vocationi.

187 1201 247 1236 29.
279 1189 327 1225 In
344 1187 403 1226 his
424 1187 541 1226 rebus
561 1195 619 1226 est
638 1200 731 1226 vera
741 1187 920 1237 peffectio
943 1193 980 1224 et
1003 1200 1113 1226 verus
1138 1188 1260 1225 cultus
1277 1188 1362 1226 Dei
1371 1201 1382 1235 ;
1409 1200 1491 1226 non
1517 1193 1576 1226 est

185 1241 225 1278 in
263 1241 473 1290 caelibatu,
506 1249 573 1279 aut
617 1241 883 1287 mendicitate,
922 1249 990 1280 aut
1031 1249 1139 1280 veste
1183 1240 1352 1280 sordida.
1427 1243 1574 1279 Verum

184 1296 353 1345 populus
392 1295 565 1345 concipit
602 1296 744 1333 multas
775 1294 1014 1345 perniciosas
1053 1294 1260 1345 opiniones
1287 1308 1337 1333 ex
1367 1293 1441 1333 illis
1472 1293 1576 1333 falsis

185 1348 402 1398 praeconiis
441 1348 542 1387 vitae
580 1349 833 1387 monasticae.
892 1363 953 1398 30.
984 1349 1108 1387 Audit
1147 1350 1230 1387 sine
1268 1349 1389 1387 modo
1426 1347 1576 1387 laudari

185 1402 445 1440 caelibatum:
493 1402 584 1440 ideo
626 1415 717 1440 cum
759 1402 977 1441 offensione
1019 1402 1285 1441 conscientiae
1317 1409 1490 1440 versatur
1536 1401 1577 1439 in

186 1456 383 1505 coniugio.
441 1456 564 1494 Audit
603 1457 708 1494 solos
748 1456 952 1495 mendicos
984 1469 1069 1495 esse
1107 1457 1321 1506 perfectos:
1361 1455 1452 1495 ideo
1483 1469 1575 1494 curn

186 1510 404 1548 offensione
424 1509 688 1548 conscientiae
709 1510 849 1548 retinet
869 1509 1148 1559 possessiones,
1163 1509 1393 1560 negotiatur.
1452 1509 1576 1548 Audit

186 1563 395 1602 consilium
434 1564 703 1613 evangelicum
731 1576 816 1602 esse
855 1565 905 1602 de
952 1577 1034 1602 non
1068 1563 1336 1611 vindicando;
1382 1563 1473 1602 ideo
1510 1562 1575 1601 alii

187 1617 224 1655 in
256 1617 404 1667 privata
432 1617 510 1655 vita
540 1631 619 1655 non
643 1625 824 1656 verentur
850 1618 1008 1656 ulcisci:
1039 1616 1205 1656 audiunt
1231 1616 1336 1655 enim
1367 1616 1574 1655 consilium

186 1684 271 1710 esse
295 1685 375 1709 non
396 1679 661 1721 pracceptum.
720 1671 798 1709 Alii
819 1685 957 1710 omnes
978 1672 1224 1721 magistratus
1245 1678 1282 1709 et
1303 1670 1430 1710 civilia
1449 1670 1576 1709 officia

187 1724 361 1763 iudicant
382 1725 544 1775 indigna
563 1738 648 1763 esse
670 1724 912 1764 Christianis.

243 1792 303 1828 31.
334 1781 534 1829 Leguntur
563 1780 742 1829 exempla
767 1778 987 1826 hominum,
1017 1778 1085 1828 qui
1113 1779 1269 1818 deserto
1295 1777 1489 1828 coniugio,
1512 1779 1577 1817 de-

187 1841 288 1871 serta
307 1832 545 1882 reipublicae
565 1832 914 1879 administratione,
937 1833 1174 1871 abdiderunt
1197 1845 1239 1871 se
1267 1833 1308 1870 in
1328 1831 1574 1871 monasteria.

190 1887 238 1924 Id
262 1886 456 1924 vocabant
484 1888 615 1935 fugere
647 1900 692 1924 ex
724 1888 885 1934 mundo,
913 1894 951 1925 et
977 1899 1163 1936 quaerere
1189 1886 1290 1924 vitae
1316 1898 1438 1936 genus
1467 1886 1576 1935 quod

190 1941 279 1978 Deo
315 1941 437 1989 magis
472 1941 641 1989 placeret
657 1954 666 1987 3
704 1954 778 1978 nec
806 1940 995 1979 videbant
1026 1942 1114 1979 Deo
1144 1939 1392 1978 serviendum
1423 1952 1508 1978 esse
1537 1940 1576 1977 in

189 1993 262 2031 illis
293 1993 488 2031 mandatis
518 2006 618 2042 quae
649 1993 731 2042 ipse
755 1994 925 2040 tradidit,
956 2007 1037 2032 non
1064 1995 1104 2031 in
1133 1994 1328 2032 mandatis
1358 2006 1459 2042 quae
1485 2000 1576 2031 sunt

190 2046 405 2096 excogitata
419 2047 469 2084 ab
491 2047 731 2085 hominibus.
790 2061 848 2096 32.
880 2049 1036 2085 Bonum
1057 2053 1093 2085 et
1107 2047 1315 2096 pezfc’ctum
1344 2049 1444 2085 vitae
1458 2059 1578 2096 genus

188 2106 243 2138 est
277 2101 378 2149 quod
412 2101 524 2137 lzczbet
560 2102 786 2137 mandalum
817 2102 906 2138 Dei.
968 2103 1029 2139 De
1068 2101 1127 2139 his
1166 2101 1282 2139 rebus
1319 2113 1481 2139 necesse
1517 2107 1576 2139 est

189 2155 403 2192 admonere
424 2153 614 2191 homines.
672 2155 722 2191 Et
738 2162 828 2192 ante
844 2156 941 2193 haec
955 2162 1132 2204 tempora
1151 2154 1402 2204 reprehendit
1422 2154 1576 2193 Gerson

189 2221 356 2246 errorem
386 2209 669 2245 monachorum
699 2209 748 2244 (le
778 2208 1027 2257 perfectione,
1055 2217 1093 2245 et
1124 2216 1285 2246 testatur
1319 2207 1397 2245 suis
1427 2215 1576 2257 tempo-

192 2261 297 2299 ribus
327 2275 469 2300 novam
492 2274 629 2299 vocem
657 2262 773 2298 fuisse
795 2263 902 2309 quod
925 2262 1000 2299 vita
1028 2263 1244 2299 monastica
1273 2260 1321 2299 sit
1348 2269 1470 2299 status
1494 2274 1576 2311 per-

192 2315 382 2354 fectionis.

245 2383 306 2418 33.
338 2371 439 2406 Tam
471 2370 615 2406 multae
647 2367 789 2417 impiae
823 2367 1028 2418 opiniones
1061 2369 1222 2406 haerent
1253 2367 1292 2405 in
1327 2368 1436 2415 votis,
1468 2367 1577 2417 quod

193 2423 414 2470 iustificent,
437 2423 545 2471 quod
566 2421 641 2460 sint
663 2421 849 2471 perfectio
866 2421 1098 2468 Christiana,
1115 2423 1222 2471 quod
1243 2430 1397 2460 servent
1413 2420 1576 2460 consilia

192 2484 230 2514 et
268 2484 488 2526 praecepta,
527 2476 634 2525 quod
674 2475 843 2514 habeant
882 2488 1000 2525 opera
1038 2475 1399 2525 supererogationis.
1461 2476 1574 2513 Haec

192 2530 322 2568 omnia
345 2543 465 2579 quum
489 2529 563 2568 sint
586 2530 678 2568 falsa
699 2537 735 2567 ct
757 2528 901 2575 inania,
920 2529 1064 2567 faciunt
1086 2538 1175 2568 vota
1198 2529 1310 2567 irrita.

1702 383 1710 444 l
