1715 2780
172 79 246 114 224
437 68 558 105 THE
596 68 1030 108 ORGANIZATION
1071 69 1143 108 OF
1181 71 1300 108 THE
1513 71 1567 121 98

168 170 301 218 oblati,
337 172 447 210 cuius
478 172 575 210 haec
607 173 744 211 Coena
769 171 996 210 memoriale
1027 179 1096 218 est,
1132 173 1241 222 quod
1275 180 1314 211 et
1347 175 1481 223 paucis
1515 175 1566 213 ab

168 225 356 275 episcopo
378 238 532 275 semper
552 233 610 264 est
631 226 923 264 declarandum.

220 278 363 318 Canon
395 279 458 317 ille
488 279 695 326 missarius,
729 287 767 318 et
798 279 1002 317 universae
1031 278 1238 327 orationes,
1269 279 1309 318 in
1339 280 1483 330 quibus
1511 294 1566 320 re-

167 332 312 381 peritur
336 332 513 371 sacrificii
537 340 604 371 aut
630 334 781 371 hostiae
802 346 887 380 vox,
910 346 932 371 a
953 334 1112 371 nemine
1140 334 1239 372 ultra
1269 333 1309 372 in
1333 335 1406 372 hac
1427 334 1566 375 Coena

167 387 329 425 dicatur.
390 389 521 426 Nemo
541 394 741 437 praeterea
767 388 912 427 audeat
933 388 1035 424 hanc
1063 386 1242 426 Coenam
1264 389 1492 436 sacrificare,
1521 396 1565 427 ut

166 441 394 490 loquuntur,
414 454 484 491 pro
504 440 600 479 vivis
621 448 659 479 et
680 440 854 487 mortuis,
873 448 940 479 aut
960 453 1198 491 quacunque
1218 441 1436 490 occasione,
1455 444 1564 493 quod

167 507 247 532 non
268 494 317 532 sit
338 503 514 533 nostrum
536 494 770 533 sacrificium
798 495 868 533 sed
890 494 966 533 Dei
988 496 1135 542 Coena,
1159 502 1197 534 et
1221 508 1292 545 pro
1315 504 1478 546 accepta
1496 510 1565 546 per

166 547 367 587 Christum
407 548 669 587 beneficentia
701 548 910 598 gratiarum
947 548 1061 595 actio,
1102 562 1148 587 ac
1182 550 1360 599 specialis
1394 563 1564 589 comme-

166 602 332 640 moratio
363 602 552 650 sacrificii,
587 616 666 653 quo
698 604 819 641 semel
852 616 922 653 pro
961 603 1076 641 nobis
1114 603 1370 653 semetipsum
1408 604 1561 651 obtulit,

166 655 425 706 omniumque
452 656 767 695 memorabilium
788 657 881 695 eius.
942 658 1013 695 Est
1033 670 1192 707 quoque
1213 657 1368 707 signum
1389 662 1563 696 commu-

165 709 293 748 nionis
308 711 486 749 omnium
501 712 567 760 qui
582 710 727 750 Christi
740 708 914 763 [sumus]
930 711 1037 760 quod
1051 711 1103 749 ad
1116 710 1283 750 invicem
1297 724 1370 750 nos
1386 712 1563 750 membra

165 777 249 802 esse
266 765 339 802 sub
355 764 441 814 ipso
458 772 495 802 et
509 766 651 803 eodem
666 766 827 814 quidem
845 778 925 802 uno
938 764 1065 814 capite
1075 764 1232 804 Christo
1249 766 1488 815 profitemur.
1505 796 1511 804 .
1528 796 1534 804 .
1553 796 1560 803 .

165 819 370 856 Praeterea
388 820 519 857 nullae
539 820 578 856 in
595 832 641 857 ea
656 818 837 857 dicantur
856 819 1063 865 orationes,
1086 818 1229 868 quibus
1250 826 1316 857 aut
1335 827 1560 858 sanctorum

164 872 361 910 invocatio
389 880 455 911 aut
485 872 713 911 meritorum
742 874 959 911 eorundem
989 872 1178 911 memoria
1207 874 1282 920 sit3
1319 874 1425 911 solus
1455 873 1558 912 enim

164 926 343 964 Christus
382 934 440 965 est
471 928 687 965 advocatus
721 934 853 965 noster
879 958 886 965 .
914 957 921 964 .
950 957 956 963 .
985 934 1023 964 et
1054 939 1156 964 unus
1189 926 1381 965 mediator
1412 926 1488 965 Dei
1523 935 1561 966 et

163 978 380 1018 hominum.
405 1011 412 1018 .
437 1009 446 1018 .
468 1011 475 1018 .
500 980 684 1030 Denique
712 980 796 1030 ipse
826 982 931 1019 solus
961 988 1020 1019 est
1043 979 1111 1030 qui
1140 993 1210 1030 pro
1233 979 1348 1019 nobis
1374 980 1560 1020 omnibus

162 1033 302 1072 meruit
321 1034 495 1084 gratiam,
517 1036 680 1084 gloriam
701 1042 739 1073 et
768 1047 887 1073 omne
907 1035 1069 1073 bonum.
1088 1065 1095 1072 .
1114 1063 1120 1070 .
1138 1064 1145 1071 .
1160 1035 1406 1074 Confitemur
1426 1035 1466 1073 in
1486 1036 1560 1073 hac

163 1088 300 1126 Coena
324 1089 526 1127 Christum
563 1090 694 1127 Deum
724 1095 762 1127 et
796 1089 998 1127 hominem
1033 1095 1278 1138 praesentem
1312 1101 1408 1135 esse,
1445 1096 1483 1126 et
1517 1088 1557 1127 id

161 1141 323 1190 quidem
352 1156 434 1180 non
453 1142 617 1181 vocibus
646 1141 942 1193 imprecatoriis,
970 1149 1012 1180 ut
1041 1143 1092 1181 de
1120 1141 1235 1180 nobis
1264 1141 1425 1192 quidam
1450 1143 1558 1181 oblo-

161 1202 344 1243 quuntur,
379 1197 447 1235 sed
483 1198 642 1235 decreto
674 1196 749 1234 Dei
778 1195 865 1244 vivi,
896 1197 1003 1246 quod
1034 1203 1092 1234 est
1125 1195 1361 1246 ipsissimum
1393 1196 1556 1235 verbum

161 1261 286 1296 suum,
317 1250 427 1288 cuius
448 1250 556 1300 ipsae
576 1263 692 1289 voces
720 1251 830 1300 signa
851 1257 952 1288 sunt.
1012 1250 1238 1300 Omniaque
1261 1249 1301 1287 in
1322 1250 1395 1288 hac
1419 1251 1558 1289 Coena

159 1310 323 1352 agantur
342 1303 446 1354 vulgi
468 1303 598 1353 lingua
618 1312 770 1353 praeter
790 1305 859 1342 has
880 1311 1088 1342 consuetas
1106 1316 1232 1351 voces,
1255 1304 1379 1351 Kyrie
1406 1304 1552 1351 eleison,

159 1357 401 1405 Halleluialz,
430 1358 645 1404 Osiamzalz,
670 1359 850 1404 Sabaoth,
867 1359 1002 1404 Amen,
1027 1370 1123 1407 quas
1144 1356 1320 1407 episcopi
1340 1356 1556 1407 aliquando

160 1409 471 1460 interpretentur,
495 1420 537 1449 ut
557 1412 667 1462 plebs
688 1411 822 1450 omnia
843 1411 1003 1461 capiens
1030 1411 1070 1448 in
1093 1410 1168 1449 Dei
1188 1411 1308 1449 verbo
1330 1412 1556 1450 consoletur

159 1471 197 1501 et
218 1464 354 1514 spiritu
375 1473 413 1503 et
436 1473 568 1504 mente
591 1467 740 1515 psallat.
799 1466 980 1504 Servetur
1007 1466 1045 1502 in
1076 1478 1121 1503 ea
1150 1463 1244 1503 ritus
1274 1477 1393 1514 quem
1423 1477 1556 1504 servus

161 1517 237 1556 Dei
268 1518 461 1557 Martinus
493 1520 686 1558 Lutherus
716 1518 855 1557 ultimo
885 1517 1120 1558 Germanice
1149 1518 1381 1568 conscripsit
1397 1533 1408 1567 3
1445 1526 1484 1557 et
1512 1526 1556 1557 ut

159 1570 265 1609 iuxta
299 1574 466 1611 Paulum
505 1581 647 1611 cuncta
686 1572 890 1612 decentius
930 1574 1036 1619 fiant,
1076 1573 1282 1611 laudamus
1321 1573 1352 1610 si
1392 1573 1431 1610 in
1470 1572 1553 1611 eius

160 1625 376 1665 ministerio
391 1627 442 1665 ad
463 1627 591 1666 minus
613 1628 797 1666 induatur
816 1625 1146 1676 superpellicium,
1164 1627 1425 1665 incendantur
1438 1625 1553 1673 cerei,

159 1687 196 1717 et
217 1680 362 1719 decens
392 1680 491 1718 calix
520 1681 720 1720 habeatur.
780 1681 941 1719 Amodo
968 1681 1100 1719 nullae
1130 1681 1224 1718 fiant
1253 1679 1454 1730 impensae
1482 1692 1554 1729 pro

156 1733 335 1772 altarium
362 1733 610 1785 paramentis,
633 1734 786 1782 casulis,
815 1734 949 1784 cappis
977 1747 1045 1772 seu
1072 1734 1335 1772 chlamidibus
1359 1740 1397 1772 et
1421 1733 1551 1772 simili-

158 1787 241 1833 bus,
261 1789 330 1826 sed
348 1788 469 1838 magis
486 1788 762 1838 dispensentur
781 1789 924 1838 egenis,
947 1801 1049 1837 quae
1070 1787 1108 1826 in
1129 1788 1189 1826 his
1212 1788 1352 1825 frustra
1371 1786 1552 1826 consumi

157 1850 456 1880 consueverunt.
516 1842 713 1880 Nimirum
734 1843 800 1892 qui
821 1855 862 1880 se
883 1849 993 1892 putat
1014 1841 1053 1879 in
1074 1841 1133 1880 his
1153 1842 1282 1880 colere
1303 1843 1445 1888 Deum,
1468 1840 1552 1879 sine

156 1907 274 1932 causa
303 1894 343 1933 id
372 1896 473 1942 facit,
497 1897 605 1945 quod
632 1896 708 1934 sint
735 1909 854 1945 purae
881 1903 918 1934 et
939 1908 1062 1933 vanae
1082 1894 1288 1933 hominum
1309 1893 1548 1933 traditiones.

158 1947 344 1986 Liberum
360 1956 492 1987 autem
507 1949 555 1987 sit
571 1949 733 1988 habenti
746 1950 917 1987 casulam
936 1950 1075 1987 eadem
1091 1948 1131 1986 in
1141 1949 1301 1987 Coenae
1314 1947 1549 1986 Dominicae

158 2000 372 2039 ministerio
393 2002 448 2040 uti
469 2004 529 2040 vel
550 2016 642 2049 non,
666 2010 818 2040 tantum
843 2003 893 2041 de
919 2010 1050 2040 cetero
1070 2002 1177 2040 haud
1198 2013 1396 2051 quaquam
1416 2014 1549 2039 ernan-

156 2062 226 2102 tur,
263 2056 371 2104 quod
403 2069 482 2094 non
518 2055 557 2093 in
589 2057 686 2094 haec
718 2057 787 2094 sed
822 2054 861 2093 in
892 2068 1108 2105 pauperum
1140 2068 1232 2093 usus
1267 2067 1367 2104 quae
1401 2056 1549 2093 donare

154 2110 335 2147 volumus
365 2110 442 2148 sint
467 2110 743 2148 convertenda.
802 2111 1006 2147 Praeterea
1027 2108 1269 2147 infirmorum
1298 2109 1548 2147 solummodo

155 2175 273 2200 causa
299 2163 376 2201 iam
403 2162 544 2213 emptis
573 2162 629 2200 uti
655 2161 927 2213 permittimus,
956 2161 1049 2200 certi
1084 2163 1192 2211 quod
1224 2161 1321 2200 nihil
1354 2163 1494 2199 horum
1525 2175 1548 2199 a

154 2215 274 2266 nobis,
295 2214 550 2269 [postuletur]
577 2223 615 2254 et
642 2215 811 2254 maxime
831 2216 991 2265 quidem
1013 2223 1055 2253 ut
1082 2215 1214 2266 egenis
1239 2214 1545 2254 misericordiam

154 2278 406 2318 praestemus,
447 2278 483 2308 et
523 2269 596 2308 illis
636 2269 852 2308 necessaria
889 2269 1111 2319 partiamur.
1171 2268 1354 2318 Denique
1393 2281 1546 2318 semper

152 2323 347 2362 habentur
375 2337 575 2374 pauperes,
607 2323 750 2373 quibus
781 2324 1010 2361 benefacere
1039 2337 1138 2373 opus
1167 2322 1225 2361 sit.
1287 2322 1442 2361 Idcirco
1466 2321 1546 2360 uni-

151 2379 270 2416 versis
301 2378 487 2417 Ecclesiis
517 2377 555 2415 in
584 2378 703 2416 verbo
733 2376 893 2416 eruditis
924 2376 1089 2415 liberum
1115 2376 1163 2416 sit
1190 2377 1323 2415 omnia
1352 2375 1393 2414 id
1420 2389 1544 2425 genus

151 2439 376 2480 paramenta
397 2432 632 2479 divendere,
663 2432 770 2480 quod
795 2431 825 2469 si
854 2429 1024 2477 fecerint,
1048 2444 1182 2469 eorum
1211 2429 1376 2480 pretium
1406 2428 1544 2467 Diaco-
