1715 2780
119 140 181 178 181
367 138 788 178 REFORMATION
822 139 881 176 IN
914 129 1146 185 ZURICH‚
1183 149 1280 188 1522
1440 153 1515 188 403

118 255 360 294 oppressum,
384 244 491 283 unde
511 244 607 283 tales
628 243 719 282 totis
741 242 887 282 viribus
915 249 1108 282 conantur
1129 241 1282 283 reiectis
1304 247 1341 281 et
1363 241 1518 281 abolitis

118 297 376 337 caeremoniis

175 366 209 391 2.
240 353 318 390 hoc
340 364 460 391 aureo
480 353 638 391 saeculo
665 350 736 403 (ita
765 351 871 391 enim
900 351 1039 403 aiunt),
1070 364 1151 402 quo
1180 350 1426 402 evangelium
1456 352 1520 390 de-

119 419 228 446 mum
257 405 484 445 illucescere
511 405 740 445 mortalibus
768 405 940 456 incipiat,
963 419 1217 446 communem
1247 407 1439 457 populum
1469 407 1520 444 ad

174 474 209 511 3.
241 460 507 511 evangelicam
528 460 748 500 libertatem
769 461 966 500 reducere.

176 580 235 619 57.
269 570 366 607 Esto
398 568 527 615 etiam,
563 570 672 619 quod
704 569 884 608 erraverit
915 568 1145 607 universitas
1175 575 1243 607 aut
1277 569 1521 607 instituendo

118 630 186 662 aut
213 624 460 673 acceptando
489 624 605 661 ritum
635 624 841 673 hucusque
870 630 1077 670 servatum,
1109 631 1157 670 et,
1190 630 1232 661 ut
1261 630 1319 661 est
1349 623 1523 661 humana

121 676 342 727 ignorantia
371 684 409 715 et
437 677 652 724 infirmitas,
683 679 815 727 aliqua
847 691 887 716 se
916 676 1093 727 religioni
1123 676 1371 716 Christianae
1398 677 1523 714 immi-

121 730 293 770 scuerint
306 731 509 781 evangelio
523 738 561 770 et
577 745 709 770 sacrae
723 733 943 782 Scripturae
957 745 1037 770 non
1051 733 1269 770 admodum
1284 731 1520 769 conformia:

177 798 237 836 59.
270 785 505 825 Communis
526 799 630 824 error
650 785 741 824 facit
762 786 831 824 ius.
881 786 1234 834 Quemadmodum
1265 799 1356 835 ergo
1383 785 1522 824 beatis-

122 839 244 878 simus
274 840 406 890 Papa¹
436 846 568 878 noster
591 840 713 878 felicis
750 840 962 878 memoriae
996 841 1079 878 Leo
1111 842 1148 877 X
1180 848 1218 878 et
1250 839 1521 878 serenissimus

123 896 396 933 Romanorum
429 895 675 944 Imperator2
706 895 870 933 Carolus
901 896 937 931 V
966 907 1090 944 nuper

177 951 239 986 60.
262 947 490 987 huiusmodi
506 962 609 988 nova
630 950 816 998 dogmata
836 950 1136 995 damnaverunt,
1159 956 1197 986 et
1218 949 1407 986 damnata
1428 948 1524 998 pub-

122 1002 206 1040 licis
223 1002 419 1041 mandatis
433 1003 740 1050 declaraverunt,
756 1011 944 1052 tanquam
958 1002 1023 1040 illa
1036 1016 1138 1053 quae
1153 1002 1230 1041 sint
1247 1010 1383 1040 contra
1399 1004 1526 1041 eccle-

123 1056 319 1095 siasticam
341 1056 653 1106 dispositionem,
673 1065 809 1096 contra
826 1056 1092 1108 evangelicam
1109 1058 1248 1107 legem,
1267 1056 1524 1095 institutionis

122 1110 371 1160 evangelicae
391 1110 607 1150 unitatem:
637 1111 690 1151 ita
710 1125 789 1159 VOS,
814 1125 914 1161 quos
940 1111 1148 1150 nobiscum
1170 1110 1336 1161 Spiritus
1366 1119 1524 1150 sanctus

124 1164 256 1215 posuit

177 1221 241 1257 61.
271 1231 403 1269 regere
423 1219 630 1258 ecclesiam
652 1219 808 1266 Christi,
831 1232 949 1270 quam
970 1218 1178 1269 acquisivit

179 1275 240 1312 62.
272 1273 462 1324 sanguine
509 1287 592 1320 suo,
632 1275 885 1313 cohortamur
931 1286 1000 1324 per
1057 1287 1143 1312 eam
1192 1286 1312 1324 quam
1361 1273 1526 1323 quilibet

125 1326 371 1368 Christianus
400 1328 451 1367 de
480 1327 756 1367 immaculatae
781 1341 948 1378 sponsae
973 1341 1066 1366 suae
1090 1327 1280 1366 ecclesiae
1301 1329 1418 1367 foeda
1438 1329 1527 1366 scis-

124 1381 235 1420 sione
255 1381 571 1432 compassionem
593 1382 700 1432 gerit,
724 1390 765 1420 ut
786 1384 884 1421 haec
904 1383 1091 1432 dogmata
1112 1389 1411 1432 postponantur,
1434 1382 1528 1421 abii—

123 1435 276 1474 ciantur
291 1437 458 1484 interim,
472 1449 553 1475 non
570 1436 855 1487 praedicentur,
871 1437 1121 1486 disputentur
1140 1444 1207 1475 aut
1229 1437 1446 1475 doceantur
1466 1438 1526 1475 vel

125 1489 282 1540 publice
302 1491 363 1529 vel
383 1492 548 1538 occulte,
570 1490 668 1529 nihil
688 1492 805 1530 etiam

179 1546 242 1593 63.
272 1545 465 1592 alteretur,
488 1546 716 1584 immutetur
735 1552 803 1584 aut
830 1544 1038 1584 innovetur
1058 1544 1160 1583 circa
1181 1545 1370 1584 ecclesiae
1386 1546 1500 1583 ritum
1519 1561 1528 1593 3

180 1600 242 1646 64.
273 1599 403 1638 donec
433 1600 498 1646 illi,
536 1612 703 1649 quorum
736 1599 906 1646 interest,
940 1600 991 1638 de
1022 1600 1212 1638 ecclesiae
1244 1599 1403 1649 negotio
1438 1613 1528 1637 con·

125 1653 283 1690 veniant
313 1660 351 1691 et
380 1653 531 1692 collatis
559 1653 733 1692 consiliis
763 1667 853 1692 cum
884 1653 1092 1703 disciplina
1129 1653 1271 1703 pariter
1309 1661 1346 1692 et
1388 1653 1530 1692 miseri-

125 1707 260 1744 cordia
279 1713 534 1756 temperatam
559 1709 677 1757 figant
699 1707 945 1747 sententiam.
980 1738 987 1746 .
1019 1737 1027 1746 .
1059 1738 1066 1746 .

181 1763 243 1809 67.
276 1762 390 1799 Haec
412 1790 420 1799 .
445 1790 452 1800 .
474 1792 480 1800 .
503 1762 554 1799 ad
575 1775 643 1799 vos
665 1768 827 1811 paterno
848 1763 990 1800 affectu
1014 1761 1109 1799 moti
1130 1761 1371 1811 perscribere
1398 1763 1529 1800 decre-

127 1813 264 1861 vimus,
287 1827 356 1853 vos
377 1828 446 1864 per
466 1814 613 1854 viscera
634 1815 923 1856 misericordiae
939 1817 987 1854 D.
1012 1817 1060 1853 N.
1085 1817 1114 1854 Ι.
1139 1816 1182 1855 C.
1208 1823 1390 1864 rogantes
1422 1824 1463 1854 ut
1488 1816 1527 1853 in

126 1868 276 1907 unitate
296 1875 454 1907 sanctae

182 1924 243 1961 68.
276 1922 408 1961 matris
422 1922 611 1962 ecclesiae
625 1931 662 1962 et
679 1923 922 1973 superiorum
940 1923 1168 1962 obedientia
1186 1923 1387 1971 maneatis,
1398 1937 1528 1974 neque

128 1975 222 2014 ritus
255 1976 540 2016 ecclesiasticos
574 1991 596 2016 a
629 1977 842 2016 maioribus
874 1977 1017 2016 nostris
1050 1979 1296 2016 introductos
1331 1986 1410 2016 tam
1450 1979 1529 2017 cito

128 2030 330 2070 abiiciatis.
355 2061 363 2069 .
391 2062 398 2069 .
426 2062 433 2070 .

298 2087 443 2124 Datum
475 2085 732 2125 Constantiae
762 2098 864 2124 xxiv
897 2087 1048 2125 Mensis
1080 2085 1177 2124 Maii
1210 2098 1379 2123 MDxxu.

467 2152 511 2188 B.
553 2152 777 2200 Hitldryclzz·
802 2151 982 2200 Zm'nglz‘z‘
1006 2152 1205 2201 responsio,

190 2228 220 2254 1.
253 2213 450 2265 Principio
480 2215 605 2265 igitur,
637 2215 732 2265 quid
763 2229 862 2265 opus
892 2223 973 2255 erat
1003 2228 1066 2255 me
1097 2215 1327 2255 Helvetium
1358 2223 1396 2254 et
1425 2217 1530 2267 apud

134 2268 339 2307 Helvetios
371 2268 572 2308 Christum
604 2271 854 2320 profitentem
895 2269 1010 2308 huius
1045 2271 1237 2308 tumultus
1277 2269 1532 2308 insimulare?

133 2322 235 2361 Cum
274 2323 315 2361 id
353 2324 480 2361 solum
520 2323 559 2361 in
599 2324 812 2362 Germania
847 2323 928 2363 fieri
963 2323 1113 2370 dicatis,
1146 2332 1183 2362 et
1224 2324 1398 2361 Helvetii
1432 2323 1532 2362 inter

133 2375 352 2415 Germanos
372 2389 452 2416 non
474 2385 730 2416 censeantur:
761 2390 834 2416 nec
855 2384 989 2416 tamen
1009 2377 1157 2416 interea
1177 2385 1303 2415 totum
1326 2377 1404 2415 fere
1427 2391 1532 2416 men-

132 2441 215 2467 sem
243 2438 404 2480 captans
434 2432 574 2469 rescire
602 2432 723 2481 potui,
747 2433 856 2481 quod
886 2432 1052 2470 similem
1084 2431 1327 2481 paraenesim
1353 2432 1403 2469 ad
1431 2433 1531 2470 ullos

133 2484 284 2532 uspiam
308 2483 346 2522 in
367 2485 579 2523 Germania
601 2484 791 2523 miseritis.
825 2517 831 2523 .
866 2516 872 2523 .
909 2516 917 2524 .

306 2547 315 2566 ¹
344 2549 389 2588 By
405 2547 461 2579 the
478 2549 553 2579 Bull
571 2550 725 2589 Exsurge
742 2550 886 2581 Domine
905 2552 1033 2590 (supra,
1052 2550 1117 2580 No.
1138 2549 1206 2589 38).

306 2591 318 2608 ’Β
345 2592 391 2632 ssy
408 2591 462 2622 the
479 2592 575 2624 Edict
591 2592 629 2623 os
642 2593 774 2623 Wonns
787 2594 919 2674 ἕςιέἱύκξι,
939 2593 1002 2623 No.
1023 2594 1090 2633 45).
