1715 2780
204 147 253 183 34
700 131 963 182 CAJETAN,
999 132 1099 180 1518
1545 130 1592 167 16

257 237 371 273 Tunc
404 235 533 286 coepit
566 236 752 273 adversus
787 247 850 272 me
883 240 1119 284 potestatem
1145 245 1271 283 papae
1300 233 1590 279 commendare,

203 291 390 339 quoniam
436 303 551 339 supra
593 288 816 335 concilium,
857 301 972 338 supra
1016 286 1261 337 scripturam,
1297 299 1413 336 supra
1459 287 1593 325 omnia

202 343 391 382 ecclesiae
411 344 469 381 sit.
520 345 571 381 Et
587 343 740 381 utillud
756 340 1018 392 persuaderet,
1040 340 1356 390 reprobationem
1377 347 1415 379 et
1434 340 1593 390 abroga-

201 398 350 435 tionem
372 396 528 435 concilii
549 396 774 435 Basiliensis
794 395 980 443 recitavit,
998 409 1043 434 ac
1065 394 1314 433 Gersonistas
1334 407 1494 444 quoque
1514 408 1592 433 una

202 464 291 488 cum
315 452 491 490 Gersone
511 452 760 489 damnandos
779 449 942 488 censuit.

259 507 372 543 Haec
400 513 440 542 ut
469 513 577 542 erant
605 518 706 542 nova
730 504 768 541 in
796 503 955 542 auribus
982 502 1090 550 meis,
1113 502 1252 553 negavi
1278 509 1425 550 contra,
1449 515 1592 552 papam

202 572 317 608 supra
346 558 569 605 concilium,
605 571 719 607 supra
753 557 982 607 scripturam
1014 569 1110 595 esse.
1171 558 1328 595 Deinde
1359 564 1397 594 et
1429 555 1592 595 Univer-

202 612 324 650 sitatis
378 611 649 650 Parrhisiensis
701 611 1006 662 appellationem
1053 610 1341 658 commendavi,
1391 611 1593 660 multaque

202 667 365 703 confusa
379 666 679 704 interlocutione
693 666 743 703 de
756 664 1010 715 poenitentia,
1026 666 1076 703 de
1087 664 1209 715 gratia
1226 664 1301 702 Dei
1316 664 1591 702 miscebamus.

203 721 306 757 Nam
331 721 490 758 alteram
519 720 622 757 illam
650 719 914 758 obiectionem
936 732 1026 757 cum
1048 719 1184 758 dolore
1204 718 1347 765 audivi,
1369 717 1465 756 nihil
1486 717 1592 756 enim

202 773 331 811 minus
366 773 582 811 timuissem
617 786 735 822 quam
770 774 871 811 hanc
901 786 982 811 rem
1014 773 1055 810 in
1083 772 1249 812 dubium
1278 773 1498 811 vocandam
1528 771 1594 809 ali-

201 829 373 876 quando.
433 828 494 865 Ita
520 827 559 864 in
587 828 693 865 nulla
721 828 1011 877 propemodum
1040 840 1080 865 re
1110 827 1455 866 conveniebamus.
1514 827 1592 864 Sed

202 889 243 919 ut
269 883 388 919 altera
411 882 570 919 alteram
599 881 822 920 inveniebat
847 881 907 932 (ut
931 880 1001 933 fit),
1031 880 1084 919 ita
1110 893 1264 931 semper
1284 893 1387 918 nova
1410 879 1593 930 surgebat

201 935 461 973 contradictio
483 965 490 973 .
512 965 520 973 .
545 964 553 973 .

255 990 390 1027 Altera
427 989 513 1027 die¹
547 1019 553 1026 .
587 1019 594 1027 .
625 1020 632 1026 .
664 988 847 1027 adductis
881 988 1034 1027 notario
1068 996 1105 1027 et
1137 988 1312 1036 testibus,
1348 987 1593 1038 protestabar

201 1042 355 1092 proprie
377 1050 414 1080 et
433 1042 688 1092 personaliter
704 1041 801 1094 [Hic
816 1044 988 1092 sequitur
1002 1040 1250 1095 protestatio]
1273 1072 1281 1081 .
1304 1073 1311 1080 .
1336 1072 1344 1079 .
1362 1043 1455 1091 Quo
1475 1043 1590 1089 facto,

202 1096 354 1146 repetiit
381 1096 688 1146 disputationem
709 1098 932 1135 hesternam
959 1097 1009 1135 de
1036 1096 1260 1135 obiectione
1280 1095 1408 1146 priore
1429 1126 1437 1134 .
1460 1125 1468 1134 .
1491 1125 1500 1134 .
1522 1097 1593 1134 Me

201 1163 293 1188 vero
327 1157 482 1188 tacente
514 1159 551 1188 et
586 1150 690 1188 iuxta
722 1151 1046 1200 protestationem
1085 1150 1125 1188 in
1164 1149 1316 1200 scriptis
1354 1150 1592 1200 respondere

201 1203 454 1253 promittente
476 1234 484 1242 .
506 1234 514 1242 .
537 1235 544 1242 .
567 1204 740 1242 admissa
761 1204 921 1254 scriptili
942 1203 1199 1255 responsione
1218 1203 1370 1243 abitum
1391 1210 1449 1242 est
1469 1233 1477 1241 .
1503 1233 1510 1241 .
1533 1233 1540 1241 .

257 1259 370 1306 Quae
391 1271 481 1295 cum
502 1259 622 1296 altera
642 1258 706 1296 die
719 1256 733 1278 ²
749 1258 993 1306 obtulissem,
1016 1258 1142 1308 primo
1159 1256 1396 1307 contempsit
1416 1264 1454 1295 et
1474 1257 1593 1296 verba

201 1324 298 1357 esse,
317 1311 525 1349 missurum
548 1320 677 1350 tamen
701 1325 746 1350 ea
765 1313 816 1350 ad
834 1312 986 1351 Urbem
1008 1325 1093 1350 sese
1113 1311 1221 1358 dixit,
1244 1310 1398 1349 interim
1414 1311 1465 1349 ad
1486 1323 1593 1349 revo-

202 1365 398 1402 cationem
424 1366 597 1414 urgebat,
622 1367 820 1404 intentans
848 1379 1032 1404 censuras
1058 1365 1133 1404 sibi
1154 1365 1423 1412 demandataS‚
1451 1377 1497 1402 ac
1517 1364 1591 1402 nisi

201 1431 434 1464 revocarem,
459 1419 618 1466 abirem,
642 1427 679 1457 et
701 1433 780 1457 non
802 1419 967 1458 redirem
989 1419 1029 1457 in
1050 1426 1307 1470 conspectum
1328 1431 1442 1457 suum
1466 1449 1473 1456 .
1497 1447 1504 1455 .
1528 1449 1535 1457 .

256 1473 378 1521 Igitur
406 1480 570 1522 accepto
602 1474 790 1512 mandato
819 1486 899 1511 non
934 1473 1155 1512 redeundi.
1178 1503 1186 1512 .
1211 1503 1217 1511 .
1240 1473 1464 1523 praesertim
1500 1485 1591 1510 curn

200 1533 315 1563 antea
348 1526 528 1564 iactasset
562 1540 647 1565 sese
681 1527 826 1565 habere
860 1529 1089 1566 mandatum
1122 1535 1223 1566 ut..
1251 1557 1259 1565 .
1287 1540 1351 1565 me
1380 1557 1387 1564 .
1412 1557 1419 1564 .
1441 1557 1448 1565 .
1473 1527 1592 1564 incar-

199 1586 359 1625 ceraret,
379 1580 568 1629 disposita
588 1580 851 1630 appellatione
871 1582 1064 1631 affigenda
1083 1583 1224 1620 recessi
1239 1581 1252 1602 ³
1271 1611 1279 1620 .
1303 1609 1312 1619 .
1335 1611 1342 1619 .

363 1688 452 1730 No.
482 1699 541 1741 17.
602 1689 833 1732 Luther’s
866 1702 1077 1733 answer
1097 1693 1151 1734 to
1175 1691 1398 1744 cajetan.

256 1776 385 1821 Quam
422 1787 501 1810 non
537 1775 749 1812 detrectem
786 1776 1023 1824 respondere
1046 1805 1052 1812 .
1076 1806 1082 1813 .
1105 1806 1113 1813 .
1137 1777 1186 1814 de
1221 1774 1381 1825 singulis
1403 1804 1411 1813 .
1433 1804 1441 1812 .
1464 1804 1471 1813 .
1494 1774 1592 1813 meis

200 1827 326 1873 dictis,
355 1827 676 1866 reverendissime
704 1828 742 1865 in
775 1828 932 1867 Christo
954 1831 1078 1877 Pater,
1103 1837 1144 1867 ut
1174 1828 1465 1868 obiectionibus
1486 1828 1592 1866 satis-

201 1881 351 1927 faciam,
383 1893 479 1929 quas
509 1881 590 1918 heri
621 1889 658 1919 et
689 1881 832 1919 nudius
860 1882 955 1919 mihi
982 1882 1157 1921 obiectas
1188 1881 1360 1928 memini,
1387 1883 1460 1920 hac
1487 1881 1591 1920 volui

200 1933 363 1983 epistola
392 1933 589 1971 humiliter
618 1935 832 1983 protestari.
892 1937 994 1973 Nam
1026 1937 1107 1974 duo
1136 1943 1227 1974 sunt
1251 1949 1352 1986 quae
1381 1935 1478 1973 mihi
1501 1942 1592 1973 sunt

200 2001 222 2025 a
240 1989 281 2025 Ι).
298 1989 345 2024 T.
365 1988 412 2025 R.
435 1986 601 2025 obiecta.
649 1987 838 2035 Primum,
860 1990 1123 2038 Extravagans
1144 1989 1209 2027 illa
1222 1990 1399 2029 Clemen.
1416 1990 1476 2027 VI
1491 2001 1592 2038 quae

200 2040 359 2090 incipit:
405 2040 642 2090 Unigenitus
682 2042 764 2087 ἂρ,
805 2041 844 2079 in
893 2056 970 2091 qua
1008 2044 1212 2081 thesaurus
1260 2042 1590 2092 indulgentiarum

200 2094 318 2132 asseri
344 2093 498 2132 videtur
527 2107 612 2132 esse
642 2094 778 2132 merita
806 2095 950 2133 Christi
975 2103 1013 2133 et
1043 2097 1287 2143 Sanctorum,
1316 2097 1426 2146 quod
1452 2109 1525 2146 ego
1551 2095 1592 2133 in

200 2147 462 2198 positionibus
483 2147 580 2186 meis
600 2147 734 2186 videor
754 2161 903 2198 negare.

256 2202 498 2251 Respondeo
519 2200 649 2250 itaque
666 2217 671 2239 :
704 2202 795 2239 Non
814 2201 884 2239 fuit
902 2201 995 2239 mihi
1017 2202 1218 2252 incognita
1234 2204 1498 2252 Extravagans
1514 2202 1589 2250 illa,

201 2268 291 2293 eum
319 2255 410 2293 istas
443 2254 718 2293 meditationes
746 2267 852 2293 meas
879 2255 1108 2302 meditabar,
1138 2257 1207 2294 sed
1235 2269 1325 2294 cum
1353 2255 1591 2294 certissimus

201 2321 328 2347 essem
349 2321 548 2358 unamque
565 2308 684 2346 totius
706 2308 894 2347 ecclesiae
919 2309 1154 2347 sententiam
1176 2322 1260 2348 esse
1281 2309 1432 2356 scirem,
1455 2311 1591 2348 merita

202 2362 344 2402 Christi
368 2362 407 2401 in
428 2361 563 2411 spiritu
591 2375 672 2399 non
699 2375 814 2411 posse
834 2362 1028 2400 committi
1049 2362 1290 2411 hominibus,
1310 2375 1383 2402 nec
1403 2364 1502 2401 tradi
1523 2376 1592 2413 per

202 2418 382 2455 homines
402 2423 468 2454 aut
483 2416 533 2453 ab
550 2415 788 2462 hominibus,
807 2417 906 2454 sicut
926 2424 1057 2454 tamen
1081 2418 1344 2465 Extravagans
1365 2415 1438 2454 ista
1453 2429 1591 2455 sonare

375 2499 384 2520 ¹
414 2507 451 2539 13
469 2499 542 2531 Oct.
816 2498 826 2513 ‘-
846 2508 883 2539 14
901 2499 972 2532 Oct.
1238 2500 1249 2520 ³
1275 2509 1314 2530 20
1331 2500 1404 2532 Oct.
