1715 2780
126 87 201 134 189
285 86 403 124 THE
436 84 853 125 DISPUTATIONS
885 85 958 122 AT
988 75 1220 131 ZiiRICH‚
1258 98 1357 135 1523
1444 99 1520 134 419

125 190 355 230 auctoritate
374 191 505 241 aliqua
526 198 687 241 possent
708 189 876 239 transigi.
928 188 1062 227 Nolim
1081 196 1212 227 autem
1234 190 1331 227 haec
1353 188 1404 227 ita
1425 190 1521 227 acei-

125 245 289 295 piantur,
306 244 417 295 quasi
434 245 666 295 cuiusquam
684 243 824 282 honori
843 251 910 282 aut
926 242 1138 282 eruditioni
1154 244 1373 282 detractum
1391 245 1520 282 velim.

124 299 203 338 Sed
222 306 265 338 ut
281 298 428 339 Christi
448 299 671 338 membrum
694 298 799 337 fideli
818 310 978 348 quoque
995 305 1032 336 et
1049 297 1274 338 Christiano
1295 297 1429 336 animo
1450 297 1523 337 ista

126 366 282 392 moneo.
342 353 506 393 Interim
527 366 629 400 vero,
653 354 763 403 quod
790 351 1046 391 commissum
1078 351 1174 390 mihi
1205 365 1350 390 munus
1369 352 1521 400 attinet,

123 409 202 447 iarn
230 416 322 446 ante
349 408 500 447 dictum
530 415 599 454 est,
623 421 686 446 me
711 421 792 445 non
816 406 889 445 nisi
911 406 1159 445 auscultandi
1179 406 1301 457 gratia
1321 408 1399 445 huc
1419 406 1522 445 able-

123 469 257 513 gatum
278 475 374 501 esse.

177 517 236 556 H.
257 517 579 566 Zm‘uglius.—1n
608 517 685 555 hoc
715 529 837 554 unum
864 523 968 554 certe
997 517 1047 554 D.
1068 514 1270 553 Vicarium
1291 514 1522 554 incumbere

124 570 316 617 videmus,
348 572 483 609 fratres
515 570 555 608 in
587 569 747 610 Christo
777 569 979 618 carissimi,
1009 577 1050 608 ut
1084 568 1217 608 multis
1249 569 1376 620 iisque
1409 569 1521 608 variis

125 624 354 685 labyrinthis
397 637 466 675 per
503 637 709 675 operosam
750 631 788 663 et
826 623 1016 662 lubricam
1057 623 1248 662 sermonis
1288 631 1522 662 structuram

124 678 278 718 animos
297 686 447 718 vestros
468 678 666 729 simplices
687 678 859 716 involvat
879 686 917 716 et
937 678 988 716 ab
1009 677 1188 717 instituto
1212 679 1393 717 retrahat.

180 732 312 772 Primo
341 733 447 772 enim
471 746 513 772 se
542 740 679 771 contra
707 732 993 771 vetustissimos
1022 732 1116 770 ritus
1147 739 1185 771 et
1214 733 1331 782 longa
1360 745 1524 771 consue-

125 788 263 827 tudine
294 786 521 827 solemniter
549 788 801 826 confirmatas
833 786 1188 825 ecclesiasticorum
1221 786 1523 825 constitutiones

125 854 376 893 nequaquam
397 841 687 892 disputaturum
709 854 794 880 esse
814 848 987 880 testatur.
1046 841 1168 890 Atqui
1191 841 1296 879 nulla
1318 842 1382 878 hic
1404 853 1522 891 quae-

125 895 200 935 stio
220 903 289 944 est,
311 903 462 947 quanto
482 895 671 946 temporis
700 894 828 946 spatio
848 896 909 934 vel
933 896 1010 933 hoc
1031 896 1092 934 vel
1112 895 1209 933 illud
1230 896 1271 933 in
1291 908 1364 933 usu
1385 895 1499 934 fuerit
1517 913 1522 935 :

125 951 196 990 sed
215 951 267 989 de
285 949 369 1000 ipsa
388 951 442 990 rei
463 949 624 989 veritate
644 951 708 988 hic
727 949 863 999 agitur,
884 963 934 988 an
957 949 1138 988 videlicet
1165 950 1288 987 homo
1308 950 1359 988 ad
1386 962 1523 988 eorum

126 1004 395 1044 obedientiam
430 1004 562 1044 divina
593 1005 678 1054 lege
709 1003 953 1053 astringatur,
985 1016 1087 1053 quae
1118 1003 1302 1042 humanis
1337 1003 1523 1042 constitu-

125 1059 301 1098 tionibus
330 1065 421 1098 sunt
445 1058 597 1098 tradita.
658 1059 743 1096 Nos
764 1057 869 1096 enim
898 1057 1241 1105 consuetudinem,
1266 1059 1524 1108 quemadmo-

125 1114 221 1152 dum
243 1120 281 1152 et
300 1112 492 1164 pontificii
512 1112 604 1151 iu'ris
625 1125 798 1151 canones
813 1113 823 1133 ¹
846 1113 1002 1160 docent,
1026 1111 1175 1151 veritati
1197 1112 1362 1152 omnino
1383 1114 1524 1152 cedere

124 1167 270 1207 debere
290 1167 532 1206 arbitramur.

181 1221 338 1261 Deinde
359 1221 581 1260 istiusmodi
602 1234 660 1260 res
682 1221 722 1259 in
743 1220 931 1259 nationali
951 1220 1083 1270 aliqua
1103 1222 1256 1270 synodo
1273 1221 1334 1260 vel
1355 1220 1394 1258 in
1410 1234 1524 1271 gene-

125 1275 194 1314 rali
219 1275 497 1326 episcoporum
524 1275 693 1314 concilio
718 1274 987 1324 transigendas
1015 1287 1100 1313 esse
1130 1275 1258 1314 tradit.
1318 1276 1404 1325 Ego
1431 1288 1524 1314 vero

125 1329 165 1368 in
186 1331 260 1369 hac
279 1331 369 1368 aula
387 1329 654 1370 Christianum
677 1337 835 1368 coetum
861 1328 1094 1367 convenisse
1114 1330 1246 1367 credo.
1305 1329 1523 1367 Maximam

126 1384 231 1423 enim
253 1398 274 1424 e
293 1383 410 1423 nobis
431 1392 581 1434 partem
609 1397 744 1422 eorum
770 1396 855 1422 esse
885 1396 1010 1433 spero,
1038 1382 1105 1433 qui
1133 1382 1290 1422 divinae
1311 1384 1524 1422 voluntatis

126 1451 259 1477 amore
288 1446 327 1478 et
355 1438 526 1477 veritatis
555 1439 688 1477 studio
711 1437 902 1477 commoti
932 1439 1009 1475 huc
1030 1437 1230 1476 venerint:
1262 1437 1373 1476 cuius
1393 1438 1524 1487 cogni-

125 1492 273 1532 tionem
293 1493 490 1532 Dominus
504 1494 613 1531 Deus
634 1505 838 1542 nunquam
860 1491 974 1530 nobis
992 1499 1202 1541 negaturus
1225 1499 1292 1538 est,
1311 1493 1341 1530 si
1360 1491 1523 1542 quidem

125 1547 228 1585 hanc
261 1547 302 1585 in
340 1546 461 1597 ipsius
494 1548 686 1585 honorem
726 1560 771 1585 ex
809 1545 943 1584 animo
982 1545 1221 1596 petierimus.
1280 1545 1524 1595 Ubicunque

126 1601 242 1648 enirn,
262 1601 389 1651 inquit
404 1600 612 1648 Dominus,
631 1602 712 1639 duo
727 1601 786 1639 vel
807 1608 883 1639 tres
904 1599 1129 1650 congregati
1146 1600 1289 1638 fuerint
1306 1600 1344 1638 in
1362 1602 1524 1638 nomine

125 1668 226 1702 meo,
249 1668 322 1705 ego
345 1668 412 1694 ero
432 1655 472 1693 in
493 1655 626 1694 medio
647 1655 833 1704 ipsorum.
893 1656 1097 1692 Praeterea
1118 1667 1196 1692 non
1222 1655 1319 1692 tales
1348 1654 1523 1704 episcopi

125 1709 165 1747 in
194 1709 466 1748 vetustissimis
496 1709 569 1747 illis
599 1708 775 1747 conciliis
805 1709 1081 1754 consederunt,
1113 1709 1248 1757 quales
1281 1707 1400 1746 hodie
1432 1721 1522 1746 cum

126 1762 347 1813 principum
377 1764 478 1801 fastu
509 1771 546 1802 et
575 1762 751 1812 potentia
780 1769 927 1801 certare
947 1761 1152 1809 videmu53
1181 1763 1521 1811 quemadmodum

127 1817 240 1855 multi
278 1816 353 1855 sibi
390 1818 489 1855 falso
533 1816 804 1876 imaginantur.
875 1815 1117 1854 Sanctissimi
1158 1815 1264 1854 enim
1302 1824 1442 1866 patres,
1484 1816 1522 1853 in

127 1870 375 1910 Christianae
405 1870 496 1910 fidei
525 1870 652 1909 causis
682 1869 916 1920 congregati,
948 1882 1200 1930 nequaquam
1235 1877 1344 1908 tanta
1378 1870 1523 1909 saeculi

127 1924 243 1963 huius
272 1926 393 1975 gloria
422 1932 460 1963 et
493 1926 669 1975 potentia
698 1924 875 1963 instructi
907 1924 1101 1973 principes
1134 1925 1251 1971 suere,
1284 1925 1419 1973 quales
1451 1936 1523 1962 nos

126 1980 247 2018 hodie
275 1980 496 2019 necessario
525 1978 668 2028 requiri
697 1978 976 2017 existimamus.
1034 1980 1070 2015 T
1073 1985 1248 2016 estantur
1281 1979 1358 2016 hoc
1392 1979 1522 2028 plures

126 2045 148 2071 e
169 2033 402 2083 scriptorum
423 2046 588 2071 numero
610 2034 688 2071 fide
709 2032 939 2083 dignissimi.
981 2034 1166 2070 Testatur
1187 2032 1292 2071 idem
1314 2032 1525 2071 vetustissi-

129 2100 237 2125 mum
258 2087 434 2137 episcopi
455 2087 705 2135 vocabulum,
722 2087 831 2136 quod
852 2087 1007 2136 proprie
1028 2086 1124 2124 nihil
1141 2086 1214 2124 nisi
1236 2087 1522 2135 speculatorem

127 2148 194 2179 aut
214 2142 492 2188 excubitorem,
515 2142 582 2191 qui
604 2154 674 2191 pro
694 2142 844 2190 populo
864 2140 938 2179 sibi
957 2141 1009 2178 ad
1030 2140 1121 2178 fidei
1143 2148 1181 2179 et
1202 2139 1398 2189 religionis
1419 2139 1523 2177 insti-

128 2195 319 2234 tutionem
350 2196 563 2234 commisso
587 2196 743 2245 vigilare
772 2195 904 2241 debet,
935 2193 1126 2244 significat
1142 2195 1166 2231 ².
1224 2195 1360 2242 Quum
1391 2194 1522 2243 itaque

128 2247 168 2286 in
196 2249 272 2288 hoc
305 2256 422 2288 coetu
452 2256 587 2288 nostro
620 2249 802 2299 permulti
834 2247 911 2286 sint
935 2260 1024 2286 vere
1053 2248 1190 2287 fideles
1219 2255 1298 2286 tam
1330 2255 1522 2286 nostrates

128 2314 247 2352 quam
267 2304 398 2350 exteri,
416 2310 474 2342 tot
490 2304 662 2353 denique
683 2302 735 2353 pii
757 2310 794 2341 et
815 2301 922 2341 docti
943 2301 1117 2352 episcopi
1133 2308 1356 2351 praesentes
1378 2300 1520 2348 adsint,

174 2381 182 2398 ¹
210 2382 334 2423 Corpus
358 2382 447 2414 iuris
469 2383 629 2423 canonici,
652 2384 740 2415 Dz'sl.
759 2382 826 2422 viii,
850 2393 878 2414 c.
896 2393 916 2423 4
939 2387 946 2399 ⁴
961 2382 1098 2414 veritati
1124 2387 1155 2414 et
1178 2381 1296 2413 rationi
1321 2382 1521 2413 consuetudo

128 2428 175 2456 est
191 2427 421 2466 postponenda
434 2425 442 2438 '
462 2427 498 2467 (i.
516 2435 566 2467 14,
584 2426 633 2458 ed.
655 2426 861 2467 Friedberg).

174 2467 186 2488 ²
209 2469 217 2484 ‘
231 2469 301 2501 Das
317 2469 357 2501 ist
375 2469 423 2500 uff
435 2471 492 2511 gfit
509 2470 643 2502 diitsch:
668 2471 720 2502 ein
737 2468 881 2511 psarrer,'
901 2470 938 2501 C.
952 2470 992 2502 R.
1012 2469 1160 2500 lxxxviii.
1178 2478 1252 2510 495.

777 2524 884 2552 Ee2
