1715 2780
206 100 284 137 294
464 90 584 127 THE
616 89 752 127 DIET
784 89 856 128 OF
886 89 1208 136 AUGSBURG,
1243 100 1343 139 1530
1534 89 1597 126 118

202 190 425 241 improbare
455 200 494 231 et
524 199 724 231 auctorem
756 205 841 231 esse
871 192 1100 232 retinendae
1131 191 1249 243 pacis.
1309 194 1423 242 Quae
1454 207 1524 241 res,
1557 199 1598 232 ut

202 253 261 284 est
281 245 511 296 dignissima
530 246 722 297 sapientia
742 254 780 285 et
801 246 991 297 dignitate
1013 248 1060 285 R.
1078 248 1127 285 D.
1145 248 1206 294 V„
1229 245 1282 285 ita
1301 246 1444 286 nostris
1460 247 1598 298 princi-

201 299 318 349 pibus
353 313 592 362 magnopere
621 308 729 350 grata
762 308 830 348 est,
864 300 931 350 qui
962 314 1043 340 non
1075 302 1203 340 solum
1235 308 1393 351 propter
1425 314 1496 340 sua
1528 303 1597 341 sed

203 355 328 392 multo
358 356 480 414 magis
511 362 669 405 propter
697 355 855 405 publica
884 355 1057 415 pericula
1077 354 1184 406 pacis
1204 355 1319 394 valde
1340 355 1474 406 cupidi
1494 363 1596 394 sunt.

201 409 349 447 Vident
369 409 486 456 enim,
506 408 537 447 si
558 408 645 459 quis
667 416 797 447 motus
817 408 1039 457 exoriretur,
1062 409 1279 459 periculum
1300 422 1386 448 esse
1405 423 1455 448 ne
1477 411 1599 449 maior

200 462 381 501 confusio
412 462 644 513 religionum
684 470 721 501 et
760 463 948 502 ecclesiae
985 463 1149 502 accidat.
1210 465 1350 513 Itaque
1383 472 1523 514 petunt
1556 471 1598 502 ut

202 518 249 554 R.
265 518 314 555 D.
331 519 379 555 V.
396 530 476 555 non
507 518 675 566 patiatur
704 530 745 555 se
775 517 919 556 deduci
948 518 999 556 ab
1029 519 1103 556 hac
1133 516 1404 557 moderatione
1430 531 1595 565 summa,

201 572 270 609 sed
305 584 464 621 operam
496 572 564 609 det
592 578 635 609 ut
664 584 739 620 pax
768 572 979 610 retineatur
1008 585 1110 622 quae
1140 571 1207 610 tali
1240 579 1416 622 tempore
1445 572 1598 611 videtur

200 624 304 663 utilis
338 625 541 663 universae
580 624 829 675 reipublicae,
863 625 1088 675 praesertim
1122 639 1213 664 curn
1248 627 1377 665 nullos
1413 626 1597 666 articulos

200 678 333 717 doceri
349 677 584 739 [patiantur]
606 679 857 718 discedentes
876 693 899 718 a
920 681 1126 730 Scripturis
1147 688 1185 719 et
1205 679 1370 719 ecclesia
1390 681 1594 719 catholica.

202 734 280 783 Ipsi
322 747 492 771 vieissnn
533 746 647 772 suum
685 734 856 772 officium
897 734 1076 794 privatim
1116 735 1164 772 R.
1181 736 1228 772 D.
1245 736 1293 772 V.
1331 735 1523 782 deferunt,
1561 742 1598 773 et

200 786 358 836 publice
393 787 627 837 pollicentur
657 801 712 835 se,
740 796 932 838 quantum
965 788 1049 827 sine
1081 788 1300 827 offensione
1332 788 1597 828 conscientiae

200 842 281 879 fieri
312 841 444 891 possit,
477 855 541 880 eas
571 841 820 880 conditiones
849 851 1079 892 accepturos
1107 855 1192 881 esse
1212 855 1309 892 quas
1328 843 1380 881 ad
1400 856 1537 893 pacem
1559 850 1598 881 et

199 897 453 934 concordiam
475 903 512 934 et
533 897 583 934 ad
605 896 858 934 ecclesiastici
878 896 1026 935 ordinis
1042 895 1315 935 auctoritatem
1337 896 1594 944 retinendam,

199 951 512 988 confirmandam
544 958 581 988 et
612 950 899 997 stabiliendam,
923 950 1160 989 iudicabitur
1180 950 1383 1001 pertinere.
1444 953 1494 989 Et
1521 952 1597 989 hoc

199 1005 434 1042 confirmant
464 1018 505 1042 se
535 1004 631 1042 nihil
662 1004 791 1042 minus
812 1006 910 1043 velle
932 1018 1050 1054 quam
1072 1013 1113 1044 ut
1134 1004 1420 1044 ecclesiasticus
1441 1006 1538 1044 ordo
1559 1013 1597 1044 et

198 1058 371 1107 legitima
391 1058 601 1097 auctoritas
623 1058 898 1109 episcoporum
921 1059 1187 1098 labefactetur.

268 1145 356 1189 No.
389 1157 474 1199 119.
540 1146 647 1189 The
680 1146 818 1190 Fifth
850 1147 1078 1199 Sessi0n‚
1109 1159 1135 1200 3
1167 1147 1381 1201 August,
1412 1158 1538 1201 1530.

253 1222 317 1259 On
352 1222 419 1260 the
459 1221 562 1260 third
601 1223 676 1271 day
715 1223 759 1260 of
789 1223 943 1272 August
981 1252 987 1259 .
1023 1252 1030 1260 .
1065 1221 1135 1260 ,in
1170 1223 1237 1261 the
1275 1223 1481 1261 asternoon
1520 1222 1597 1261 His

200 1276 383 1324 Imperial
417 1276 586 1325 Majesty
620 1276 844 1314 assembled
875 1277 925 1314 all
960 1277 1025 1314 the
1062 1278 1217 1316 Estates
1255 1277 1299 1315 of
1326 1278 1392 1316 the
1424 1277 1598 1327 Empire‚

197 1330 276 1367 and
306 1330 373 1367 the
404 1329 663 1368 Confutation
695 1331 739 1367 of
764 1331 830 1368 the
862 1332 1085 1369 Protestant
1115 1330 1353 1371 Confession
1385 1344 1461 1369 was
1491 1332 1595 1377 read,

197 1396 238 1420 as
260 1384 408 1421 follows
426 1399 487 1421 :—

254 1438 454 1488 Principio
484 1445 615 1476 autem
642 1437 789 1477 Caesar
816 1438 982 1477 Carolus
1010 1452 1076 1488 per
1103 1438 1345 1477 Fridericum
1374 1438 1594 1477 Palatinum

198 1491 377 1541 exposuit
392 1505 432 1530 se
447 1493 514 1530 diu
533 1493 780 1542 multumque
794 1492 1031 1531 deliberasse
1040 1493 1089 1531 de
1099 1492 1369 1532 Confessionis
1382 1493 1597 1532 Saxonicae

197 1545 388 1593 doctrina,
406 1547 614 1585 mandasse
631 1559 790 1596 quoque
811 1546 899 1584 viris
924 1545 1074 1596 aliquot
1101 1546 1275 1585 honestis
1296 1554 1334 1585 et
1354 1546 1514 1586 eruditis
1529 1548 1538 1568 ¹
1556 1554 1598 1585 ut

198 1599 386 1638 iudicium
417 1601 601 1646 facerent,
633 1599 729 1650 quid
758 1599 821 1650 pie
851 1599 899 1638 sit
930 1599 968 1638 in
998 1613 1054 1648 ea,
1087 1600 1183 1650 quid
1210 1600 1337 1640 aliene
1366 1600 1515 1640 dictum
1546 1601 1596 1639 ab

198 1653 387 1692 ecclesiae
409 1668 605 1693 consensu
622 1669 631 1702 3
661 1654 800 1693 fecisse
821 1655 897 1692 hoc
918 1654 1014 1702 illos,
1039 1662 1076 1693 et
1098 1656 1333 1694 sententiam
1354 1654 1431 1694 alio
1451 1654 1596 1705 scripto

198 1709 501 1755 demonstrasse,
524 1709 632 1758 quod
654 1716 691 1746 et
712 1708 795 1758 ipse
816 1708 968 1759 probet.

253 1762 410 1801 Deinde
449 1762 609 1801 recitata
648 1762 719 1800 fuit
752 1762 1022 1802 Confessionis
1062 1762 1303 1810 Confutatio,
1343 1777 1366 1801 a
1404 1762 1596 1813 theologis

196 1816 425 1854 adversariis
438 1816 670 1866 conscripta,
689 1816 799 1855 cuius
816 1816 878 1854 hic
892 1825 971 1855 erat
988 1818 1098 1856 ordo.
1146 1818 1341 1867 Scriptum
1358 1818 1594 1856 Saxonicum

198 1869 237 1907 in
268 1871 367 1908 duas
397 1879 524 1919 partes
555 1870 778 1909 diviserant.
848 1870 956 1909 Prior
987 1871 1106 1909 habet
1140 1885 1183 1908 21
1221 1870 1424 1909 doctrinae
1455 1870 1593 1921 capita.

201 1925 257 1960 Ex
286 1923 330 1961 iis
359 1924 434 1961 alia
464 1933 701 1974 receperant,
724 1924 798 1963 alia
819 1926 1043 1972 reiecerant,
1066 1925 1260 1974 quaedam
1282 1924 1422 1974 partim
1443 1926 1595 1963 fuerant

198 1977 380 2025 admissa,
414 1978 553 2027 partim
585 1978 800 2028 repudiata,
834 1978 966 2017 multis
998 1987 1150 2029 patrum
1176 1987 1214 2017 et
1243 1978 1500 2017 conciliorum
1530 1980 1596 2017 ad-

199 2031 327 2069 ductis
358 2031 603 2069 testimoniis.
665 2034 712 2070 In
746 2032 898 2070 reiectis
929 2034 1026 2071 haec
1056 2040 1188 2071 erant:
1220 2033 1351 2082 Opera
1371 2032 1477 2071 bona
1497 2032 1594 2070 nihil

199 2086 348 2123 mereri.
409 2085 734 2123 Iustificationem
765 2086 880 2123 tribui
913 2086 984 2125 soli
1015 2086 1118 2133 fidei,
1149 2099 1229 2125 non
1257 2086 1374 2125 etiam
1396 2086 1593 2136 operibus.

200 2140 417 2177 Ecclesiam
449 2152 534 2178 esse
564 2139 907 2189 congregationem
938 2139 1105 2189 piorum.
1165 2141 1258 2178 Non
1282 2153 1398 2190 posse
1418 2140 1593 2178 satisfieri

198 2206 269 2243 pro
299 2193 480 2243 peccatis.
542 2194 664 2231 Divos
694 2206 773 2230 non
804 2193 1045 2232 intercedere
1075 2207 1144 2243 pro
1177 2193 1304 2232 nobis.
1375 2193 1463 2232 Alia
1493 2207 1594 2232 rece-

198 2255 335 2297 perant
370 2261 459 2285 cum
495 2248 627 2293 modo,
660 2248 709 2285 de
739 2247 970 2284 ceremoniis
1010 2247 1205 2284 nimirum.
1275 2249 1406 2286 Item:
1445 2250 1592 2286 Verum

199 2315 340 2351 corpus
361 2309 480 2351 atque
501 2300 730 2350 sanguinem
754 2300 898 2339 Christi
922 2314 1005 2339 esse
1028 2301 1065 2338 in
1087 2308 1342 2349 sacramento,
1366 2301 1432 2348 sic,
1456 2309 1497 2340 ut
1519 2301 1592 2340 sub

199 2355 374 2405 qualibet
414 2355 543 2405 specie
578 2354 625 2393 sit
665 2354 845 2394 Christus
880 2362 916 2392 et
955 2355 1087 2392 vinum
1128 2362 1246 2404 atque
1284 2355 1395 2405 panis
1428 2355 1593 2393 omnino

200 2417 409 2448 mutentur.
480 2410 583 2447 Illud
616 2409 665 2447 de
695 2407 942 2447 confessione
973 2408 1026 2447 sic
1055 2408 1330 2457 admittebant,
1359 2409 1390 2447 si
1424 2410 1592 2460 populus

244 2485 251 2503 ¹
280 2487 413 2527 Among
437 2486 526 2518 them
554 2485 622 2517 Eck
652 2484 877 2526 1486·†1343.
897 2485 1000 2516 Faber
1025 2484 1296 2525 c.1500—†1561.
1318 2485 1380 2516 and
1406 2485 1591 2516 Cochlaeus

206 2532 430 2570 ¹479-†1552·
