1715 2780
111 143 194 182 320
344 132 463 170 THE
494 129 868 175 PALATINATE,
899 127 1018 165 AND
1049 126 1278 166 POLAND
1436 127 1511 174 657

113 236 346 277 memoriam
378 235 437 275 his
467 234 586 285 signis
616 233 735 273 recoli
764 234 921 272 docent.
982 233 1086 270 Nam
1117 230 1217 270 sicut
1248 228 1428 270 Christus
1455 236 1514 267 est

112 294 250 339 Amen,
282 292 384 329 testis
404 290 547 340 fidelis,
575 302 708 335 verax,
729 288 874 327 veritas
902 291 938 324 et
964 287 1056 332 vita,
1089 284 1142 323 ita
1177 285 1316 324 Coena
1348 284 1511 322 Domini

113 353 173 385 est
198 344 414 396 praesentis
441 351 480 383 et
509 343 662 390 infiniti,
683 341 912 392 aeternique
942 340 1008 378 filii
1039 339 1115 378 Dei
1143 338 1334 389 unigeniti
1353 351 1376 376 a
1398 340 1513 375 Patre

114 399 327 440 memoria:
366 398 435 450 qui
469 411 510 436 se
542 406 581 437 et
615 410 685 436 sua
717 397 832 442 bona,
865 408 1023 434 carnem
1062 407 1173 433 suam
1209 402 1247 432 et
1281 391 1513 442 sanguinem

114 468 240 502 suum,
282 453 323 493 id
361 461 431 500 est,
471 466 615 503 panem
655 451 785 489 vivum
825 458 864 489 et
901 460 1040 501 potum
1079 449 1304 494 coelestem,
1349 445 1514 497 Spiritus

113 508 238 547 sancti
267 521 343 559 ope
372 520 441 559 per
469 507 633 545 verbum
663 504 934 556 promissionis
962 503 1118 554 gratiae,
1147 504 1259 541 offert
1288 509 1327 540 et
1356 500 1517 539 exbibet

114 562 248 602 electis
287 563 366 601 fide
403 574 494 600 vera
533 559 780 611 evangelium
825 557 972 598 Christi
1012 555 1428 608 apprehendentibus:
1473 561 1517 593 ut

116 618 257 656 Ioann.
279 615 327 655 vi.
1225 657 1228 659 Α

169 672 242 721 §8.
274 672 339 709 De
366 670 586 720 praesentia
621 670 662 707 in
702 665 1102 707 Coena-Christum
1134 663 1331 704 credimus
1366 661 1515 712 ubique

115 725 249 765 electis
281 724 360 764 suis
391 732 652 774 praesentem,
683 730 726 761 ut
757 721 899 760 Filium
934 720 1007 759 Dei
1045 721 1235 758 Iehovam
1265 716 1514 768 unigenitum

113 793 137 819 a
167 781 292 826 Patre,
316 787 511 829 quatenus
541 779 580 815 hi
603 785 679 816 tres
710 782 802 815 sunt
830 788 966 821 unum,
990 775 1030 813 id
1060 783 1118 813 est
1139 787 1241 812 unus
1266 774 1387 810 Deus.
1435 772 1514 810 Sed

114 833 179 873 hic
217 833 340 872 Filius
381 832 470 881 Dei,
500 840 542 871 ut
578 834 699 877 Deus,
732 832 869 868 Sermo
901 836 959 868 est
993 828 1156 878 mystice
1191 836 1229 866 et
1264 825 1515 877 spiritualiter

115 901 286 939 quoque,
318 889 415 926 dum
455 894 565 925 enter
604 891 830 936 praesenter
861 883 1039 922 Iehovali
1071 896 1141 921 sua
1173 881 1331 927 deitate,
1355 889 1392 919 et
1422 893 1514 918 cum

115 942 231 981 donis
258 943 298 980 in
327 940 531 992 unigenito
558 947 597 979 et
620 938 883 990 primogenito
904 937 1094 976 somatice
1122 944 1159 975 et
1186 949 1275 974 vere
1303 933 1516 974 habitantis

114 998 250 1036 adest:
280 995 444 1047 perinde
459 1003 503 1033 ut
524 997 649 1042 Pater,
664 993 764 1032 sicut
780 992 868 1031 vitis
889 991 929 1030 in
950 991 1190 1042 palmitibus,
1207 997 1325 1041 caput
1340 988 1378 1026 in
1396 1001 1516 1026 mern-

116 1051 194 1090 bris
214 1051 337 1090 adest.
411 1051 468 1089 Ut
494 1056 626 1088 autem
656 1056 714 1086 est
741 1049 874 1094 homo,
904 1045 1086 1085 fratribus
1111 1059 1179 1095 per
1205 1043 1339 1083 omnia
1367 1042 1514 1090 similis,

116 1105 157 1145 id
178 1113 236 1144 est
255 1103 292 1158 [?
304 1102 437 1156 adest]
456 1103 495 1142 in
519 1102 698 1142 Ecclesia
719 1115 789 1140 sua
811 1100 973 1151 mystice
995 1107 1033 1139 et
1054 1098 1316 1150 spiritualiter.
1371 1098 1515 1143 Primo,

115 1160 228 1199 adest
248 1173 316 1210 per
336 1158 524 1197 unionem
546 1171 636 1196 cum
656 1158 778 1207 Logo,
796 1163 991 1206 quatenus
1012 1154 1144 1193 unitus
1162 1162 1220 1192 est
1237 1155 1348 1203 Logo
1369 1151 1518 1201 ubique

116 1212 324 1264 praesenti.
384 1213 581 1259 Secundo,
607 1212 719 1250 adest
744 1210 782 1248 in
811 1223 881 1248 sua
907 1208 1169 1259 promissione
1194 1221 1263 1258 per
1289 1206 1453 1245 verbum
1479 1213 1518 1243 et

117 1269 249 1315 fidem,
259 1267 597 1306 communicando
611 1279 652 1304 se
669 1264 814 1311 electis,
825 1271 866 1302 ut
879 1263 967 1302 vitis
981 1262 1020 1301 in
1035 1262 1264 1313 palmitibus
1278 1259 1518 1300 distantibus

117 1330 156 1362 et
183 1321 329 1362 dissitis
359 1335 382 1360 a
409 1321 496 1367 vite,
520 1328 640 1371 caput
667 1320 707 1357 in
735 1317 922 1357 membris
950 1317 1096 1356 dissitis
1119 1331 1142 1355 a
1169 1315 1298 1366 capite
1317 1316 1430 1354 adest
1451 1327 1519 1364 per

118 1390 251 1416 venas.
309 1377 371 1415 Ita
391 1375 479 1414 vitis
500 1382 538 1414 et
561 1382 680 1425 caput
707 1374 829 1411 homo
854 1371 1034 1412 Christus
1056 1369 1135 1424 [in]
1157 1383 1318 1421 quoque
1338 1376 1517 1407 nostrum

117 1432 230 1470 adest
259 1444 328 1481 per
361 1429 642 1481 promissiones
671 1426 818 1478 gratiae
847 1427 943 1465 dum
974 1439 1118 1477 panem
1146 1425 1278 1463 vivum
1312 1431 1350 1462 et
1380 1430 1518 1473 potum

117 1486 327 1525 coelestem
357 1484 473 1523 nobis
507 1482 787 1522 communicat.
845 1479 991 1527 Tertio,
1026 1481 1138 1519 adest
1172 1477 1420 1517 institutione
1450 1490 1520 1515 sua

118 1538 391 1579 sacramentali
416 1545 483 1577 aut
508 1536 673 1588 Spiritus
700 1535 824 1575 sancti
852 1535 1044 1573 effusione
1072 1534 1111 1572 in
1136 1535 1294 1572 electos.
1354 1533 1517 1581 Quarto,

118 1593 248 1633 officio
282 1592 583 1644 dispensatorio,
614 1598 682 1630 aut
714 1588 995 1629 intercessione
1030 1602 1100 1639 pro
1131 1587 1277 1626 electis.
1337 1587 1431 1624 Non
1461 1592 1520 1623 est

117 1655 250 1687 autem
275 1660 460 1698 praesens
487 1646 694 1685 carnaliter
714 1646 814 1683 sicut
841 1643 881 1682 in
907 1652 1019 1682 utero
1048 1642 1191 1688 matris,
1219 1642 1259 1679 in
1288 1641 1449 1685 Iudaea,
1480 1639 1519 1676 in

119 1703 329 1753 sepulchro
367 1701 438 1739 fuit
477 1713 662 1751 praesens
701 1698 898 1738 localiter:
941 1697 1034 1748 quia
1070 1697 1249 1736 ascendit
1288 1695 1327 1733 in
1362 1695 1519 1733 coelum

119 1755 384 1807 corporaliter,
403 1754 576 1799 surrexit,
594 1767 675 1792 non
693 1761 752 1792 est
771 1752 847 1798 hic,
865 1760 903 1791 et
924 1758 1079 1802 oportet
1100 1750 1139 1789 in
1161 1751 1274 1789 coelo
1291 1761 1377 1788 esse
1394 1760 1520 1798 usque

119 1812 170 1850 ad
190 1810 296 1850 diem
319 1809 464 1848 iudicii.
522 1810 611 1847 Act.
632 1807 682 1846 iii.
712 1821 770 1845 11.

228 1932 320 1976 No.
347 1942 438 1984 321.
479 1929 586 1973 The
617 1929 921 1982 Heidelberg
952 1925 1257 1977 Catechism,
1288 1925 1416 1978 1563.

176 2022 388 2061 LXXVII.
423 2021 508 2069 Quo
528 2021 601 2057 loco
618 2018 803 2068 prmm'sit
825 2018 1003 2056 Christus
1022 2030 1059 2054 se
1077 2016 1309 2054 credentibus
1328 2020 1407 2052 tam
1427 2019 1524 2050 certo

121 2084 254 2127 corpus
287 2081 323 2113 et
353 2075 577 2124 sanguinem
605 2086 715 2110 secum
744 2073 797 2110 sic
823 2073 1005 2109 edendmn
1038 2076 1074 2108 et
1099 2071 1297 2108 bibendum
1325 2070 1521 2113 daturum,

122 2144 238 2181 quam
247 2129 423 2179 fractum
444 2129 546 2166 hunc
554 2133 697 2177 panem
718 2128 835 2164 edunt
853 2132 888 2163 el
896 2126 1077 2175 poculum
1099 2125 1165 2161 lma·
1182 2125 1342 2161 hibunt?

180 2186 227 2223 In
249 2182 494 2222 institutione
515 2181 689 2228 Coenae,
712 2182 823 2218 cuius
844 2181 942 2218 haec
963 2187 1054 2217 sunt
1075 2178 1216 2216 verba:
1247 2176 1464 2222 D.N.I.C.‚
1482 2188 1524 2212 ea

124 2245 224 2277 nocte
241 2251 319 2287 qua
330 2237 512 2286 proditus
530 2241 593 2282 est,
616 2237 685 2273 &o
710 2232 745 2286 [1
772 2234 863 2274 Cor.
884 2233 932 2271 xi.
957 2245 1057 2283 23—5
1076 2248 1082 2271 :
1115 2232 1255 2269 matth.
1276 2229 1372 2267 xxvi.
1399 2231 1499 2266 26-8
1517 2244 1523 2266 :

126 2294 250 2331 Marc.
273 2293 345 2329 xiv.
371 2305 497 2338 22—4:
539 2290 632 2328 Luc.
653 2288 739 2326 xxii.
766 2303 824 2338 19,
850 2286 927 2339 20].
986 2289 1101 2325 Haec
1128 2285 1336 2335 promissio
1356 2298 1379 2321 a
1401 2284 1525 2321 Paulo

26 2360 28 2398 j
125 2345 322 2397 repetitur,
346 2358 437 2383 cum
459 2343 607 2394 inquit:
647 2345 832 2381 Poculum
855 2343 1082 2391 gratiarnm
1104 2340 1261 2377 acliom's
1281 2340 1350 2376 &o
1373 2336 1409 2389 [1
1436 2338 1526 2376 Cor.

33 2430 34 2433 η
123 2415 157 2439 Χ.
184 2403 242 2447 16,
270 2397 345 2451 17].

26 2457 28 2470 ¹
66 2459 68 2462 ’
180 2453 414 2492 LXXVIII.
445 2454 555 2490 Num
586 2466 670 2502 ergo
690 2452 812 2501 panis
840 2456 876 2487 et
902 2450 1032 2489 vinum
1052 2448 1165 2497 fitml
1191 2448 1314 2495 flbsum
1341 2452 1474 2495 corpus
1494 2451 1531 2482 et

125 2509 282 2558 sangus's
303 2507 481 2546 Christi?

181 2578 247 2610 944
793 2570 819 2595 U
842 2571 866 2595 U
