1715 2780
16 2704 33 2780 ᾞῪῚἾ
17 2592 29 2693 ὴῖ”
14 2542 22 2583 ’”“”“
15 2509 20 2533 “““
16 2482 17 2492 ⁴

139 153 221 192 297
475 141 687 181 CALVIN
720 140 779 178 IN
813 139 994 183 Exim,
1031 138 1206 186 1538-41
1460 135 1535 183 585

141 248 262 298 Quod
289 259 375 285 eam
403 244 644 296 provinciam
674 242 839 293 suscepi,
863 241 1035 292 legitime
1064 240 1181 278 fuisse
1209 239 1425 278 vocationis
1454 238 1535 276 iure

141 315 230 341 meo
250 301 464 339 contendo.
488 330 494 337 .
521 331 528 337 .
551 330 558 336 .

196 407 295 462 [lee
327 408 529 446 mim‘ster’s
554 404 724 458 defeaean]
760 404 930 444 Duobus
955 403 1133 442 maximis
1165 400 1395 440 criminibus
1427 412 1535 438 reum

142 477 206 502 me
225 464 412 509 fecerunt,
435 462 642 500 haereseos
665 468 702 499 et
723 457 955 498 schismatis.

196 516 318 567 Atqui
346 515 517 555 haeresis
546 514 621 553 illis
648 514 720 552 fuit
747 514 855 564 quod
882 512 1048 562 receptis
1076 510 1175 549 inter
1195 523 1263 548 eos
1284 508 1537 559 dogmatibus

142 585 260 610 ausus
277 583 364 609 sum
381 571 603 608 reclamare.
654 567 763 617 Quid
784 580 876 606 vero
896 565 1075 604 fecissem
1093 566 1109 602 ?
1157 563 1383 602 Audiebam
1405 576 1451 601 ex
1471 575 1538 600 ore

144 633 212 664 tuo
233 637 312 664 non
332 625 449 662 aliam
477 636 562 662 esse
588 621 759 661 veritatis
789 623 918 659 lucem
946 621 997 658 ad
1023 618 1174 657 animas
1199 625 1352 656 nostras
1374 617 1414 654 in
1435 615 1537 654 viam

144 680 246 718 vitae
265 677 489 728 dirigendas
510 690 629 727 quam
650 689 751 726 quae
771 689 794 713 a
810 675 944 713 Verbo
965 682 1034 712 tuo
1055 673 1347 712 accenderetur.
1394 671 1538 709 Audie-

144 733 236 772 bam
275 745 360 771 esse
398 731 623 777 vanitatem,
664 729 856 780 quicquid
894 729 944 767 de
984 736 1050 766 tua
1089 728 1304 772 maiestate,
1341 726 1390 764 de
1430 725 1537 762 cultu

145 786 317 826 numinis
337 785 405 832 tui,
428 787 478 824 de
505 784 701 835 religionis
731 791 820 822 tuae
850 783 1042 832 mysteriis
1071 780 1302 830 concipiunt
1328 793 1351 817 a
1377 792 1418 817 se
1446 779 1539 828 ipsis

145 842 341 879 humanae
368 847 531 878 mentes.
591 838 816 877 Audiebam
844 835 1072 886 sacrilegam
1099 847 1184 874 esse
1210 833 1481 879 temeritatem,
1509 833 1538 870 si

145 902 260 934 natae
281 896 320 932 in
342 893 549 933 hominum
577 891 745 931 cerebris
773 890 977 930 doctrinae
1004 903 1075 940 pro
1102 888 1237 927 Verbo
1258 895 1327 926 tuo
1351 885 1541 926 ecclesiae

145 948 380 1000 ingerantur.
451 949 587 997 Quum
620 954 753 985 autem
788 946 924 983 oculos
955 945 1006 982 ad
1041 942 1223 981 homines
1257 948 1539 986 converterem,

146 1004 224 1041 illic
255 1001 389 1041 onmia
426 1003 543 1051 longe
582 1000 734 1039 diversa
770 999 1026 1049 apparebant.
1097 996 1177 1045 Qui
1217 997 1308 1034 fidei
1347 994 1541 1033 antistites

146 1057 404 1103 habebantur,
428 1056 605 1094 Verbum
633 1062 744 1092 tuum
773 1066 902 1103 neque
932 1051 1203 1101 intelligebant
1229 1063 1359 1100 neque
1385 1061 1542 1099 magno-

147 1124 238 1161 pere
259 1109 458 1149 curabant.
518 1108 737 1159 Peregrinis
761 1115 915 1146 tantum
942 1104 1195 1156 dogmatibus
1221 1104 1542 1153 circumagebant

148 1164 328 1204 miseram
359 1164 530 1214 plebem,
560 1177 606 1201 ac
636 1163 770 1201 nescio
800 1161 943 1211 quibus
982 1159 1139 1209 ineptiis
1178 1157 1432 1197 deludebant.
1494 1157 1542 1193 In

147 1219 264 1269 plebe
298 1218 382 1268 ipsa
413 1230 567 1256 summa
597 1216 719 1255 Verbi
752 1215 806 1254 tui
839 1214 1039 1253 veneratio
1070 1220 1150 1251 erat
1180 1213 1298 1251 veluti
1330 1225 1410 1250 rem
1441 1210 1543 1248 inac-

147 1286 298 1312 cessam
339 1273 475 1322 procul
514 1270 691 1317 revereri,
732 1269 885 1308 interim
925 1269 975 1307 ab
1014 1267 1123 1306 omni
1166 1266 1248 1305 eius
1288 1264 1543 1316 inquisitione

147 1326 356 1366 abstinere.
416 1327 530 1364 Haec
561 1332 644 1363 tum
675 1324 814 1374 supina
846 1330 1047 1373 pastorum
1079 1320 1270 1367 socordia,
1294 1328 1376 1358 tum
1408 1318 1541 1369 populi

149 1380 356 1431 stupiditas
390 1381 544 1426 fecerat,
581 1386 620 1417 ut
655 1378 789 1417 onmia
822 1376 1049 1427 perniciosis
1079 1375 1285 1421 erroribus,
1314 1372 1542 1418 mendaciis,

149 1433 492 1486 superstitionibus
517 1434 656 1472 referta
680 1439 822 1471 essent.
848 1461 853 1469 .
879 1462 885 1469 .
911 1462 916 1468 .
942 1430 1109 1469 Perinde
1130 1429 1234 1468 enim
1256 1442 1301 1466 ac
1329 1427 1358 1466 si
1383 1427 1544 1465 minime

149 1490 200 1528 ad
220 1488 404 1527 iustitiam
431 1489 534 1538 Lege
554 1495 622 1526 tua
642 1486 805 1525 instituti
827 1487 966 1532 forent,
985 1485 1126 1522 multas
1147 1483 1221 1521 sibi
1242 1481 1417 1520 fabricati
1435 1490 1544 1520 erant

150 1542 306 1582 inutiles
322 1555 457 1593 nugas,
472 1541 616 1592 quibus
631 1542 802 1580 favorem
820 1539 894 1578 sibi
911 1547 1022 1578 tuum
1039 1537 1295 1576 conciliarent
1313 1551 1319 1573 ι
1345 1535 1383 1574 in
1400 1535 1544 1585 quibus

151 1597 204 1636 ita
224 1596 298 1636 sibi
320 1596 634 1643 blandiebantur,
659 1602 699 1633 ut
724 1607 815 1645 prae
842 1593 916 1632 illis
944 1606 1069 1643 paene
1096 1598 1397 1630 contemnerent
1425 1602 1543 1639 quam

152 1650 191 1689 in
209 1652 314 1701 Lege
329 1659 397 1690 tua
412 1649 701 1689 commendasti
717 1662 830 1687 verae
846 1647 1015 1686 iustitiae
1036 1648 1206 1696 regulam
1226 1660 1232 1683 :
1254 1646 1355 1683 adeo
1372 1645 1546 1682 humana

151 1707 320 1752 decreta,
352 1712 546 1754 occupato
576 1704 697 1742 semel
728 1716 859 1752 regno,
885 1703 961 1739 tuis
992 1700 1112 1750 ipsius
1142 1697 1371 1749 praeceptis,
1403 1697 1434 1735 si
1464 1710 1545 1735 non

153 1760 284 1805 fidem,
302 1766 341 1797 at
357 1766 462 1797 certe
477 1756 750 1795 auctoritatem
767 1758 1060 1805 derogaverant.
1121 1755 1246 1799 Haec,
1269 1752 1453 1797 Domine,
1474 1780 1482 1788 .
1507 1782 1513 1788 .
1538 1781 1543 1788 .

153 1820 195 1851 ut
215 1813 553 1863 deprehenderem
580 1824 699 1860 quam
720 1809 840 1860 impia
860 1808 1055 1858 noxiaque
1076 1814 1217 1854 essent,
1240 1814 1281 1845 tu
1303 1805 1398 1843 mihi
1420 1806 1545 1843 facem

153 1866 288 1905 Verbo
314 1873 383 1904 tuo
407 1864 633 1916 praetulisti.
656 1894 663 1902 .
686 1895 693 1902 .
718 1895 725 1902 .
751 1866 799 1902 In
819 1863 970 1901 ratione
991 1875 1083 1901 vero
1104 1861 1306 1900 doctrinae
1330 1859 1545 1906 reddenda,

153 1919 379 1970 vides-quid
399 1919 642 1958 conscientia
663 1932 750 1957 mea
771 1919 888 1956 ferat:
920 1929 1000 1955 non
1025 1917 1143 1955 fuisse
1171 1916 1319 1953 scilicet
1346 1911 1442 1952 mihi
1463 1925 1548 1963 pro-

154 1973 338 2025 positum,
379 1981 485 2012 extra
522 1986 590 2012 eos
629 1972 779 2022 evagari
821 1973 916 2011 fines
956 1983 1055 2021 quos
1094 1969 1279 2008 videbam
1319 1967 1437 2006 servis
1471 1968 1547 2005 tuis

154 2028 340 2067 omnibus
370 2041 455 2067 esse
483 2026 730 2066 constitutos.
754 2057 760 2064 .
784 2057 790 2064 .
817 2058 822 2064 .

210 2083 332 2131 Quod
357 2089 489 2121 autem
514 2080 610 2119 mihi
637 2082 687 2120 de
711 2080 952 2120 discessione
972 2079 1023 2117 ab
1046 2079 1224 2117 Ecclesia
1249 2076 1420 2114 obiicere
1445 2073 1548 2113 soliti

157 2144 258 2183 sunt,
293 2149 424 2186 neque
458 2135 498 2173 in
532 2148 579 2174 eo
614 2136 715 2173 male
750 2134 846 2172 mihi
877 2133 1059 2172 conscius
1091 2146 1204 2171 sum:
1244 2130 1318 2168 nisi
1351 2131 1447 2168 forte
1480 2141 1549 2178 pro

157 2191 355 2229 desertore
385 2190 592 2229 habendus
620 2196 677 2228 est
705 2188 771 2239 qui
798 2188 865 2227 ubi
894 2187 1036 2226 milites
1063 2188 1170 2225 fusos
1197 2198 1243 2223 ac
1271 2185 1421 2234 palatos
1442 2181 1548 2220 videt

158 2245 294 2294 procul
320 2243 478 2283 ordines
504 2243 715 2293 reliquisse,
740 2243 852 2292 signo
876 2241 987 2280 ducis
1015 2241 1181 2286 sublato,
1205 2252 1272 2277 eos
1298 2237 1336 2275 in
1361 2236 1548 2275 stationes

158 2311 247 2336 suas
276 2305 444 2337 revocat.
467 2328 475 2335 .
499 2329 505 2335 .
528 2327 535 2335 .
560 2299 646 2347 Ego
676 2309 830 2346 semper
856 2304 894 2334 et
920 2295 1048 2334 verbis
1069 2302 1107 2333 et
1126 2293 1237 2332 factis
1265 2299 1427 2330 testatus
1448 2303 1546 2337 sum,

159 2360 308 2402 quanto
329 2351 487 2390 unitatis
508 2351 639 2390 studio
660 2358 824 2390 tenerer.
882 2351 1030 2388 Verum
1052 2348 1117 2386 illa
1138 2346 1233 2385 mihi
1257 2353 1337 2384 erat
1361 2343 1550 2384 ecclesiae

159 2405 299 2454 unitas,
331 2418 432 2456 quae
464 2405 534 2444 abs
566 2413 603 2444 te
638 2404 827 2455 inciperet
855 2417 902 2442 ac
936 2403 975 2441 in
1005 2411 1043 2440 te
1075 2401 1281 2440 desineret.
1306 2430 1312 2437 .
1336 2428 1369 2436 ..
1408 2400 1486 2445 Me,
1519 2399 1550 2436 si

161 2473 298 2510 pacem
326 2460 471 2499 habere
495 2460 632 2498 vellem
662 2472 752 2497 cum
780 2458 824 2496 iis
845 2457 912 2508 qui
934 2471 974 2496 se
995 2456 1192 2494 iactabant
1221 2453 1422 2492 Ecclesiae
1445 2465 1551 2503 prae-

161 2515 263 2553 sules
283 2521 320 2553 et
343 2513 433 2553 fidei
455 2515 670 2559 columnas,
695 2526 779 2551 eam
808 2511 999 2550 redimere
1027 2508 1234 2559 oportebat.
1256 2506 1439 2547 Veritatis
1461 2514 1551 2545 tuae

158 2567 461 2617 abnegatione..
488 2568 692 2616 ..Neque
726 2579 817 2604 vero
857 2564 1045 2604 dissidere
1086 2577 1146 2601 me
1179 2562 1231 2600 ab
1268 2560 1444 2600 Ecclesia
1486 2568 1551 2598 tua
