1715 2780
140 91 214 136 248
345 87 641 129 CATHoLlc
670 90 790 127 ΛΝΒ
822 89 1206 136 PROTESTANT‚
1240 101 1340 139 1529
1461 99 1538 135 109

139 193 314 243 padium,
353 194 470 232 ‘Hoc
509 201 567 231 est
606 207 746 243 corpus
781 194 952 231 meum':
997 200 1039 230 ut
1073 205 1123 230 ne
1161 192 1212 230 ab
1242 192 1303 231 his
1332 192 1460 231 verbis
1498 205 1539 231 se

139 247 283 286 abduci
305 255 511 298 pateretur.
572 249 676 285 Tum
699 249 815 296 longa
835 246 1012 285 oratione
1031 247 1227 296 praefatur
1247 255 1284 285 et
1305 254 1539 297 protestatur

141 305 149 320 ‘
163 303 272 351 quod
292 302 343 340 ab
367 303 553 340 adversae
575 301 692 351 partis
717 300 945 339 hominibus
969 299 1186 347 dissentiat,
1208 300 1329 350 idque
1349 308 1538 351 perpetuo

138 355 310 393 facturus
332 355 391 402 sit,
414 369 505 393 cum
523 355 701 394 Christus
722 354 965 404 apertissime
986 354 1148 393 dixerit:
1175 356 1402 405 “Accipite‚
1420 355 1536 401 edite,

139 410 215 447 hoc
247 418 305 448 est
336 422 480 458 corpus
513 410 681 447 meum.⁷’
742 409 821 446 Hic
860 408 955 447 dicit
986 409 1280 447 ostendendum
1315 421 1400 447 esse
1430 410 1537 458 quod

138 476 280 513 corpus
310 477 390 502 non
421 462 468 501 sit
499 464 666 512 corpus!
724 462 1048 501 Adversariorum
1088 462 1323 501 sententiam
1361 462 1534 501 adduxit.

139 517 404 565 Quaestiones
435 518 560 555 nullas
588 517 627 554 in
653 524 732 554 tam
761 516 905 566 apertis
929 516 1057 554 verbis
1081 516 1264 555 admittit.
1324 516 1537 555 Rationem

138 584 297 610 omnem
329 580 366 609 et
397 584 651 609 communem
683 584 841 608 sensum
872 569 1054 608 excludit.
1124 572 1369 620 Argumenta
1399 570 1537 617 carnis,

139 625 232 663 item
262 633 492 674 argumenta
522 625 800 662 mathematica
828 624 976 663 reiicit:
1009 627 1017 643 ‘
1033 626 1189 671 Deum,'
1210 623 1403 674 inquiens,
1428 627 1436 643 ‘
1453 637 1539 662 esse

139 692 254 728 supra
276 678 606 725 mathematicam,
630 686 668 716 et
690 679 807 717 verba
830 678 905 716 Dei
926 691 1017 716 cum
1039 685 1198 728 stupore
1224 691 1310 716 esse
1336 679 1538 717 adoranda

138 740 175 771 et
206 733 408 771 facienda:
451 734 559 770 Deus
589 740 721 770 autem
752 732 952 782 praecipit,
986 731 1214 782 “Accipite,
1237 731 1354 779 edite,
1376 733 1453 770 hoc
1480 740 1538 771 est

136 801 277 838 corpus
300 788 488 826 meum.⁷''

192 841 528 891 Oecolampadius
558 842 608 879 ad
636 848 865 890 argumenta
895 840 1054 878 Lutheri
1083 841 1308 889 respondet,
1330 847 1368 879 et
1395 853 1479 890 cap.
1501 841 1538 878 vi

138 896 299 935 Ioannis
317 896 565 934 tractandum
582 902 728 941 censet,
743 902 784 932 ut
807 895 898 932 inde
916 894 1053 944 reliqui
1074 894 1150 932 loci
1167 893 1419 944 explicentur.
1473 895 1538 932 Ad

137 952 224 997 hoc,
259 952 375 988 ‘Hoc
405 956 464 987 est
493 962 635 998 corpus
667 950 823 994 meum,'
853 949 1027 994 adducit,
1052 949 1161 997 ‘Ego
1191 960 1278 986 sum
1307 947 1395 986 vitis
1426 950 1538 986 veras

139 1004 307 1042 Divinae
332 1002 580 1053 possibilitati
602 1016 681 1041 non
705 1002 949 1040 contradicit.
1008 1004 1044 1039 A
1065 1001 1210 1039 carnali
1231 1002 1538 1040 manducatione

137 1059 298 1097 deducit
319 1058 370 1096 ad
394 1056 634 1107 spiritualem
653 1071 659 1094 z
689 1070 799 1094 suam
823 1055 1059 1094 sententiam
1080 1055 1176 1094 dicit
1199 1068 1280 1093 non
1302 1068 1442 1094 vanam
1465 1069 1537 1094 nec

136 1112 353 1151 indivinam
375 1124 471 1157 esse,
495 1118 674 1148 constare
702 1110 807 1148 enim
836 1124 882 1148 ex
910 1111 987 1148 fide
1008 1118 1046 1147 et
1067 1108 1276 1159 Scriptura.

193 1167 388 1204 Lutherus
420 1165 668 1214 metaphoras
698 1164 886 1214 agnoscit.
948 1167 956 1182 ‘
974 1167 994 1182 ‘⁴
1011 1165 1103 1201 Hoc
1124 1171 1182 1202 est
1207 1176 1349 1213 corpus
1372 1177 1503 1201 meum
1519 1165 1537 1179 ”

138 1221 303 1258 sumitur
337 1218 668 1257 demonstrative:
713 1231 803 1255 nam
839 1217 1030 1268 generalis
1059 1230 1135 1255 vox
1164 1217 1308 1266 patitur
1336 1218 1538 1267 metapho-

138 1276 244 1312 1·am.⁷
325 1273 489 1322 Quaerit
529 1273 756 1321 ‘quomodo
805 1271 1013 1321 spiritualis
1061 1271 1316 1309 manducatio
1360 1272 1535 1309 secludat

137 1329 403 1377 corporalem.⁷
463 1328 595 1364 Patres
626 1339 710 1363 esse
739 1326 790 1362 al)
816 1327 935 1363 altera
953 1332 1061 1374 parte
1082 1326 1233 1372 fatetur,
1249 1324 1288 1362 'si
1308 1324 1537 1363 admittatur

137 1380 417 1431 interpretatio.

192 1433 539 1483 Oecolampadius,
558 1437 565 1452 ‘
583 1435 697 1482 “Ego
711 1446 797 1470 sum
813 1433 900 1470 vitis
915 1434 1028 1470 vera*
1050 1432 1168 1471 etiarn
1183 1432 1534 1470 demonstrativum

135 1492 217 1528 est.'
277 1490 357 1527 Res
378 1495 507 1538 potest
527 1500 635 1525 esse:
667 1499 747 1536 quo
768 1488 889 1525 modo
909 1486 968 1524 sit.

194 1544 392 1581 Lutherus
417 1555 497 1579 non
527 1548 643 1591 negat
668 1542 819 1590 figuras,
842 1542 910 1578 sed
932 1541 1024 1586 vult,
1048 1548 1090 1578 ut
1117 1540 1269 1590 probet,
1292 1539 1356 1577 hic
1381 1553 1466 1578 esse
1490 1553 1536 1578 ex

137 1597 328 1648 petitione
358 1595 550 1646 principii,
575 1595 703 1634 ‘Cum
733 1594 912 1633 Christus
935 1593 1085 1640 dixerit,
1110 1597 1129 1614 “
1148 1595 1242 1632 Hoc
1271 1601 1340 1641 est,
1359 1595 1376 1611 ’⁷
1404 1606 1536 1633 neces—

138 1653 230 1689 sitas
252 1650 481 1700 requiritur.⁷

193 1703 529 1753 Oecolampadius
577 1702 669 1752 legit
717 1716 800 1752 cap.
842 1703 875 1739 vi
919 1701 1091 1748 Ioannis,
1131 1710 1169 1740 et
1217 1710 1354 1752 postea
1396 1701 1536 1751 probat

139 1759 363 1798 ‘Christum
394 1757 447 1796 ibi
478 1764 641 1795 tractare
666 1757 716 1794 de
743 1755 932 1806 spirituali
954 1755 1260 1794 manducatione
1280 1763 1320 1794 et
1339 1755 1536 1793 abducere

137 1827 159 1851 a
180 1811 383 1862 corporali,
406 1825 487 1849 non
508 1810 622 1860 igitur
643 1823 728 1848 esse
749 1811 991 1860 corporalem
1014 1809 1388 1849 manducationem.'

194 1867 389 1904 Lutherus
419 1865 558 1914 repetit
587 1864 746 1902 recitata
776 1878 821 1902 ex
843 1877 927 1914 cap.
950 1863 985 1901 vi
1009 1865 1066 1901 Io.
1089 1871 1128 1901 et
1156 1862 1275 1902 dicit:
1313 1863 1536 1901 ‘Sententia

138 1929 204 1958 tua
239 1927 307 1965 est,
341 1932 410 1969 per
442 1918 681 1967 spiritualem
717 1917 1067 1956 manducationem
1103 1916 1249 1955 abduci
1277 1929 1301 1954 a
1330 1916 1532 1967 corporali.

140 1973 278 2012 Iudaei
308 1980 493 2022 putarunt
524 1985 613 2009 eum
645 1972 938 2009 comedendum
971 1984 1067 2018 esse,
1100 1972 1200 2009 sicut
1232 1970 1343 2020 panis
1375 1977 1412 2009 et
1445 1983 1534 2008 caro

137 2027 264 2066 editur
285 2040 331 2064 ex
352 2025 496 2075 patina,
513 2026 593 2063 and
613 2024 690 2062 like
711 2033 813 2062 roast
834 2026 955 2073 pork.'

192 2079 527 2129 Oecolampadius
544 2078 757 2128 respondit,
779 2082 786 2098 ‘
802 2080 906 2116 hunc
928 2078 1170 2116 intellectum
1186 2091 1272 2117 esse
1293 2078 1504 2116 humilem'
1523 2093 1529 2114 :

138 2135 205 2172 ubi
227 2134 410 2183 utrinque
431 2134 547 2181 longa
568 2131 808 2170 concertatio
830 2141 866 2169 et
887 2131 1090 2170 contentio
1112 2131 1193 2169 fuit.

192 2186 538 2236 Oecolampadius,
565 2185 786 2224 ‘Christum
819 2185 857 2222 in
887 2198 989 2234 pane
1018 2187 1177 2223 credere
1206 2185 1342 2235 opinio
1369 2193 1426 2223 est
1454 2198 1533 2222 non

137 2243 245 2281 fides.
296 2240 565 2279 Periculosum
588 2246 645 2277 est
661 2238 826 2276 nimium
847 2238 1051 2276 elementis
1071 2238 1307 2277 attribuere.’

192 2297 399 2341 Lutherus,
426 2295 508 2331 ‘To
530 2306 628 2331 wear
647 2305 669 2330 a
694 2300 805 2330 straw
824 2305 870 2330 ex
896 2292 1003 2330 iussu
1036 2291 1210 2338 Domini,
1230 2292 1428 2342 spirituale
1452 2294 1534 2331 est.'

139 2351 378 2399 Exemplum
407 2349 505 2385 from
535 2360 556 2384 a
588 2347 817 2384 horse-shoe
846 2347 961 2394 longe
985 2345 1162 2395 explicat.
1227 2347 1345 2383 ‘Non
1377 2354 1531 2396 oportet

137 2405 340 2442 attendere
367 2401 463 2452 quid
488 2400 651 2446 dicatur,
674 2401 744 2438 sed
764 2399 862 2449 quis.
923 2400 1058 2447 Quum
1090 2401 1200 2437 Deus
1230 2398 1402 2449 quuitur
1421 2399 1530 2449 quid,

136 2458 359 2495 auscultent
379 2454 668 2493 homunciones
685 2469 690 2491 :
713 2467 836 2503 quum
858 2452 1047 2502 praecipit
1062 2452 1168 2502 quid,
1192 2460 1325 2503 pareat
1345 2454 1528 2498 mundus,

137 2518 175 2548 et
196 2523 334 2549 omnes
355 2510 628 2548 exosculemur
647 2508 822 2554 verbum,
846 2506 942 2544 nihil
963 2508 1062 2544 ultra
1082 2506 1249 2545 curiosi.'
