1715 2780
224 126 273 162 94
709 108 1157 148 MELANCHTHON
1566 116 1618 155 47

225 217 406 262 busdam,
424 223 465 253 ut
487 223 616 253 essent
638 213 705 263 qui
726 212 799 251 sibi
821 225 901 250 rem
919 210 1224 250 ecclesiasticam
1241 210 1461 250 necessario
1477 210 1619 250 scirent

223 269 575 309 administrandam
606 281 700 313 esse,
733 274 771 305 et
800 267 850 304 ad
883 279 982 316 quos
1017 265 1088 304 rite
1121 263 1250 303 referri
1281 272 1425 315 posset,
1461 264 1493 302 si
1523 263 1619 315 quid

224 324 436 362 incidisset.

282 379 343 424 Et,
367 385 409 415 ut
430 378 505 415 hoc
526 376 652 414 obiter
674 388 869 421 moneam,
892 373 1087 412 vocabulo
1114 372 1290 424 episcopi
1315 379 1382 410 aut
1405 371 1620 422 presbyteri

226 440 292 470 aut
313 430 470 470 diaconi
491 443 570 468 non
592 428 802 467 convenire
822 441 912 466 curn
934 427 1129 466 vocabulo
1150 425 1375 465 sacerdotis.
1430 427 1621 464 Sacerdos

227 485 333 524 enim
353 498 376 523 a
396 483 586 523 sacrificio
606 483 646 520 in
667 481 874 531 Scripturis
896 489 933 520 et
954 481 1242 530 interpellando
1261 479 1414 519 dicitur.
1464 480 1622 518 Sumus-

228 553 305 589 que
327 539 549 577 sacerdotes
571 549 710 575 omnes
731 534 954 582 Christiani,
970 534 1063 584 quia
1083 533 1329 580 sacrificium,
1352 535 1429 572 hoc
1449 541 1518 580 est,
1541 546 1622 572 cor-

228 606 301 643 pus
340 599 518 630 nostrum
554 590 764 629 offerimus.
837 590 942 627 Nam
982 596 1181 637 praeterea
1213 588 1366 625 nullum
1397 594 1456 625 est
1482 586 1624 625 sacrifi-

228 646 332 685 cium
354 646 394 683 in
416 643 729 689 Christianismo,
752 650 790 681 et
813 642 872 681 ius
894 642 1086 680 habemus
1107 640 1382 691 interpellandi
1403 640 1479 679 Dei
1499 640 1623 679 immo

228 708 265 738 et
286 698 480 750 placandi.
525 699 620 736 Huc
641 696 807 747 pertinet
828 695 1023 734 sententia
1044 694 1156 742 Petri,
1179 707 1275 744 gens
1295 702 1441 741 sancta,
1459 707 1622 744 regnum

229 753 500 791 sacerdotale.¹
558 753 686 801 Reges
717 749 822 788 enim
857 762 992 788 sumus
1027 747 1238 788 Christiani
1277 747 1369 798 quia
1407 747 1518 786 liberi
1555 760 1625 797 per

229 806 431 847 Christum
466 806 644 844 omnium
674 812 949 849 creaturarum,
985 801 1098 849 vitae,
1132 802 1278 848 mortis,
1310 802 1462 851 peccati
1500 802 1624 840 domi-

229 874 378 899 namur.
404 890 410 896 .
435 889 442 898 .
466 890 472 897 .
497 859 728 897 Sacerdotes
758 857 849 906 quia
878 869 950 894 nos
980 856 1086 906 ipsos
1109 857 1197 894 Deo
1222 855 1431 902 offerimus,
1454 863 1492 893 et
1514 856 1626 893 inter-

230 916 422 964 pellamus
452 926 522 963 pro
552 911 723 962 peccatis
753 910 906 949 nostris.
967 911 1082 948 Haec
1102 909 1217 947 latius
1237 910 1354 947 docet
1376 907 1554 958 Epistola
1573 909 1624 946 ad

232 968 356 1006 Hebr.
417 965 617 1016 Episcopi,
641 964 868 1015 presbyteri,
890 963 1047 1002 diaconi
1069 976 1150 1001 non
1171 971 1262 1001 sunt
1283 961 1357 1000 nisi
1377 961 1444 1012 qui
1465 963 1622 1008 docent,

231 1021 438 1072 baptizant,
463 1019 705 1058 benedicunt
734 1031 904 1064 mensae,
928 1019 1199 1066 eleemosynas
1230 1015 1472 1066 dispensant.
1531 1015 1625 1053 Mis-

231 1075 317 1113 sarii
340 1075 561 1113 sacerdotes
584 1074 798 1123 prophetae
821 1072 1022 1118 Iezabehs,
1042 1072 1117 1110 hoc
1139 1077 1208 1117 est,
1228 1071 1381 1108 Romae
1401 1076 1502 1108 sunt.
1535 1099 1542 1107 .
1577 1100 1583 1107 .
1617 1099 1622 1106 .

867 1251 989 1288 XXII

395 1349 748 1390 RADICALISM
778 1350 852 1386 AT
882 1347 1274 1393 WITTENBERG,
1308 1357 1462 1396 1521-2

282 1444 395 1478 From
427 1452 449 1485 4
486 1443 576 1486 May
611 1450 693 1486 1521
732 1448 769 1475 to
797 1450 816 1484 3
849 1441 980 1475 March
1015 1448 1103 1484 1522
1132 1439 1271 1474 Luther
1304 1439 1364 1483 lay
1397 1438 1460 1473 hid
1494 1438 1530 1472 in
1564 1439 1627 1472 the

234 1490 444 1533 Wartburg.
500 1490 561 1523 On
589 1497 603 1523 1
631 1487 737 1532 April
765 1495 849 1532 1521
873 1487 934 1529 (de
959 1488 1083 1521 Wette
1109 1486 1131 1522 i.
1150 1485 1233 1531 582)
1261 1486 1308 1520 he
1334 1485 1408 1520 had
1434 1484 1572 1530 replied
1589 1491 1627 1519 to

233 1537 296 1571 the
330 1537 401 1570 last
434 1535 476 1570 of
512 1535 569 1569 his
611 1534 833 1568 Dominican
871 1533 1114 1577 antagonists‚
1144 1531 1363 1567 Ambrosius
1390 1530 1625 1572 Catharinus‚

238 1584 480 1627 1487-†1553,
499 1581 681 1625 asserting
708 1581 789 1615 ‘ubi
815 1580 999 1626 baptisma
1024 1586 1061 1614 et
1087 1591 1221 1624 panem
1239 1586 1275 1614 et
1293 1578 1527 1623 evangelium
1545 1589 1628 1612 esse

235 1629 370 1664 videris
392 1655 399 1663 .
420 1655 427 1664 .
447 1656 454 1664 .
482 1628 529 1663 ibi
569 1628 765 1663 ecclesiam
792 1638 874 1662 esse
911 1639 984 1662 non
1024 1626 1188 1662 dubites’
1229 1626 1315 1671 (Op.
1347 1626 1433 1660 Lat.
1467 1637 1501 1659 v.
1530 1625 1626 1668 311).

238 1677 298 1711 He
324 1688 404 1710 now
431 1682 544 1710 wrote
570 1675 631 1717 (de
657 1675 793 1713 Wette‚
820 1673 854 1708 ii.
883 1679 953 1718 13),
984 1683 997 1708 1
1027 1675 1133 1718 June,
1153 1684 1200 1707 on
1224 1673 1371 1707 Private
1396 1671 1626 1713 Confession,

235 1723 444 1767 refmming,
471 1723 534 1757 but
568 1729 631 1756 not
658 1720 877 1764 abolishing‚
905 1721 967 1755 the
997 1720 1220 1762 ordinance;
1260 1719 1346 1763 and,
1379 1728 1424 1752 20
1451 1719 1562 1763 June,
1590 1717 1627 1751 in

236 1770 338 1814 reply
351 1777 388 1803 to
405 1771 581 1803 Latomus
601 1768 686 1813 (Op.
704 1768 789 1801 Lat.
809 1778 841 1801 v.
863 1776 929 1810 397
946 1767 1056 1811 sqq.),
1110 1768 1152 1800 In
1168 1766 1379 1801 December
1395 1765 1442 1800 he
1462 1764 1552 1808 [No.
1564 1763 1624 1806 48]

236 1817 380 1861 finally
396 1816 586 1850 humbled
604 1816 676 1849 the
694 1815 958 1858 Archbishop
986 1814 1031 1848 of
1052 1814 1191 1847 Mainz
1219 1812 1280 1856 (de
1306 1813 1439 1854 Wette‚
1466 1811 1502 1845 ii.
1534 1811 1627 1851 112).

241 1864 312 1896 But
349 1861 565 1897 meanwhile
592 1862 873 1905 developments
900 1861 988 1894 took
1024 1860 1130 1904 place
1164 1866 1202 1894 at
1236 1858 1469 1902 Wittenberg
1495 1857 1626 1899 which,

238 1909 301 1943 but
335 1909 390 1942 for
427 1908 485 1941 his
520 1908 780 1949 intervention,
808 1908 926 1941 would
964 1907 1059 1941 have
1093 1905 1317 1940 discredited
1350 1905 1408 1939 his
1445 1903 1628 1947 teaching.

239 1957 309 1989 See
353 1954 494 1995 Ranke,
545 1954 811 1998 Rfformatimz,
857 1955 924 1995 248
973 1964 1054 1998 sqq.
1120 1953 1172 1987 Of
1218 1953 1280 1987 the
1320 1952 1465 1986 secular
1505 1950 1627 1994 clergy

239 2013 339 2036 some
372 2000 541 2039 married,
568 2000 643 2034 and
669 2000 783 2034 found
810 2012 832 2034 a
857 2000 1054 2043 champion
1080 1999 1116 2033 in
1145 1999 1342 2042 Carlstadt‚
1371 2007 1415 2041 29
1439 1998 1545 2041 June,
1569 1997 1629 2030 De

237 2047 440 2082 coelibatu:
476 2046 592 2088 while,
620 2057 757 2089 among
785 2047 847 2080 the
872 2046 989 2088 friars,
1010 2045 1160 2080 Gabriel
1187 2045 1361 2088 Zwilling‚
1384 2044 1626 2088 1487-†1558‚

239 2095 301 2128 the
327 2093 576 2136 Augustinian
606 2093 793 2136 preacher,
811 2092 996 2133 attacked,
1015 2093 1036 2126 6
1059 2092 1135 2126 and
1157 2101 1197 2134 13
1218 2092 1313 2133 Oct.,
1332 2091 1421 2125 both
1446 2088 1628 2124 monastic

239 2152 336 2174 vows
370 2140 443 2173 and
479 2139 619 2183 private
653 2149 794 2172 inasses
822 2140 998 2182 (Reports
1028 2139 1067 2172 of
1101 2147 1137 2172 11
1169 2138 1250 2173 Oct.
1276 2137 1351 2171 and
1381 2145 1419 2170 12
1447 2137 1544 2170 Nov.
1569 2146 1627 2179 ap.

243 2188 384 2230 Corpus
416 2186 729 2230 Reformatorum‚
766 2184 786 2218 i.
820 2184 901 2226 460,
936 2184 1034 2226 483),
1069 2190 1131 2217 not
1166 2183 1316 2217 without
1349 2189 1501 2226 support
1533 2182 1627 2216 from

242 2234 409 2267 Luther’s
436 2231 601 2265 treatises
627 2231 685 2264 De
710 2230 923 2274 abroganda
948 2232 1062 2263 missa
1079 2231 1252 2273 privata,
1277 2239 1289 2262 1
1322 2229 1416 2262 Nov.
1437 2228 1525 2271 (Op.
1541 2228 1627 2261 Lat.

239 2281 286 2314 vi.
318 2288 380 2321 113
407 2284 503 2322 sqq.)
529 2278 603 2311 and
628 2277 686 2309 De
711 2278 807 2310 votis
832 2278 1053 2318 monasth-is,
1085 2284 1125 2309 21
1164 2276 1259 2309 Nov.
1297 2274 1397 2317 (ibid.
1429 2274 1497 2318 238
1522 2274 1628 2318 sqq).

241 2325 416 2360 Fortified
440 2325 487 2368 by
509 2323 598 2368 [No.
617 2321 676 2367 49]
702 2323 897 2367 opinions
922 2322 1014 2356 frorn
1039 2333 1060 2355 a
1082 2321 1292 2355 committee
1313 2320 1355 2355 of
1381 2321 1443 2354 the
1472 2320 1628 2355 Univer-

241 2373 323 2416 sity,
351 2381 395 2405 20
425 2372 506 2405 Oct.
536 2370 619 2414 (Op.
647 2370 729 2404 Lat.
749 2369 794 2403 vi.
814 2378 878 2411 217
905 2379 1007 2413 sqq.:
1044 2368 1082 2402 C.
1100 2368 1144 2401 R.
1169 2367 1188 2402 i.
1217 2368 1282 2411 465
1307 2366 1417 2411 sqq.),
1436 2367 1510 2401 and
1534 2367 1627 2401 from

817 2454 826 2470 ¹
853 2461 863 2483 1
886 2453 952 2484 Pet.
970 2452 1002 2483 ii.
1022 2463 1050 2496 9.
