1715 2780
162 81 216 119 42
254 71 374 110 THE
399 71 536 108 DIET
557 69 630 109 OF
649 69 868 114 WORMS,
895 80 940 116 27
964 67 1187 116 JAN.—25
1213 66 1346 112 MAY,
1375 77 1470 115 1521
1516 68 1563 115 83

165 187 285 224 quam
315 186 450 212 eorum
481 172 629 211 irritum
666 171 800 210 haberi
836 171 966 217 velles,
996 183 1046 208 an
1081 169 1214 208 omnia
1246 170 1432 219 probares
1464 182 1566 219 quae

165 227 368 279 profiteris,
391 227 718 266 deliberationem
733 224 864 275 petisti
885 237 987 275 quae
1000 237 1106 261 nunc
1124 224 1243 261 finem
1265 223 1397 270 habet,
1411 222 1564 261 etiamsi

165 282 248 321 iure
282 281 490 332 impetrare
521 294 602 319 non
632 281 827 319 debueras
857 278 1012 329 longius
1046 277 1247 328 cogitandi
1282 277 1465 327 spatium,
1498 279 1565 328 qui

166 343 276 376 tanto
302 344 480 386 tempore
515 334 660 374 scivisti
689 335 741 373 ad
770 333 867 384 quid
895 331 1098 371 vocareris.
1159 333 1210 370 Et
1240 330 1332 370 fidei
1362 332 1564 381 negotium

167 398 247 429 tam
267 397 419 429 certum
439 389 625 428 omnibus
647 401 732 427 esse
758 386 1033 432 conveniebat,
1058 393 1099 424 ut
1121 385 1301 436 quisque,
1324 398 1566 436 quocunque

166 453 344 495 tempore
357 445 590 494 postulatus,
607 443 799 481 rationem
820 441 903 480 eius
919 449 1066 479 certam
1081 447 1119 478 et
1132 447 1380 478 constantem
1402 440 1567 478 reddere

166 498 302 549 possit,
333 499 484 537 nedum
518 504 561 535 tu
590 504 722 535 tantus
754 504 792 535 et
825 504 905 534 tam
941 493 1173 533 exercitatus
1204 494 1449 543 Theologiae
1477 495 1567 532 Pro-

166 553 297 592 fessor.
357 553 455 602 Age,
485 552 647 590 tandem
679 551 875 600 responde
908 550 1124 589 Caesareae
1155 547 1422 598 postulationi,
1454 547 1566 586 cuius

166 605 451 656 benignitatem
479 605 518 643 in
554 604 802 655 impetrando
832 602 1033 654 cogitandi
1064 602 1191 652 spatio
1227 600 1405 640 sensisti:
1441 601 1566 639 Visne

167 659 286 699 libros
307 668 396 698 tuos
416 658 570 709 agnitos
591 671 730 697 omnes
752 657 879 696 tueri?
907 671 958 695 an
979 669 1071 695 vero
1092 655 1311 706 quidquam
1332 657 1568 694 retractare?

167 715 282 752 Haec
302 713 421 752 latine
442 720 481 752 et
499 712 723 763 germanice
743 711 839 751 dixit
860 710 1061 750 Officialis.

222 767 448 817 Respondit
478 769 527 805 D.
560 768 755 805 Martinus
785 773 823 804 et
852 765 936 815 ipse
964 764 1084 803 latine
1113 772 1152 802 et
1180 764 1415 814 germanice,
1447 777 1567 814 quan-

167 835 287 872 quam
321 820 549 871 suppliciter
579 834 660 859 non
690 822 875 866 clamose,
906 832 951 857 ac
987 819 1178 865 modeste,
1209 831 1291 856 non
1321 826 1453 856 tamen
1483 817 1568 856 sine

168 875 393 916 Christiana
424 874 675 913 animositate
709 882 748 912 et
782 874 1015 918 constantia,
1047 880 1084 911 et
1120 872 1173 910 ita
1206 879 1249 910 ut
1280 871 1474 922 cupierint
1502 872 1568 910 ad-

167 929 323 968 versarii
351 928 571 968 orationem
602 937 640 967 et
669 928 846 966 animum
875 926 1142 965 abiectiorem.
1203 927 1281 964 Sed
1309 928 1434 964 multo
1463 925 1568 976 cupi-

167 983 329 1022 dissime
349 990 624 1033 exspectarunt
644 981 947 1028 revocationem,
971 980 1082 1019 cuius
1103 993 1214 1030 spem
1235 980 1408 1030 expetito
1424 979 1571 1018 delibe-

167 1037 279 1076 randi
301 1036 428 1087 spatio
448 1037 680 1075 nonnullam
701 1043 976 1085 conceperant.
1037 1034 1100 1073 Sic
1120 1042 1253 1073 autem
1275 1034 1479 1084 respondit
1493 1049 1559 1071 :—

223 1090 480 1130 Serenissime
533 1090 707 1128 Domine
761 1091 992 1139 Imperator,
1035 1088 1291 1126 Illustrissimi
1354 1087 1567 1138 Principes,

170 1143 479 1184 Clementissimi
520 1143 694 1191 Domini,
735 1145 785 1182 ad
816 1143 1031 1193 praefixum
1072 1142 1168 1180 mihi
1203 1142 1386 1180 hesterno
1418 1142 1568 1191 vesperi

169 1198 381 1237 terminum
425 1198 618 1237 obediens
657 1210 879 1247 compareo,
921 1209 989 1247 per
1032 1195 1340 1234 misericordiam
1381 1195 1457 1234 Dei
1502 1195 1569 1235 ob-

169 1265 338 1300 secrans,
369 1253 404 1291 S.
439 1253 496 1291 M.
527 1253 574 1290 V.
610 1251 994 1300 Dominationesque
1024 1257 1173 1288 vestrae
1202 1249 1485 1288 illustrissimae
1515 1251 1569 1288 di-

168 1314 336 1357 gnentur
356 1319 516 1345 causam
538 1307 640 1344 hanc
662 1305 721 1356 (ut
746 1307 876 1356 spero)
905 1303 1076 1343 iustitiae
1097 1312 1134 1342 et
1161 1304 1333 1343 veritatis
1353 1305 1569 1343 clementer

169 1360 327 1400 audire:
375 1368 507 1410 atque,
541 1361 571 1398 si
612 1373 680 1410 per
719 1358 954 1409 imperitiam
991 1372 1120 1397 meam
1160 1359 1221 1397 vel
1260 1358 1402 1408 dignos
1434 1357 1568 1396 titulos

170 1414 354 1465 cuiquam
375 1427 457 1452 non
477 1415 626 1453 dedero
646 1415 707 1452 vel
728 1426 984 1463 quocumque
1006 1413 1126 1451 modo
1147 1413 1186 1450 in
1208 1425 1336 1451 mores
1357 1420 1569 1462 gestusque

168 1467 317 1507 aulicos
338 1481 565 1518 peccavero,
588 1467 809 1517 benigniter
830 1467 1032 1517 ignoscere
1055 1474 1096 1504 ut
1124 1466 1276 1504 homini
1301 1480 1382 1504 non
1410 1465 1449 1504 in
1470 1465 1568 1504 aulis

170 1523 240 1561 sed
270 1521 310 1560 in
339 1521 492 1572 angulis
527 1522 815 1560 monachorum
849 1528 1014 1567 versato,
1046 1519 1115 1569 qui
1149 1519 1247 1558 nihil
1277 1520 1385 1558 aliud
1419 1521 1470 1558 de
1505 1533 1569 1558 me

169 1575 300 1614 testari
316 1589 479 1626 possum
497 1589 616 1625 quam
630 1589 675 1614 ea
691 1574 942 1625 simplicitate
957 1574 1078 1612 animi
1100 1575 1292 1613 hactenus
1307 1587 1370 1612 me
1385 1573 1569 1611 docuisse

169 1638 208 1668 et
255 1631 466 1680 scripsisse,
507 1637 549 1668 ut
583 1637 735 1668 tanturn
774 1628 937 1679 gloriam
973 1629 1050 1666 Dei
1084 1636 1122 1666 et
1161 1627 1352 1665 sinceram
1393 1626 1568 1665 fidelium

170 1683 317 1723 Christi
338 1683 626 1722 institutionem
647 1690 877 1733 spectarem.

224 1737 478 1776 Serenissime
511 1739 742 1787 Imperator,
772 1735 1111 1785 Illustrissimique
1141 1734 1354 1784 Principes,
1386 1735 1437 1773 ad
1468 1735 1568 1772 duos

171 1790 257 1830 illos
277 1791 462 1830 articulos
489 1791 571 1829 heri
592 1804 660 1840 per
682 1792 719 1828 S.
742 1792 799 1828 M.
822 1791 868 1828 V.
894 1789 989 1827 mihi
1010 1788 1245 1839 propositos,
1269 1788 1428 1836 scilicet,
1450 1801 1500 1826 an
1531 1789 1569 1825 li-

170 1845 294 1883 bellos
316 1845 530 1883 recensitos
551 1852 588 1883 et
609 1845 771 1882 nomine
794 1857 883 1882 meo
904 1844 1105 1893 evulgatos
1120 1855 1376 1893 agnoscerem
1395 1855 1516 1889 meos,
1533 1850 1570 1880 et

170 1899 209 1936 in
223 1899 282 1937 his
297 1898 559 1937 defendendis
575 1911 821 1948 perseverare
833 1904 901 1936 aut
916 1910 1098 1935 revocare
1112 1896 1227 1935 velim
1245 1898 1262 1934 ?
1280 1896 1373 1935 dedi
1391 1904 1566 1946 paratum

169 1960 207 1990 et
241 1953 404 2002 planum
436 1965 570 1991 meum
602 1965 836 2001 responsum
877 1964 993 2001 super
1030 1952 1196 1989 articulo
1227 1949 1367 2000 priore,
1409 1950 1449 1988 in
1488 1963 1568 1999 quo

167 2006 299 2044 adhuc
330 2006 495 2056 persisto
529 2005 816 2056 persistamque
850 2005 889 2042 in
918 2013 1135 2051 aeternum,
1168 2017 1253 2042 esse
1284 2003 1467 2042 videlicet
1502 2016 1568 2041 eos

170 2058 289 2098 libros
310 2072 421 2099 meos
442 2072 612 2109 meoque
637 2061 799 2097 nomine
823 2072 846 2097 a
873 2072 936 2097 me
961 2060 1174 2108 evulgatos,
1198 2058 1269 2096 nisi
1292 2059 1391 2096 forte
1412 2057 1567 2095 interim

169 2112 355 2151 acciderit
384 2121 437 2160 ut,
468 2114 714 2151 aemulorum
745 2114 805 2151 vel
838 2112 982 2151 astutia
1016 2113 1077 2150 vel
1109 2111 1299 2162 sapientia
1330 2111 1566 2160 importuna,

171 2165 387 2216 quidquam
408 2166 448 2204 in
469 2166 542 2205 illis
563 2174 757 2205 mutatum
778 2174 844 2204 aut
865 2167 1076 2215 depravate
1096 2173 1323 2215 excerptum
1345 2164 1404 2202 sit.
1464 2166 1567 2202 Nam

170 2218 277 2258 aliud
297 2221 413 2270 plane
434 2233 514 2258 non
534 2233 706 2270 agnosco
733 2220 806 2258 nisi
830 2221 940 2269 quod
961 2219 1037 2258 mei
1059 2220 1179 2257 solius
1204 2227 1262 2257 est
1289 2226 1327 2256 et
1356 2232 1378 2256 a
1400 2231 1462 2256 me
1484 2218 1568 2255 solo

171 2272 368 2323 scriptum,
390 2273 485 2312 citra
505 2274 633 2312 omnis
653 2273 823 2312 cuiusvis
843 2273 1055 2312 industriae
1077 2273 1449 2323 interpretationem.

225 2327 289 2365 Ad
308 2329 473 2365 alterum
501 2341 592 2365 vero
612 2340 870 2377 responsurus
897 2340 1003 2376 rogo,
1025 2328 1062 2365 S.
1087 2328 1142 2365 M.
1166 2328 1213 2365 V.
1236 2334 1274 2364 et
1297 2327 1415 2364 Dom.
1442 2325 1567 2362 Vestr.

171 2378 379 2429 dignentur
415 2381 591 2419 animum
630 2383 832 2419 advertere
869 2380 988 2419 libros
1028 2394 1137 2419 meos
1178 2393 1259 2418 non
1298 2392 1383 2418 esse
1431 2388 1569 2415 omnes

172 2432 348 2471 eiusdem
368 2434 528 2483 generis,

831 2499 854 2523 o
880 2502 898 2525 2
