<?xml version="1.0" encoding="UTF-8"?>
<!DOCTYPE html PUBLIC "-//W3C//DTD XHTML 1.0 Transitional//EN"
    "http://www.w3.org/TR/xhtml1/DTD/xhtml1-transitional.dtd">
<html xmlns="http://www.w3.org/1999/xhtml" xml:lang="en" lang="en">
 <head>
  <title>
</title>
<meta http-equiv="Content-Type" content="text/html;charset=utf-8" />
  <meta name='ocr-system' content='tesseract 3.04.00' />
  <meta name='ocr-capabilities' content='ocr_page ocr_carea ocr_par ocr_line ocrx_word'/>
</head>
<body>
  <div class='ocr_page' id='page_1' title='image "./docreform00kidd_0459.png"; bbox 0 0 1715 2780; ppageno 0'>
   <div class='ocr_carea' id='block_1_1' title="bbox 0 332 45 2780">
    <p class='ocr_par' dir='ltr' id='par_1_1' title="bbox 0 332 45 2780">
     <span class='ocr_line' id='line_1_1' title="bbox 0 332 45 2780; baseline 0 0"><span class='ocrx_word' id='word_1_1' title='bbox 0 332 45 2780; x_wconf 95' lang='lat' dir='ltr'> </span> 
     </span>
    </p>
   </div>
   <div class='ocr_carea' id='block_1_2' title="bbox 117 64 1508 128">
    <p class='ocr_par' dir='ltr' id='par_1_2' title="bbox 117 64 1508 128">
     <span class='ocr_line' id='line_1_2' title="bbox 117 64 1508 128; baseline -0.005 -10"><span class='ocrx_word' id='word_1_2' title='bbox 117 89 190 128; x_wconf 88' lang='lat'>197</span> <span class='ocrx_word' id='word_1_3' title='bbox 277 79 397 117; x_wconf 84' lang='lat' dir='ltr'>THE</span> <span class='ocrx_word' id='word_1_4' title='bbox 429 73 845 116; x_wconf 82' lang='lat' dir='ltr'><strong>DISPUTATIONS</strong></span> <span class='ocrx_word' id='word_1_5' title='bbox 879 75 950 111; x_wconf 80' lang='lat' dir='ltr'>AT</span> <span class='ocrx_word' id='word_1_6' title='bbox 982 64 1214 113; x_wconf 76' lang='lat' dir='ltr'><strong>ZURICH.</strong></span> <span class='ocrx_word' id='word_1_7' title='bbox 1252 85 1349 123; x_wconf 82' lang='lat'>1523</span> <span class='ocrx_word' id='word_1_8' title='bbox 1436 87 1508 123; x_wconf 72' lang='lat'>431</span> 
     </span>
    </p>
   </div>
   <div class='ocr_carea' id='block_1_3' title="bbox 115 176 1521 2502">
    <p class='ocr_par' dir='ltr' id='par_1_3' title="bbox 115 176 1513 706">
     <span class='ocr_line' id='line_1_3' title="bbox 116 176 1511 230; baseline -0.002 -12"><span class='ocrx_word' id='word_1_9' title='bbox 116 179 211 230; x_wconf 92' lang='lat' dir='ltr'>quin</span> <span class='ocrx_word' id='word_1_10' title='bbox 233 178 363 229; x_wconf 87' lang='lat' dir='ltr'>potius</span> <span class='ocrx_word' id='word_1_11' title='bbox 384 179 626 218; x_wconf 86' lang='lat' dir='ltr'>credendum</span> <span class='ocrx_word' id='word_1_12' title='bbox 649 185 717 226; x_wconf 90' lang='lat' dir='ltr'>est,</span> <span class='ocrx_word' id='word_1_13' title='bbox 741 177 846 228; x_wconf 87' lang='lat' dir='ltr'>ipsos</span> <span class='ocrx_word' id='word_1_14' title='bbox 869 176 1071 227; x_wconf 78' lang='lat' dir='ltr'>Evangelii</span> <span class='ocrx_word' id='word_1_15' title='bbox 1102 176 1282 216; x_wconf 89' lang='lat' dir='ltr'>doctrina</span> <span class='ocrx_word' id='word_1_16' title='bbox 1312 190 1413 227; x_wconf 86' lang='lat' dir='ltr'>quae</span> <span class='ocrx_word' id='word_1_17' title='bbox 1434 177 1511 215; x_wconf 86' lang='lat' dir='ltr'>iam</span> 
     </span>
     <span class='ocr_line' id='line_1_4' title="bbox 115 232 1513 284; baseline -0.003 -11"><span class='ocrx_word' id='word_1_18' title='bbox 115 234 229 273; x_wconf 90' lang='lat' dir='ltr'>annis</span> <span class='ocrx_word' id='word_1_19' title='bbox 248 232 399 284; x_wconf 83' lang='lat' dir='ltr'>aliquot</span> <span class='ocrx_word' id='word_1_20' title='bbox 418 233 526 283; x_wconf 90' lang='lat' dir='ltr'>apud</span> <span class='ocrx_word' id='word_1_21' title='bbox 546 246 616 271; x_wconf 90' lang='lat' dir='ltr'>vos</span> <span class='ocrx_word' id='word_1_22' title='bbox 636 232 861 283; x_wconf 89' lang='lat' dir='ltr'>praedicata</span> <span class='ocrx_word' id='word_1_23' title='bbox 882 239 949 280; x_wconf 90' lang='lat' dir='ltr'>est,</span> <span class='ocrx_word' id='word_1_24' title='bbox 979 232 1178 270; x_wconf 89' lang='lat' dir='ltr'>institutos</span> <span class='ocrx_word' id='word_1_25' title='bbox 1209 239 1246 270; x_wconf 88' lang='lat' dir='ltr'>et</span> <span class='ocrx_word' id='word_1_26' title='bbox 1277 238 1406 269; x_wconf 89' lang='lat' dir='ltr'>motos</span> <span class='ocrx_word' id='word_1_27' title='bbox 1436 233 1513 270; x_wconf 88' lang='lat' dir='ltr'>tale</span> 
     </span>
     <span class='ocr_line' id='line_1_5' title="bbox 115 285 1513 339; baseline -0.003 -12"><span class='ocrx_word' id='word_1_28' title='bbox 115 287 308 339; x_wconf 84' lang='lat' dir='ltr'>quiddam</span> <span class='ocrx_word' id='word_1_29' title='bbox 329 287 424 326; x_wconf 90' lang='lat' dir='ltr'>citra</span> <span class='ocrx_word' id='word_1_30' title='bbox 445 299 606 326; x_wconf 90' lang='lat' dir='ltr'>omnem</span> <span class='ocrx_word' id='word_1_31' title='bbox 629 286 751 325; x_wconf 85' lang='lat' dir='ltr'>animi</span> <span class='ocrx_word' id='word_1_32' title='bbox 773 285 961 325; x_wconf 88' lang='lat' dir='ltr'>malitiam</span> <span class='ocrx_word' id='word_1_33' title='bbox 981 299 1098 325; x_wconf 90' lang='lat' dir='ltr'>ausos</span> <span class='ocrx_word' id='word_1_34' title='bbox 1129 287 1248 324; x_wconf 88' lang='lat' dir='ltr'>fuisse</span> <span class='ocrx_word' id='word_1_35' title='bbox 1268 301 1274 324; x_wconf 91' lang='lat'>:</span> <span class='ocrx_word' id='word_1_36' title='bbox 1305 293 1343 324; x_wconf 91' lang='lat' dir='ltr'>et</span> <span class='ocrx_word' id='word_1_37' title='bbox 1364 298 1454 324; x_wconf 91' lang='lat' dir='ltr'>meo</span> <span class='ocrx_word' id='word_1_38' title='bbox 1475 294 1513 324; x_wconf 90' lang='lat' dir='ltr'>et</span> 
     </span>
     <span class='ocr_line' id='line_1_6' title="bbox 116 339 1511 393; baseline -0.002 -12"><span class='ocrx_word' id='word_1_39' title='bbox 116 341 295 381; x_wconf 90' lang='lat' dir='ltr'>omnium</span> <span class='ocrx_word' id='word_1_40' title='bbox 324 342 561 393; x_wconf 81' lang='lat' dir='ltr'><strong>praesidum,</strong></span> <span class='ocrx_word' id='word_1_41' title='bbox 589 342 825 391; x_wconf 87' lang='lat' dir='ltr'>collegarum</span> <span class='ocrx_word' id='word_1_42' title='bbox 857 353 1047 388; x_wconf 89' lang='lat' dir='ltr'>meorum,</span> <span class='ocrx_word' id='word_1_43' title='bbox 1077 341 1147 379; x_wconf 89' lang='lat' dir='ltr'>sed</span> <span class='ocrx_word' id='word_1_44' title='bbox 1176 347 1213 379; x_wconf 91' lang='lat' dir='ltr'>et</span> <span class='ocrx_word' id='word_1_45' title='bbox 1244 339 1511 378; x_wconf 90' lang='lat' dir='ltr'>ministrorum</span> 
     </span>
     <span class='ocr_line' id='line_1_7' title="bbox 116 394 1512 444; baseline -0.003 -8"><span class='ocrx_word' id='word_1_46' title='bbox 116 396 305 436; x_wconf 86' lang='lat' dir='ltr'>ecclesiae</span> <span class='ocrx_word' id='word_1_47' title='bbox 329 395 492 435; x_wconf 88' lang='lat' dir='ltr'>nomine</span> <span class='ocrx_word' id='word_1_48' title='bbox 513 408 582 435; x_wconf 92' lang='lat' dir='ltr'>vos</span> <span class='ocrx_word' id='word_1_49' title='bbox 611 409 681 435; x_wconf 94' lang='lat' dir='ltr'>oro</span> <span class='ocrx_word' id='word_1_50' title='bbox 711 402 749 433; x_wconf 87' lang='lat' dir='ltr'>et</span> <span class='ocrx_word' id='word_1_51' title='bbox 780 395 957 434; x_wconf 91' lang='lat' dir='ltr'>obtestor</span> <span class='ocrx_word' id='word_1_52' title='bbox 986 396 1030 433; x_wconf 89' lang='lat' dir='ltr'>P.</span> <span class='ocrx_word' id='word_1_53' title='bbox 1054 394 1098 434; x_wconf 91' lang='lat' dir='ltr'>C.</span> <span class='ocrx_word' id='word_1_54' title='bbox 1123 402 1165 432; x_wconf 91' lang='lat' dir='ltr'>ut</span> <span class='ocrx_word' id='word_1_55' title='bbox 1192 402 1230 433; x_wconf 93' lang='lat' dir='ltr'>et</span> <span class='ocrx_word' id='word_1_56' title='bbox 1258 407 1326 433; x_wconf 91' lang='lat' dir='ltr'>vos</span> <span class='ocrx_word' id='word_1_57' title='bbox 1347 395 1399 433; x_wconf 92' lang='lat' dir='ltr'>de</span> <span class='ocrx_word' id='word_1_58' title='bbox 1418 394 1512 444; x_wconf 88' lang='lat' dir='ltr'>ipsis</span> 
     </span>
     <span class='ocr_line' id='line_1_8' title="bbox 115 448 1509 501; baseline -0.003 -11"><span class='ocrx_word' id='word_1_59' title='bbox 115 450 279 501; x_wconf 88' lang='lat' dir='ltr'>aequius</span> <span class='ocrx_word' id='word_1_60' title='bbox 311 450 484 490; x_wconf 86' lang='lat' dir='ltr'>iudicare</span> <span class='ocrx_word' id='word_1_61' title='bbox 515 457 553 489; x_wconf 89' lang='lat' dir='ltr'>et</span> <span class='ocrx_word' id='word_1_62' title='bbox 585 463 606 488; x_wconf 90' lang='lat' dir='ltr'>e</span> <span class='ocrx_word' id='word_1_63' title='bbox 637 449 802 488; x_wconf 91' lang='lat' dir='ltr'>vinculis</span> <span class='ocrx_word' id='word_1_64' title='bbox 833 449 1017 488; x_wconf 87' lang='lat' dir='ltr'>liberatos</span> <span class='ocrx_word' id='word_1_65' title='bbox 1049 448 1247 488; x_wconf 82' lang='lat' dir='ltr'>dimittere</span> <span class='ocrx_word' id='word_1_66' title='bbox 1281 448 1509 499; x_wconf 85' lang='lat' dir='ltr'>dignemini.</span> 
     </span>
     <span class='ocr_line' id='line_1_9' title="bbox 118 502 1513 554; baseline -0.002 -10"><span class='ocrx_word' id='word_1_67' title='bbox 118 506 270 545; x_wconf 88' lang='lat' dir='ltr'>Consul</span> <span class='ocrx_word' id='word_1_68' title='bbox 290 518 382 544; x_wconf 89' lang='lat' dir='ltr'>vero</span> <span class='ocrx_word' id='word_1_69' title='bbox 401 504 528 543; x_wconf 86' lang='lat' dir='ltr'>amice</span> <span class='ocrx_word' id='word_1_70' title='bbox 557 505 802 554; x_wconf 90' lang='lat' dir='ltr'>respondens</span> <span class='ocrx_word' id='word_1_71' title='bbox 835 516 916 542; x_wconf 94' lang='lat' dir='ltr'>rem</span> <span class='ocrx_word' id='word_1_72' title='bbox 944 505 1047 542; x_wconf 91' lang='lat' dir='ltr'>hanc</span> <span class='ocrx_word' id='word_1_73' title='bbox 1072 502 1183 542; x_wconf 92' lang='lat' dir='ltr'>facile</span> <span class='ocrx_word' id='word_1_74' title='bbox 1210 502 1369 554; x_wconf 84' lang='lat' dir='ltr'>transigi</span> <span class='ocrx_word' id='word_1_75' title='bbox 1396 515 1513 553; x_wconf 90' lang='lat' dir='ltr'>posse</span> 
     </span>
     <span class='ocr_line' id='line_1_10' title="bbox 116 557 1512 609; baseline -0.002 -11"><span class='ocrx_word' id='word_1_76' title='bbox 116 558 225 607; x_wconf 88' lang='lat' dir='ltr'>dixit,</span> <span class='ocrx_word' id='word_1_77' title='bbox 259 560 290 597; x_wconf 91' lang='lat' dir='ltr'>si</span> <span class='ocrx_word' id='word_1_78' title='bbox 319 558 587 609; x_wconf 86' lang='lat' dir='ltr'>disputatione</span> <span class='ocrx_word' id='word_1_79' title='bbox 620 557 728 596; x_wconf 88' lang='lat' dir='ltr'>finita</span> <span class='ocrx_word' id='word_1_80' title='bbox 760 557 813 597; x_wconf 91' lang='lat' dir='ltr'>rei</span> <span class='ocrx_word' id='word_1_81' title='bbox 845 557 1046 597; x_wconf 89' lang='lat' dir='ltr'>veritatem</span> <span class='ocrx_word' id='word_1_82' title='bbox 1073 559 1240 596; x_wconf 88' lang='lat' dir='ltr'>Senatus</span> <span class='ocrx_word' id='word_1_83' title='bbox 1270 564 1308 596; x_wconf 94' lang='lat' dir='ltr'>et</span> <span class='ocrx_word' id='word_1_84' title='bbox 1342 558 1512 608; x_wconf 89' lang='lat' dir='ltr'>populus</span> 
     </span>
     <span class='ocr_line' id='line_1_11' title="bbox 118 610 1512 664; baseline -0.001 -12"><span class='ocrx_word' id='word_1_85' title='bbox 118 613 272 664; x_wconf 89' lang='lat' dir='ltr'>plenius</span> <span class='ocrx_word' id='word_1_86' title='bbox 298 612 561 663; x_wconf 86' lang='lat' dir='ltr'>cognovisset.</span> <span class='ocrx_word' id='word_1_87' title='bbox 621 611 697 650; x_wconf 89' lang='lat' dir='ltr'>His</span> <span class='ocrx_word' id='word_1_88' title='bbox 727 611 842 650; x_wconf 90' lang='lat' dir='ltr'>dictis</span> <span class='ocrx_word' id='word_1_89' title='bbox 866 624 1072 661; x_wconf 82' lang='lat' dir='ltr'>assurgens</span> <span class='ocrx_word' id='word_1_90' title='bbox 1103 619 1260 651; x_wconf 90' lang='lat' dir='ltr'>coetum</span> <span class='ocrx_word' id='word_1_91' title='bbox 1293 610 1452 659; x_wconf 81' lang='lat' dir='ltr'>dimisit,</span> <span class='ocrx_word' id='word_1_92' title='bbox 1475 620 1512 650; x_wconf 87' lang='lat' dir='ltr'>et</span> 
     </span>
     <span class='ocr_line' id='line_1_12' title="bbox 116 665 1068 706; baseline -0.002 0"><span class='ocrx_word' id='word_1_93' title='bbox 116 667 191 706; x_wconf 88' lang='lat' dir='ltr'>sub</span> <span class='ocrx_word' id='word_1_94' title='bbox 211 667 421 706; x_wconf 83' lang='lat' dir='ltr'>crastinam</span> <span class='ocrx_word' id='word_1_95' title='bbox 441 679 620 705; x_wconf 89' lang='lat' dir='ltr'>auroram</span> <span class='ocrx_word' id='word_1_96' title='bbox 642 679 781 704; x_wconf 88' lang='lat' dir='ltr'>omnes</span> <span class='ocrx_word' id='word_1_97' title='bbox 802 665 926 705; x_wconf 90' lang='lat' dir='ltr'>redire</span> <span class='ocrx_word' id='word_1_98' title='bbox 948 666 1068 704; x_wconf 89' lang='lat' dir='ltr'>iussit.</span> 
     </span>
    </p>

    <p class='ocr_par' dir='ltr' id='par_1_4' title="bbox 173 720 742 773">
     <span class='ocr_line' id='line_1_13' title="bbox 173 720 742 773; baseline -0.004 -13"><span class='ocrx_word' id='word_1_99' title='bbox 173 721 233 773; x_wconf 91' lang='lat' dir='ltr'>(ii)</span> <span class='ocrx_word' id='word_1_100' title='bbox 272 723 333 761; x_wconf 89' lang='lat' dir='ltr'>On</span> <span class='ocrx_word' id='word_1_101' title='bbox 354 722 414 759; x_wconf 68' lang='lat' dir='ltr'>tlte</span> <span class='ocrx_word' id='word_1_102' title='bbox 433 722 559 768; x_wconf 84' lang='lat' dir='ltr'>Mass,</span> <span class='ocrx_word' id='word_1_103' title='bbox 585 731 630 768; x_wconf 89' lang='lat'>27</span> <span class='ocrx_word' id='word_1_104' title='bbox 654 720 742 759; x_wconf 90' lang='lat' dir='ltr'>Oct.</span> 
     </span>
    </p>

    <p class='ocr_par' dir='ltr' id='par_1_5' title="bbox 116 773 1518 2114">
     <span class='ocr_line' id='line_1_14' title="bbox 171 773 1514 825; baseline -0.001 -11"><span class='ocrx_word' id='word_1_105' title='bbox 171 778 227 814; x_wconf 73' lang='lat' dir='ltr'><em>H</em></span> <span class='ocrx_word' id='word_1_106' title='bbox 258 776 474 825; x_wconf 81' lang='lat' dir='ltr'>Zuinglius.</span> <span class='ocrx_word' id='word_1_107' title='bbox 536 776 584 813; x_wconf 94' lang='lat' dir='ltr'>In</span> <span class='ocrx_word' id='word_1_108' title='bbox 614 773 777 813; x_wconf 90' lang='lat' dir='ltr'>nomine</span> <span class='ocrx_word' id='word_1_109' title='bbox 808 774 884 812; x_wconf 89' lang='lat' dir='ltr'>Dei</span> <span class='ocrx_word' id='word_1_110' title='bbox 914 773 1049 812; x_wconf 88' lang='lat' dir='ltr'>Patris.</span> <span class='ocrx_word' id='word_1_111' title='bbox 1100 776 1242 813; x_wconf 84' lang='lat' dir='ltr'>Amen.</span> <span class='ocrx_word' id='word_1_112' title='bbox 1276 805 1283 813; x_wconf 91' lang='lat'><em>.</em></span> <span class='ocrx_word' id='word_1_113' title='bbox 1313 804 1318 812; x_wconf 93' lang='lat'>.</span> <span class='ocrx_word' id='word_1_114' title='bbox 1349 804 1355 811; x_wconf 90' lang='lat'><em>.</em></span> <span class='ocrx_word' id='word_1_115' title='bbox 1382 775 1514 812; x_wconf 88' lang='lat' dir='ltr'>Primo</span> 
     </span>
     <span class='ocr_line' id='line_1_15' title="bbox 116 828 1514 881; baseline -0.002 -12"><span class='ocrx_word' id='word_1_116' title='bbox 116 830 213 870; x_wconf 92' lang='lat' dir='ltr'>illud</span> <span class='ocrx_word' id='word_1_117' title='bbox 234 829 420 869; x_wconf 90' lang='lat' dir='ltr'>omnibus</span> <span class='ocrx_word' id='word_1_118' title='bbox 440 841 670 881; x_wconf 90' lang='lat' dir='ltr'>persuasum</span> <span class='ocrx_word' id='word_1_119' title='bbox 691 841 776 868; x_wconf 90' lang='lat' dir='ltr'>esse</span> <span class='ocrx_word' id='word_1_120' title='bbox 792 830 975 867; x_wconf 88' lang='lat' dir='ltr'>volumus</span> <span class='ocrx_word' id='word_1_121' title='bbox 992 836 1072 867; x_wconf 89' lang='lat' dir='ltr'>tam</span> <span class='ocrx_word' id='word_1_122' title='bbox 1089 841 1217 867; x_wconf 92' lang='lat' dir='ltr'>meam</span> <span class='ocrx_word' id='word_1_123' title='bbox 1235 841 1351 879; x_wconf 87' lang='lat' dir='ltr'>quam</span> <span class='ocrx_word' id='word_1_124' title='bbox 1369 828 1514 867; x_wconf 87' lang='lat' dir='ltr'>Leonis</span> 
     </span>
     <span class='ocr_line' id='line_1_16' title="bbox 117 882 1514 933; baseline -0.003 -9"><span class='ocrx_word' id='word_1_125' title='bbox 117 892 156 924; x_wconf 86' lang='lat' dir='ltr'>et</span> <span class='ocrx_word' id='word_1_126' title='bbox 179 883 382 924; x_wconf 89' lang='lat' dir='ltr'>confratris</span> <span class='ocrx_word' id='word_1_127' title='bbox 409 883 530 923; x_wconf 88' lang='lat' dir='ltr'>nostri</span> <span class='ocrx_word' id='word_1_128' title='bbox 551 884 602 921; x_wconf 95' lang='lat' dir='ltr'>D.</span> <span class='ocrx_word' id='word_1_129' title='bbox 627 882 792 921; x_wconf 91' lang='lat' dir='ltr'>Henrici</span> <span class='ocrx_word' id='word_1_130' title='bbox 815 882 1056 933; x_wconf 85' lang='lat' dir='ltr'>Engelhardi</span> <span class='ocrx_word' id='word_1_131' title='bbox 1076 884 1126 921; x_wconf 92' lang='lat' dir='ltr'>de</span> <span class='ocrx_word' id='word_1_132' title='bbox 1148 883 1272 921; x_wconf 87' lang='lat' dir='ltr'>Missa</span> <span class='ocrx_word' id='word_1_133' title='bbox 1293 883 1514 921; x_wconf 86' lang='lat' dir='ltr'>doctrinam</span> 
     </span>
     <span class='ocr_line' id='line_1_17' title="bbox 117 936 1515 988; baseline -0.003 -10"><span class='ocrx_word' id='word_1_134' title='bbox 117 947 156 977; x_wconf 89' lang='lat' dir='ltr'>et</span> <span class='ocrx_word' id='word_1_135' title='bbox 183 938 419 978; x_wconf 87' lang='lat' dir='ltr'>sententiam</span> <span class='ocrx_word' id='word_1_136' title='bbox 449 949 701 988; x_wconf 84' lang='lat' dir='ltr'>nequaquam</span> <span class='ocrx_word' id='word_1_137' title='bbox 731 939 809 976; x_wconf 92' lang='lat' dir='ltr'>huc</span> <span class='ocrx_word' id='word_1_138' title='bbox 839 938 1002 976; x_wconf 91' lang='lat' dir='ltr'>tendere</span> <span class='ocrx_word' id='word_1_139' title='bbox 1032 944 1073 975; x_wconf 90' lang='lat' dir='ltr'>ut</span> <span class='ocrx_word' id='word_1_140' title='bbox 1102 936 1274 987; x_wconf 87' lang='lat' dir='ltr'>aliquem</span> <span class='ocrx_word' id='word_1_141' title='bbox 1307 937 1445 975; x_wconf 87' lang='lat' dir='ltr'>dolum</span> <span class='ocrx_word' id='word_1_142' title='bbox 1477 944 1515 975; x_wconf 88' lang='lat' dir='ltr'>et</span> 
     </span>
     <span class='ocr_line' id='line_1_18' title="bbox 118 990 1513 1041; baseline -0.002 -9"><span class='ocrx_word' id='word_1_143' title='bbox 118 995 297 1032; x_wconf 87' lang='lat' dir='ltr'>fraudem</span> <span class='ocrx_word' id='word_1_144' title='bbox 327 993 367 1031; x_wconf 92' lang='lat' dir='ltr'>in</span> <span class='ocrx_word' id='word_1_145' title='bbox 400 999 650 1031; x_wconf 87' lang='lat' dir='ltr'>sacrosancto</span> <span class='ocrx_word' id='word_1_146' title='bbox 686 991 832 1030; x_wconf 88' lang='lat' dir='ltr'>Christi</span> <span class='ocrx_word' id='word_1_147' title='bbox 872 990 1062 1041; x_wconf 84' lang='lat' dir='ltr'>sanguine</span> <span class='ocrx_word' id='word_1_148' title='bbox 1096 998 1163 1029; x_wconf 90' lang='lat' dir='ltr'>aut</span> <span class='ocrx_word' id='word_1_149' title='bbox 1197 1004 1314 1030; x_wconf 89' lang='lat' dir='ltr'>carne</span> <span class='ocrx_word' id='word_1_150' title='bbox 1349 991 1513 1029; x_wconf 90' lang='lat' dir='ltr'>subesse</span> 
     </span>
     <span class='ocr_line' id='line_1_19' title="bbox 119 1044 1516 1098; baseline -0.002 -12"><span class='ocrx_word' id='word_1_151' title='bbox 119 1047 365 1098; x_wconf 90' lang='lat' dir='ltr'>suspicemur</span> <span class='ocrx_word' id='word_1_152' title='bbox 382 1062 392 1095; x_wconf 85' lang='lat'>‚·</span> <span class='ocrx_word' id='word_1_153' title='bbox 425 1048 496 1086; x_wconf 84' lang='lat' dir='ltr'>sed</span> <span class='ocrx_word' id='word_1_154' title='bbox 516 1047 594 1084; x_wconf 92' lang='lat' dir='ltr'>huc</span> <span class='ocrx_word' id='word_1_155' title='bbox 615 1053 796 1095; x_wconf 88' lang='lat' dir='ltr'>spectant</span> <span class='ocrx_word' id='word_1_156' title='bbox 815 1053 948 1085; x_wconf 87' lang='lat' dir='ltr'>nostra</span> <span class='ocrx_word' id='word_1_157' title='bbox 968 1044 1113 1092; x_wconf 90' lang='lat' dir='ltr'>omnia,</span> <span class='ocrx_word' id='word_1_158' title='bbox 1136 1053 1178 1083; x_wconf 94' lang='lat' dir='ltr'>ut</span> <span class='ocrx_word' id='word_1_159' title='bbox 1208 1046 1361 1083; x_wconf 89' lang='lat' dir='ltr'>nullum</span> <span class='ocrx_word' id='word_1_160' title='bbox 1382 1046 1447 1083; x_wconf 89' lang='lat' dir='ltr'>hic</span> <span class='ocrx_word' id='word_1_161' title='bbox 1468 1044 1516 1083; x_wconf 91' lang='lat' dir='ltr'>sit</span> 
     </span>
     <span class='ocr_line' id='line_1_20' title="bbox 119 1099 1515 1151; baseline -0.002 -11"><span class='ocrx_word' id='word_1_162' title='bbox 119 1101 365 1149; x_wconf 87' lang='lat' dir='ltr'>sacrificium,</span> <span class='ocrx_word' id='word_1_163' title='bbox 388 1102 498 1151; x_wconf 91' lang='lat' dir='ltr'>quod</span> <span class='ocrx_word' id='word_1_164' title='bbox 527 1113 598 1151; x_wconf 91' lang='lat' dir='ltr'>pro</span> <span class='ocrx_word' id='word_1_165' title='bbox 627 1099 705 1137; x_wconf 86' lang='lat' dir='ltr'>alio</span> <span class='ocrx_word' id='word_1_166' title='bbox 734 1099 929 1150; x_wconf 88' lang='lat' dir='ltr'>quispiam</span> <span class='ocrx_word' id='word_1_167' title='bbox 961 1100 1099 1138; x_wconf 88' lang='lat' dir='ltr'>offerre</span> <span class='ocrx_word' id='word_1_168' title='bbox 1128 1099 1263 1149; x_wconf 82' lang='lat' dir='ltr'>possit.</span> <span class='ocrx_word' id='word_1_169' title='bbox 1324 1101 1379 1138; x_wconf 90' lang='lat' dir='ltr'>Ut</span> <span class='ocrx_word' id='word_1_170' title='bbox 1410 1100 1515 1138; x_wconf 89' lang='lat' dir='ltr'>enim</span> 
     </span>
     <span class='ocr_line' id='line_1_21' title="bbox 118 1153 1516 1206; baseline -0.002 -12"><span class='ocrx_word' id='word_1_171' title='bbox 118 1169 189 1206; x_wconf 90' lang='lat' dir='ltr'>pro</span> <span class='ocrx_word' id='word_1_172' title='bbox 210 1155 287 1194; x_wconf 89' lang='lat' dir='ltr'>alio</span> <span class='ocrx_word' id='word_1_173' title='bbox 316 1154 504 1206; x_wconf 86' lang='lat' dir='ltr'>quopiam</span> <span class='ocrx_word' id='word_1_174' title='bbox 531 1166 651 1193; x_wconf 89' lang='lat' dir='ltr'>nemo</span> <span class='ocrx_word' id='word_1_175' title='bbox 671 1156 731 1193; x_wconf 89' lang='lat' dir='ltr'>vel</span> <span class='ocrx_word' id='word_1_176' title='bbox 759 1155 874 1193; x_wconf 90' lang='lat' dir='ltr'>edere</span> <span class='ocrx_word' id='word_1_177' title='bbox 900 1154 960 1192; x_wconf 88' lang='lat' dir='ltr'>vel</span> <span class='ocrx_word' id='word_1_178' title='bbox 988 1153 1122 1191; x_wconf 87' lang='lat' dir='ltr'>bibere</span> <span class='ocrx_word' id='word_1_179' title='bbox 1149 1161 1291 1203; x_wconf 89' lang='lat' dir='ltr'>potest,</span> <span class='ocrx_word' id='word_1_180' title='bbox 1314 1154 1367 1192; x_wconf 88' lang='lat' dir='ltr'>ita</span> <span class='ocrx_word' id='word_1_181' title='bbox 1396 1166 1516 1192; x_wconf 92' lang='lat' dir='ltr'>nemo</span> 
     </span>
     <span class='ocr_line' id='line_1_22' title="bbox 118 1206 1515 1260; baseline -0.003 -11"><span class='ocrx_word' id='word_1_182' title='bbox 118 1211 236 1249; x_wconf 88' lang='lat' dir='ltr'>etiam</span> <span class='ocrx_word' id='word_1_183' title='bbox 257 1223 328 1260; x_wconf 94' lang='lat' dir='ltr'>pro</span> <span class='ocrx_word' id='word_1_184' title='bbox 348 1209 425 1248; x_wconf 90' lang='lat' dir='ltr'>alio</span> <span class='ocrx_word' id='word_1_185' title='bbox 446 1209 663 1248; x_wconf 87' lang='lat' dir='ltr'>sacrificare</span> <span class='ocrx_word' id='word_1_186' title='bbox 678 1216 818 1259; x_wconf 88' lang='lat' dir='ltr'>potest.</span> <span class='ocrx_word' id='word_1_187' title='bbox 841 1238 850 1247; x_wconf 91' lang='lat'><strong>.</strong></span> <span class='ocrx_word' id='word_1_188' title='bbox 874 1238 881 1246; x_wconf 93' lang='lat'>.</span> <span class='ocrx_word' id='word_1_189' title='bbox 908 1238 915 1245; x_wconf 94' lang='lat'>.</span> <span class='ocrx_word' id='word_1_190' title='bbox 936 1207 1118 1246; x_wconf 89' lang='lat' dir='ltr'>Abusum</span> <span class='ocrx_word' id='word_1_191' title='bbox 1135 1220 1227 1257; x_wconf 83' lang='lat' dir='ltr'>ergo</span> <span class='ocrx_word' id='word_1_192' title='bbox 1248 1206 1311 1245; x_wconf 91' lang='lat' dir='ltr'>hic</span> <span class='ocrx_word' id='word_1_193' title='bbox 1328 1220 1515 1257; x_wconf 81' lang='lat' dir='ltr'>magnum</span> 
     </span>
     <span class='ocr_line' id='line_1_23' title="bbox 119 1261 1515 1312; baseline -0.004 -9"><span class='ocrx_word' id='word_1_194' title='bbox 119 1277 204 1303; x_wconf 91' lang='lat' dir='ltr'>esse</span> <span class='ocrx_word' id='word_1_195' title='bbox 225 1263 376 1311; x_wconf 90' lang='lat' dir='ltr'>videtis,</span> <span class='ocrx_word' id='word_1_196' title='bbox 399 1265 544 1311; x_wconf 88' lang='lat' dir='ltr'>fratres,</span> <span class='ocrx_word' id='word_1_197' title='bbox 568 1263 638 1301; x_wconf 92' lang='lat' dir='ltr'>sed</span> <span class='ocrx_word' id='word_1_198' title='bbox 662 1264 773 1301; x_wconf 89' lang='lat' dir='ltr'>cuius</span> <span class='ocrx_word' id='word_1_199' title='bbox 801 1269 986 1312; x_wconf 80' lang='lat' dir='ltr'>quaestus</span> <span class='ocrx_word' id='word_1_200' title='bbox 1007 1263 1121 1300; x_wconf 90' lang='lat' dir='ltr'>fuerit</span> <span class='ocrx_word' id='word_1_201' title='bbox 1142 1261 1372 1300; x_wconf 88' lang='lat' dir='ltr'>uberrimus.</span> <span class='ocrx_word' id='word_1_202' title='bbox 1435 1263 1515 1300; x_wconf 85' lang='lat' dir='ltr'>Res</span> 
     </span>
     <span class='ocr_line' id='line_1_24' title="bbox 120 1315 1515 1369; baseline -0.003 -12"><span class='ocrx_word' id='word_1_203' title='bbox 120 1318 225 1357; x_wconf 90' lang='lat' dir='ltr'>enim</span> <span class='ocrx_word' id='word_1_204' title='bbox 247 1331 389 1369; x_wconf 88' lang='lat' dir='ltr'>magna</span> <span class='ocrx_word' id='word_1_205' title='bbox 408 1319 472 1356; x_wconf 89' lang='lat' dir='ltr'>hic</span> <span class='ocrx_word' id='word_1_206' title='bbox 491 1317 629 1368; x_wconf 87' lang='lat' dir='ltr'>agitur,</span> <span class='ocrx_word' id='word_1_207' title='bbox 647 1316 757 1356; x_wconf 89' lang='lat' dir='ltr'>cuius</span> <span class='ocrx_word' id='word_1_208' title='bbox 779 1323 970 1366; x_wconf 88' lang='lat' dir='ltr'>respectu,</span> <span class='ocrx_word' id='word_1_209' title='bbox 993 1316 1103 1365; x_wconf 90' lang='lat' dir='ltr'>quod</span> <span class='ocrx_word' id='word_1_210' title='bbox 1124 1315 1206 1354; x_wconf 89' lang='lat' dir='ltr'>heri</span> <span class='ocrx_word' id='word_1_211' title='bbox 1227 1317 1278 1354; x_wconf 92' lang='lat' dir='ltr'>de</span> <span class='ocrx_word' id='word_1_212' title='bbox 1299 1315 1515 1354; x_wconf 85' lang='lat' dir='ltr'>simulacris</span> 
     </span>
     <span class='ocr_line' id='line_1_25' title="bbox 119 1370 1514 1423; baseline -0.003 -12"><span class='ocrx_word' id='word_1_213' title='bbox 119 1372 307 1423; x_wconf 87' lang='lat' dir='ltr'>agitatum</span> <span class='ocrx_word' id='word_1_214' title='bbox 328 1380 398 1418; x_wconf 86' lang='lat' dir='ltr'>est,</span> <span class='ocrx_word' id='word_1_215' title='bbox 419 1374 527 1410; x_wconf 88' lang='lat' dir='ltr'>lusus</span> <span class='ocrx_word' id='word_1_216' title='bbox 553 1371 716 1422; x_wconf 88' lang='lat' dir='ltr'>quidam</span> <span class='ocrx_word' id='word_1_217' title='bbox 747 1370 866 1409; x_wconf 89' lang='lat' dir='ltr'>fuisse</span> <span class='ocrx_word' id='word_1_218' title='bbox 887 1371 1008 1409; x_wconf 87' lang='lat' dir='ltr'>videri</span> <span class='ocrx_word' id='word_1_219' title='bbox 1036 1371 1171 1420; x_wconf 87' lang='lat' dir='ltr'>possit.</span> <span class='ocrx_word' id='word_1_220' title='bbox 1231 1370 1514 1420; x_wconf 86' lang='lat' dir='ltr'>Blasphemum</span> 
     </span>
     <span class='ocr_line' id='line_1_26' title="bbox 120 1423 1516 1475; baseline -0.002 -9"><span class='ocrx_word' id='word_1_221' title='bbox 120 1439 222 1474; x_wconf 87' lang='lat' dir='ltr'>vero,</span> <span class='ocrx_word' id='word_1_222' title='bbox 246 1427 326 1465; x_wconf 91' lang='lat' dir='ltr'>imo</span> <span class='ocrx_word' id='word_1_223' title='bbox 346 1425 687 1466; x_wconf 83' lang='lat' dir='ltr'>antichristianum</span> <span class='ocrx_word' id='word_1_224' title='bbox 709 1426 785 1464; x_wconf 90' lang='lat' dir='ltr'>hoc</span> <span class='ocrx_word' id='word_1_225' title='bbox 807 1438 907 1475; x_wconf 90' lang='lat' dir='ltr'>opus</span> <span class='ocrx_word' id='word_1_226' title='bbox 928 1431 986 1462; x_wconf 91' lang='lat' dir='ltr'>est</span> <span class='ocrx_word' id='word_1_227' title='bbox 1008 1437 1088 1474; x_wconf 92' lang='lat' dir='ltr'>quo</span> <span class='ocrx_word' id='word_1_228' title='bbox 1113 1437 1159 1462; x_wconf 89' lang='lat' dir='ltr'>ex</span> <span class='ocrx_word' id='word_1_229' title='bbox 1181 1423 1326 1463; x_wconf 82' lang='lat' dir='ltr'>Christi</span> <span class='ocrx_word' id='word_1_230' title='bbox 1351 1437 1516 1474; x_wconf 93' lang='lat' dir='ltr'>corpore</span> 
     </span>
     <span class='ocr_line' id='line_1_27' title="bbox 120 1478 1515 1531; baseline -0.003 -11"><span class='ocrx_word' id='word_1_231' title='bbox 120 1488 160 1520; x_wconf 89' lang='lat' dir='ltr'>et</span> <span class='ocrx_word' id='word_1_232' title='bbox 192 1480 382 1531; x_wconf 87' lang='lat' dir='ltr'>sanguine</span> <span class='ocrx_word' id='word_1_233' title='bbox 412 1480 645 1520; x_wconf 90' lang='lat' dir='ltr'>sacrificium</span> <span class='ocrx_word' id='word_1_234' title='bbox 681 1479 854 1518; x_wconf 89' lang='lat' dir='ltr'>nummis</span> <span class='ocrx_word' id='word_1_235' title='bbox 893 1479 1030 1517; x_wconf 88' lang='lat' dir='ltr'>venale</span> <span class='ocrx_word' id='word_1_236' title='bbox 1062 1478 1353 1528; x_wconf 86' lang='lat' dir='ltr'>confingimus:</span> <span class='ocrx_word' id='word_1_237' title='bbox 1393 1492 1515 1528; x_wconf 86' lang='lat' dir='ltr'>quum</span> 
     </span>
     <span class='ocr_line' id='line_1_28' title="bbox 120 1531 1517 1575; baseline -0.002 -2"><span class='ocrx_word' id='word_1_238' title='bbox 120 1536 216 1574; x_wconf 86' lang='lat' dir='ltr'>haec</span> <span class='ocrx_word' id='word_1_239' title='bbox 247 1534 426 1575; x_wconf 89' lang='lat' dir='ltr'>Christus</span> <span class='ocrx_word' id='word_1_240' title='bbox 456 1536 624 1574; x_wconf 88' lang='lat' dir='ltr'>salvator</span> <span class='ocrx_word' id='word_1_241' title='bbox 656 1541 790 1573; x_wconf 88' lang='lat' dir='ltr'>noster</span> <span class='ocrx_word' id='word_1_242' title='bbox 822 1532 1045 1571; x_wconf 89' lang='lat' dir='ltr'>animorum</span> <span class='ocrx_word' id='word_1_243' title='bbox 1080 1531 1213 1571; x_wconf 90' lang='lat' dir='ltr'>cibum</span> <span class='ocrx_word' id='word_1_244' title='bbox 1246 1533 1449 1571; x_wconf 85' lang='lat' dir='ltr'>dumtaxat</span> <span class='ocrx_word' id='word_1_245' title='bbox 1479 1540 1517 1571; x_wconf 89' lang='lat' dir='ltr'>et</span> 
     </span>
     <span class='ocr_line' id='line_1_29' title="bbox 120 1586 1516 1639; baseline -0.002 -12"><span class='ocrx_word' id='word_1_246' title='bbox 120 1588 313 1639; x_wconf 89' lang='lat' dir='ltr'>passionis</span> <span class='ocrx_word' id='word_1_247' title='bbox 342 1602 388 1628; x_wconf 89' lang='lat' dir='ltr'>ac</span> <span class='ocrx_word' id='word_1_248' title='bbox 417 1588 641 1628; x_wconf 88' lang='lat' dir='ltr'>testamenti</span> <span class='ocrx_word' id='word_1_249' title='bbox 671 1590 730 1628; x_wconf 87' lang='lat' dir='ltr'>sui</span> <span class='ocrx_word' id='word_1_250' title='bbox 760 1587 1075 1626; x_wconf 87' lang='lat' dir='ltr'>recordationem</span> <span class='ocrx_word' id='word_1_251' title='bbox 1106 1600 1192 1625; x_wconf 90' lang='lat' dir='ltr'>esse</span> <span class='ocrx_word' id='word_1_252' title='bbox 1218 1586 1395 1624; x_wconf 90' lang='lat' dir='ltr'>voluerit.</span> <span class='ocrx_word' id='word_1_253' title='bbox 1428 1617 1434 1625; x_wconf 97' lang='lat'>.</span> <span class='ocrx_word' id='word_1_254' title='bbox 1467 1617 1474 1624; x_wconf 91' lang='lat'><em>.</em></span> <span class='ocrx_word' id='word_1_255' title='bbox 1509 1616 1516 1624; x_wconf 92' lang='lat'>.</span> 
     </span>
     <span class='ocr_line' id='line_1_30' title="bbox 121 1640 1515 1694; baseline -0.004 -12"><span class='ocrx_word' id='word_1_256' title='bbox 121 1644 342 1694; x_wconf 87' lang='lat' dir='ltr'>Scripturae</span> <span class='ocrx_word' id='word_1_257' title='bbox 375 1650 508 1682; x_wconf 88' lang='lat' dir='ltr'>autem</span> <span class='ocrx_word' id='word_1_258' title='bbox 542 1642 724 1690; x_wconf 91' lang='lat' dir='ltr'>rationes,</span> <span class='ocrx_word' id='word_1_259' title='bbox 756 1641 900 1692; x_wconf 87' lang='lat' dir='ltr'>quibus</span> <span class='ocrx_word' id='word_1_260' title='bbox 935 1642 1037 1679; x_wconf 87' lang='lat' dir='ltr'>hanc</span> <span class='ocrx_word' id='word_1_261' title='bbox 1070 1640 1306 1679; x_wconf 87' lang='lat' dir='ltr'>sententiam</span> <span class='ocrx_word' id='word_1_262' title='bbox 1342 1648 1515 1678; x_wconf 86' lang='lat' dir='ltr'>nostram</span> 
     </span>
     <span class='ocr_line' id='line_1_31' title="bbox 121 1693 1517 1745; baseline -0.002 -10"><span class='ocrx_word' id='word_1_263' title='bbox 121 1698 219 1736; x_wconf 90' lang='lat' dir='ltr'>tueri</span> <span class='ocrx_word' id='word_1_264' title='bbox 249 1698 442 1745; x_wconf 91' lang='lat' dir='ltr'>volumus,</span> <span class='ocrx_word' id='word_1_265' title='bbox 467 1698 541 1735; x_wconf 89' lang='lat' dir='ltr'>hae</span> <span class='ocrx_word' id='word_1_266' title='bbox 570 1705 688 1735; x_wconf 84' lang='lat' dir='ltr'>sunt:</span> <span class='ocrx_word' id='word_1_267' title='bbox 718 1695 910 1742; x_wconf 89' lang='lat' dir='ltr'>Christus,</span> <span class='ocrx_word' id='word_1_268' title='bbox 935 1697 1028 1733; x_wconf 91' lang='lat' dir='ltr'>Hoc</span> <span class='ocrx_word' id='word_1_269' title='bbox 1059 1694 1185 1741; x_wconf 84' lang='lat' dir='ltr'>facite,</span> <span class='ocrx_word' id='word_1_270' title='bbox 1208 1693 1347 1744; x_wconf 89' lang='lat' dir='ltr'>inquit,</span> <span class='ocrx_word' id='word_1_271' title='bbox 1371 1693 1410 1731; x_wconf 92' lang='lat' dir='ltr'>in</span> <span class='ocrx_word' id='word_1_272' title='bbox 1440 1696 1517 1732; x_wconf 86' lang='lat' dir='ltr'>mei</span> 
     </span>
     <span class='ocr_line' id='line_1_32' title="bbox 121 1748 1518 1798; baseline -0.004 -8"><span class='ocrx_word' id='word_1_273' title='bbox 121 1752 566 1790; x_wconf 85' lang='lat' dir='ltr'>commemorationem!</span> <span class='ocrx_word' id='word_1_274' title='bbox 648 1752 741 1788; x_wconf 92' lang='lat' dir='ltr'>Hoc</span> <span class='ocrx_word' id='word_1_275' title='bbox 771 1756 904 1787; x_wconf 87' lang='lat' dir='ltr'>autem</span> <span class='ocrx_word' id='word_1_276' title='bbox 941 1749 1085 1787; x_wconf 87' lang='lat' dir='ltr'>Paulus</span> <span class='ocrx_word' id='word_1_277' title='bbox 1116 1748 1257 1786; x_wconf 87' lang='lat' dir='ltr'>clarius</span> <span class='ocrx_word' id='word_1_278' title='bbox 1289 1761 1518 1798; x_wconf 80' lang='lat' dir='ltr'>exponens:</span> 
     </span>
     <span class='ocr_line' id='line_1_33' title="bbox 122 1802 1517 1855; baseline -0.003 -12"><span class='ocrx_word' id='word_1_279' title='bbox 122 1806 461 1855; x_wconf 84' lang='lat' dir='ltr'>Quotiescunque,</span> <span class='ocrx_word' id='word_1_280' title='bbox 492 1804 633 1854; x_wconf 89' lang='lat' dir='ltr'>inquit,</span> <span class='ocrx_word' id='word_1_281' title='bbox 661 1817 805 1855; x_wconf 88' lang='lat' dir='ltr'>panem</span> <span class='ocrx_word' id='word_1_282' title='bbox 836 1804 942 1841; x_wconf 93' lang='lat' dir='ltr'>hunc</span> <span class='ocrx_word' id='word_1_283' title='bbox 973 1802 1223 1840; x_wconf 87' lang='lat' dir='ltr'>comederitis</span> <span class='ocrx_word' id='word_1_284' title='bbox 1257 1809 1296 1840; x_wconf 90' lang='lat' dir='ltr'>et</span> <span class='ocrx_word' id='word_1_285' title='bbox 1330 1803 1517 1852; x_wconf 86' lang='lat' dir='ltr'>poculum</span> 
     </span>
     <span class='ocr_line' id='line_1_34' title="bbox 122 1856 1517 1909; baseline -0.003 -12"><span class='ocrx_word' id='word_1_286' title='bbox 122 1860 198 1897; x_wconf 92' lang='lat' dir='ltr'>hoc</span> <span class='ocrx_word' id='word_1_287' title='bbox 219 1858 409 1907; x_wconf 90' lang='lat' dir='ltr'>biberitis,</span> <span class='ocrx_word' id='word_1_288' title='bbox 430 1859 654 1909; x_wconf 88' lang='lat' dir='ltr'>praedicate</span> <span class='ocrx_word' id='word_1_289' title='bbox 675 1865 841 1897; x_wconf 90' lang='lat' dir='ltr'>mortem</span> <span class='ocrx_word' id='word_1_290' title='bbox 865 1856 1029 1895; x_wconf 90' lang='lat' dir='ltr'>Domini</span> <span class='ocrx_word' id='word_1_291' title='bbox 1059 1857 1188 1895; x_wconf 91' lang='lat' dir='ltr'>donec</span> <span class='ocrx_word' id='word_1_292' title='bbox 1209 1856 1339 1894; x_wconf 86' lang='lat' dir='ltr'>veniat</span> <span class='ocrx_word' id='word_1_293' title='bbox 1360 1859 1366 1894; x_wconf 71' lang='grc' dir='ltr'><strong>Ξ</strong></span> <span class='ocrx_word' id='word_1_294' title='bbox 1425 1857 1517 1905; x_wconf 84' lang='lat' dir='ltr'>Quo</span> 
     </span>
     <span class='ocr_line' id='line_1_35' title="bbox 121 1910 1518 1952; baseline -0.001 -2"><span class='ocrx_word' id='word_1_295' title='bbox 121 1912 240 1952; x_wconf 91' lang='lat' dir='ltr'>unico</span> <span class='ocrx_word' id='word_1_296' title='bbox 259 1914 519 1952; x_wconf 90' lang='lat' dir='ltr'>fundamento</span> <span class='ocrx_word' id='word_1_297' title='bbox 538 1912 661 1951; x_wconf 86' lang='lat' dir='ltr'>innixi</span> <span class='ocrx_word' id='word_1_298' title='bbox 680 1912 744 1951; x_wconf 90' lang='lat' dir='ltr'>hic</span> <span class='ocrx_word' id='word_1_299' title='bbox 765 1925 846 1951; x_wconf 92' lang='lat' dir='ltr'>non</span> <span class='ocrx_word' id='word_1_300' title='bbox 867 1910 1100 1950; x_wconf 89' lang='lat' dir='ltr'>sacrificium</span> <span class='ocrx_word' id='word_1_301' title='bbox 1118 1911 1187 1949; x_wconf 93' lang='lat' dir='ltr'>sed</span> <span class='ocrx_word' id='word_1_302' title='bbox 1204 1910 1518 1949; x_wconf 86' lang='lat' dir='ltr'>recordationem</span> 
     </span>
     <span class='ocr_line' id='line_1_36' title="bbox 123 1965 1518 2015; baseline -0.002 -10"><span class='ocrx_word' id='word_1_303' title='bbox 123 1968 376 2006; x_wconf 90' lang='lat' dir='ltr'>solummodo</span> <span class='ocrx_word' id='word_1_304' title='bbox 408 1979 494 2006; x_wconf 87' lang='lat' dir='ltr'>esse</span> <span class='ocrx_word' id='word_1_305' title='bbox 528 1966 773 2006; x_wconf 90' lang='lat' dir='ltr'>docebimus.</span> <span class='ocrx_word' id='word_1_306' title='bbox 847 1965 887 2004; x_wconf 89' lang='lat' dir='ltr'>Si</span> <span class='ocrx_word' id='word_1_307' title='bbox 917 1965 1005 2015; x_wconf 92' lang='lat' dir='ltr'>quis</span> <span class='ocrx_word' id='word_1_308' title='bbox 1040 1978 1131 2015; x_wconf 86' lang='lat' dir='ltr'>ergo</span> <span class='ocrx_word' id='word_1_309' title='bbox 1161 1966 1259 2003; x_wconf 89' lang='lat' dir='ltr'>haec</span> <span class='ocrx_word' id='word_1_310' title='bbox 1289 1977 1518 2015; x_wconf 81' lang='lat' dir='ltr'>oppugnare</span> 
     </span>
     <span class='ocr_line' id='line_1_37' title="bbox 122 2020 1516 2069; baseline -0.002 -10"><span class='ocrx_word' id='word_1_311' title='bbox 122 2021 238 2069; x_wconf 89' lang='lat' dir='ltr'>volet,</span> <span class='ocrx_word' id='word_1_312' title='bbox 270 2021 315 2060; x_wconf 90' lang='lat' dir='ltr'>iis</span> <span class='ocrx_word' id='word_1_313' title='bbox 348 2022 465 2060; x_wconf 91' lang='lat' dir='ltr'>armis</span> <span class='ocrx_word' id='word_1_314' title='bbox 494 2034 566 2059; x_wconf 91' lang='lat' dir='ltr'>nos</span> <span class='ocrx_word' id='word_1_315' title='bbox 593 2020 763 2068; x_wconf 84' lang='lat' dir='ltr'>invadat,</span> <span class='ocrx_word' id='word_1_316' title='bbox 793 2020 936 2069; x_wconf 89' lang='lat' dir='ltr'>quibus</span> <span class='ocrx_word' id='word_1_317' title='bbox 961 2020 1025 2057; x_wconf 91' lang='lat' dir='ltr'>hic</span> <span class='ocrx_word' id='word_1_318' title='bbox 1054 2032 1229 2069; x_wconf 85' lang='lat' dir='ltr'>pugnare</span> <span class='ocrx_word' id='word_1_319' title='bbox 1255 2020 1380 2065; x_wconf 89' lang='lat' dir='ltr'>decet,</span> <span class='ocrx_word' id='word_1_320' title='bbox 1415 2020 1452 2057; x_wconf 87' lang='lat' dir='ltr'>S.</span> <span class='ocrx_word' id='word_1_321' title='bbox 1479 2020 1516 2056; x_wconf 83' lang='lat' dir='ltr'>S.</span> 
     </span>
     <span class='ocr_line' id='line_1_38' title="bbox 123 2074 572 2114; baseline 0.002 -2"><span class='ocrx_word' id='word_1_322' title='bbox 123 2074 308 2113; x_wconf 91' lang='lat' dir='ltr'>nimirum</span> <span class='ocrx_word' id='word_1_323' title='bbox 327 2074 572 2114; x_wconf 89' lang='lat' dir='ltr'>testimoniis.</span> 
     </span>
    </p>

    <p class='ocr_par' dir='ltr' id='par_1_6' title="bbox 124 2125 1521 2502">
     <span class='ocr_line' id='line_1_39' title="bbox 176 2125 1521 2181; baseline -0.002 -15"><span class='ocrx_word' id='word_1_324' title='bbox 176 2130 233 2167; x_wconf 84' lang='lat' dir='ltr'>D.</span> <span class='ocrx_word' id='word_1_325' title='bbox 263 2129 391 2168; x_wconf 69' lang='lat' dir='ltr'>Ioach.</span> <span class='ocrx_word' id='word_1_326' title='bbox 425 2130 623 2168; x_wconf 77' lang='lat' dir='ltr'>Vadianus</span> <span class='ocrx_word' id='word_1_327' title='bbox 654 2125 864 2181; x_wconf 68' lang='lat' dir='ltr'>[Praeses]</span> <span class='ocrx_word' id='word_1_328' title='bbox 933 2126 1136 2176; x_wconf 88' lang='lat' dir='ltr'>Quoniam</span> <span class='ocrx_word' id='word_1_329' title='bbox 1166 2139 1211 2165; x_wconf 88' lang='lat' dir='ltr'>ea</span> <span class='ocrx_word' id='word_1_330' title='bbox 1243 2127 1293 2165; x_wconf 93' lang='lat' dir='ltr'>de</span> <span class='ocrx_word' id='word_1_331' title='bbox 1320 2140 1360 2164; x_wconf 90' lang='lat' dir='ltr'>re</span> <span class='ocrx_word' id='word_1_332' title='bbox 1389 2125 1521 2175; x_wconf 87' lang='lat' dir='ltr'>dispu-</span> 
     </span>
     <span class='ocr_line' id='line_1_40' title="bbox 124 2181 1520 2231; baseline -0.001 -11"><span class='ocrx_word' id='word_1_333' title='bbox 124 2183 290 2221; x_wconf 89' lang='lat' dir='ltr'>tandum</span> <span class='ocrx_word' id='word_1_334' title='bbox 310 2189 379 2231; x_wconf 93' lang='lat' dir='ltr'>est,</span> <span class='ocrx_word' id='word_1_335' title='bbox 403 2184 445 2222; x_wconf 87' lang='lat' dir='ltr'>P.</span> <span class='ocrx_word' id='word_1_336' title='bbox 469 2183 526 2231; x_wconf 92' lang='lat' dir='ltr'>C.,</span> <span class='ocrx_word' id='word_1_337' title='bbox 550 2182 727 2222; x_wconf 89' lang='lat' dir='ltr'>Missane</span> <span class='ocrx_word' id='word_1_338' title='bbox 754 2181 988 2221; x_wconf 87' lang='lat' dir='ltr'>sacrificium</span> <span class='ocrx_word' id='word_1_339' title='bbox 1019 2181 1067 2220; x_wconf 91' lang='lat' dir='ltr'>sit</span> <span class='ocrx_word' id='word_1_340' title='bbox 1095 2194 1146 2219; x_wconf 89' lang='lat' dir='ltr'>an</span> <span class='ocrx_word' id='word_1_341' title='bbox 1176 2193 1315 2219; x_wconf 86' lang='lat' dir='ltr'>secus:</span> <span class='ocrx_word' id='word_1_342' title='bbox 1346 2192 1520 2218; x_wconf 88' lang='lat' dir='ltr'>commo-</span> 
     </span>
     <span class='ocr_line' id='line_1_41' title="bbox 124 2233 1519 2287; baseline -0.002 -13"><span class='ocrx_word' id='word_1_343' title='bbox 124 2236 331 2275; x_wconf 90' lang='lat' dir='ltr'>dissimum</span> <span class='ocrx_word' id='word_1_344' title='bbox 370 2236 485 2276; x_wconf 89' lang='lat' dir='ltr'>nobis</span> <span class='ocrx_word' id='word_1_345' title='bbox 519 2236 688 2286; x_wconf 92' lang='lat' dir='ltr'>videtur,</span> <span class='ocrx_word' id='word_1_346' title='bbox 731 2249 832 2287; x_wconf 89' lang='lat' dir='ltr'>quos</span> <span class='ocrx_word' id='word_1_347' title='bbox 861 2235 978 2274; x_wconf 88' lang='lat' dir='ltr'>huius</span> <span class='ocrx_word' id='word_1_348' title='bbox 1012 2234 1290 2286; x_wconf 88' lang='lat' dir='ltr'>disputationis</span> <span class='ocrx_word' id='word_1_349' title='bbox 1320 2233 1519 2284; x_wconf 85' lang='lat' dir='ltr'>praesides</span> 
     </span>
     <span class='ocr_line' id='line_1_42' title="bbox 124 2287 1520 2340; baseline -0.002 -12"><span class='ocrx_word' id='word_1_350' title='bbox 124 2303 211 2329; x_wconf 90' lang='lat' dir='ltr'>esse</span> <span class='ocrx_word' id='word_1_351' title='bbox 238 2290 427 2338; x_wconf 87' lang='lat' dir='ltr'>voluistis,</span> <span class='ocrx_word' id='word_1_352' title='bbox 456 2298 498 2330; x_wconf 92' lang='lat' dir='ltr'>ut</span> <span class='ocrx_word' id='word_1_353' title='bbox 525 2298 652 2329; x_wconf 88' lang='lat' dir='ltr'>certus</span> <span class='ocrx_word' id='word_1_354' title='bbox 682 2292 721 2329; x_wconf 92' lang='lat' dir='ltr'>in</span> <span class='ocrx_word' id='word_1_355' title='bbox 746 2290 974 2340; x_wconf 90' lang='lat' dir='ltr'>quaerendo</span> <span class='ocrx_word' id='word_1_356' title='bbox 1001 2290 1100 2329; x_wconf 90' lang='lat' dir='ltr'>ordo</span> <span class='ocrx_word' id='word_1_357' title='bbox 1128 2289 1367 2335; x_wconf 88' lang='lat' dir='ltr'>observetur,</span> <span class='ocrx_word' id='word_1_358' title='bbox 1394 2287 1449 2326; x_wconf 90' lang='lat' dir='ltr'>sic</span> <span class='ocrx_word' id='word_1_359' title='bbox 1478 2295 1520 2326; x_wconf 90' lang='lat' dir='ltr'>ut</span> 
     </span>
     <span class='ocr_line' id='line_1_43' title="bbox 125 2341 1518 2394; baseline -0.001 -13"><span class='ocrx_word' id='word_1_360' title='bbox 125 2342 252 2393; x_wconf 91' lang='lat' dir='ltr'>primo</span> <span class='ocrx_word' id='word_1_361' title='bbox 272 2345 434 2394; x_wconf 89' lang='lat' dir='ltr'>quidem</span> <span class='ocrx_word' id='word_1_362' title='bbox 455 2344 599 2384; x_wconf 92' lang='lat' dir='ltr'>summi</span> <span class='ocrx_word' id='word_1_363' title='bbox 620 2344 674 2383; x_wconf 93' lang='lat' dir='ltr'>illi</span> <span class='ocrx_word' id='word_1_364' title='bbox 701 2343 1055 2383; x_wconf 88' lang='lat' dir='ltr'>ecclesiasticorum</span> <span class='ocrx_word' id='word_1_365' title='bbox 1085 2355 1303 2393; x_wconf 90' lang='lat' dir='ltr'>procerum,</span> <span class='ocrx_word' id='word_1_366' title='bbox 1327 2341 1518 2388; x_wconf 87' lang='lat' dir='ltr'>Abbates,</span> 
     </span>
     <span class='ocr_line' id='line_1_44' title="bbox 126 2396 1518 2449; baseline -0.003 -13"><span class='ocrx_word' id='word_1_367' title='bbox 126 2396 273 2436; x_wconf 88' lang='lat' dir='ltr'>deinde</span> <span class='ocrx_word' id='word_1_368' title='bbox 292 2398 430 2449; x_wconf 89' lang='lat' dir='ltr'>reliqui</span> <span class='ocrx_word' id='word_1_369' title='bbox 453 2412 612 2449; x_wconf 89' lang='lat' dir='ltr'>quoque</span> <span class='ocrx_word' id='word_1_370' title='bbox 633 2398 886 2438; x_wconf 86' lang='lat' dir='ltr'>ecclesiarum</span> <span class='ocrx_word' id='word_1_371' title='bbox 913 2397 1075 2435; x_wconf 90' lang='lat' dir='ltr'>ministri</span> <span class='ocrx_word' id='word_1_372' title='bbox 1104 2398 1399 2445; x_wconf 85' lang='lat' dir='ltr'>interrogentur,</span> <span class='ocrx_word' id='word_1_373' title='bbox 1423 2409 1518 2433; x_wconf 89' lang='lat' dir='ltr'>num</span> 
     </span>
     <span class='ocr_line' id='line_1_45' title="bbox 127 2450 1520 2502; baseline -0.001 -14"><span class='ocrx_word' id='word_1_374' title='bbox 127 2450 213 2500; x_wconf 89' lang='lat' dir='ltr'>quis</span> <span class='ocrx_word' id='word_1_375' title='bbox 235 2463 280 2489; x_wconf 81' lang='lat' dir='ltr'>ex</span> <span class='ocrx_word' id='word_1_376' title='bbox 302 2451 455 2491; x_wconf 89' lang='lat' dir='ltr'>illorum</span> <span class='ocrx_word' id='word_1_377' title='bbox 477 2454 524 2491; x_wconf 93' lang='lat' dir='ltr'>sit</span> <span class='ocrx_word' id='word_1_378' title='bbox 545 2465 712 2492; x_wconf 90' lang='lat' dir='ltr'>numero</span> <span class='ocrx_word' id='word_1_379' title='bbox 733 2453 799 2502; x_wconf 90' lang='lat' dir='ltr'>qui</span> <span class='ocrx_word' id='word_1_380' title='bbox 830 2451 1140 2501; x_wconf 88' lang='lat' dir='ltr'>propositionem</span> <span class='ocrx_word' id='word_1_381' title='bbox 1166 2451 1268 2487; x_wconf 87' lang='lat' dir='ltr'>hanc</span> <span class='ocrx_word' id='word_1_382' title='bbox 1290 2450 1520 2499; x_wconf 84' lang='lat' dir='ltr'>impugnare</span> 
     </span>
    </p>
   </div>
  </div>
 </body>
</html>
