<?xml version="1.0" encoding="UTF-8"?>
<!DOCTYPE html PUBLIC "-//W3C//DTD XHTML 1.0 Transitional//EN"
    "http://www.w3.org/TR/xhtml1/DTD/xhtml1-transitional.dtd">
<html xmlns="http://www.w3.org/1999/xhtml" xml:lang="en" lang="en">
 <head>
  <title>
</title>
<meta http-equiv="Content-Type" content="text/html;charset=utf-8" />
  <meta name='ocr-system' content='tesseract 3.04.00' />
  <meta name='ocr-capabilities' content='ocr_page ocr_carea ocr_par ocr_line ocrx_word'/>
</head>
<body>
  <div class='ocr_page' id='page_1' title='image "./docreform00kidd_0298.png"; bbox 0 0 1715 2780; ppageno 0'>
   <div class='ocr_carea' id='block_1_1' title="bbox 185 87 1575 137">
    <p class='ocr_par' dir='ltr' id='par_1_1' title="bbox 185 87 1575 137">
     <span class='ocr_line' id='line_1_1' title="bbox 185 87 1575 137; baseline 0 -12"><span class='ocrx_word' id='word_1_1' title='bbox 185 98 260 136; x_wconf 89' lang='lat'>270</span> <span class='ocrx_word' id='word_1_2' title='bbox 445 88 566 126; x_wconf 92' lang='lat' dir='ltr'>THE</span> <span class='ocrx_word' id='word_1_3' title='bbox 596 88 733 127; x_wconf 91' lang='lat' dir='ltr'>DIET</span> <span class='ocrx_word' id='word_1_4' title='bbox 762 88 834 128; x_wconf 90' lang='lat' dir='ltr'>OF</span> <span class='ocrx_word' id='word_1_5' title='bbox 863 87 1184 135; x_wconf 87' lang='lat' dir='ltr'>AUGSBURG,</span> <span class='ocrx_word' id='word_1_6' title='bbox 1221 98 1320 137; x_wconf 86' lang='lat'>1530</span> <span class='ocrx_word' id='word_1_7' title='bbox 1512 89 1575 126; x_wconf 90' lang='lat'>116</span> 
     </span>
    </p>
   </div>
   <div class='ocr_carea' id='block_1_2' title="bbox 171 190 1578 454">
    <p class='ocr_par' dir='ltr' id='par_1_2' title="bbox 171 190 1578 454">
     <span class='ocr_line' id='line_1_2' title="bbox 183 190 1577 241; baseline 0.001 -13"><span class='ocrx_word' id='word_1_8' title='bbox 183 190 348 229; x_wconf 87' lang='lat' dir='ltr'>confidit</span> <span class='ocrx_word' id='word_1_9' title='bbox 374 190 558 230; x_wconf 90' lang='lat' dir='ltr'>humanis</span> <span class='ocrx_word' id='word_1_10' title='bbox 585 190 800 241; x_wconf 82' lang='lat' dir='ltr'>praesidiis.</span> <span class='ocrx_word' id='word_1_11' title='bbox 864 193 922 230; x_wconf 84' lang='lat'>18.</span> <span class='ocrx_word' id='word_1_12' title='bbox 955 192 1018 229; x_wconf 91' lang='lat' dir='ltr'>Ita</span> <span class='ocrx_word' id='word_1_13' title='bbox 1041 197 1204 240; x_wconf 86' lang='lat' dir='ltr'>regnant</span> <span class='ocrx_word' id='word_1_14' title='bbox 1230 190 1271 228; x_wconf 90' lang='lat' dir='ltr'>in</span> <span class='ocrx_word' id='word_1_15' title='bbox 1297 191 1415 230; x_wconf 91' lang='lat' dir='ltr'>corde</span> <span class='ocrx_word' id='word_1_16' title='bbox 1438 203 1577 230; x_wconf 88' lang='lat' dir='ltr'>omnes</span> 
     </span>
     <span class='ocr_line' id='line_1_3' title="bbox 183 244 1578 294; baseline 0 -12"><span class='ocrx_word' id='word_1_17' title='bbox 183 244 418 294; x_wconf 90' lang='lat' dir='ltr'>cupiditates</span> <span class='ocrx_word' id='word_1_18' title='bbox 448 252 487 284; x_wconf 90' lang='lat' dir='ltr'>et</span> <span class='ocrx_word' id='word_1_19' title='bbox 516 246 690 284; x_wconf 87' lang='lat' dir='ltr'>humana</span> <span class='ocrx_word' id='word_1_20' title='bbox 720 244 895 292; x_wconf 91' lang='lat' dir='ltr'>consilia,</span> <span class='ocrx_word' id='word_1_21' title='bbox 932 258 1055 294; x_wconf 87' lang='lat' dir='ltr'>quum</span> <span class='ocrx_word' id='word_1_22' title='bbox 1089 244 1202 284; x_wconf 89' lang='lat' dir='ltr'>abest</span> <span class='ocrx_word' id='word_1_23' title='bbox 1233 245 1330 283; x_wconf 88' lang='lat' dir='ltr'>fides</span> <span class='ocrx_word' id='word_1_24' title='bbox 1364 252 1403 283; x_wconf 91' lang='lat' dir='ltr'>et</span> <span class='ocrx_word' id='word_1_25' title='bbox 1433 244 1578 283; x_wconf 90' lang='lat' dir='ltr'>fiducia</span> 
     </span>
     <span class='ocr_line' id='line_1_4' title="bbox 182 297 1578 348; baseline 0 -12"><span class='ocrx_word' id='word_1_26' title='bbox 182 312 271 348; x_wconf 88' lang='lat' dir='ltr'>erga</span> <span class='ocrx_word' id='word_1_27' title='bbox 303 300 444 337; x_wconf 88' lang='lat' dir='ltr'>Deum.</span> <span class='ocrx_word' id='word_1_28' title='bbox 504 300 637 347; x_wconf 81' lang='lat' dir='ltr'>Quare</span> <span class='ocrx_word' id='word_1_29' title='bbox 666 306 704 337; x_wconf 92' lang='lat' dir='ltr'>et</span> <span class='ocrx_word' id='word_1_30' title='bbox 735 298 914 338; x_wconf 88' lang='lat' dir='ltr'>Christus</span> <span class='ocrx_word' id='word_1_31' title='bbox 943 297 1066 337; x_wconf 80' lang='lat' dir='ltr'>dixit:</span> <span class='ocrx_word' id='word_1_32' title='bbox 1106 299 1198 337; x_wconf 80' lang='lat' dir='ltr'>Sine</span> <span class='ocrx_word' id='word_1_33' title='bbox 1223 312 1279 337; x_wconf 85' lang='lat' dir='ltr'>me</span> <span class='ocrx_word' id='word_1_34' title='bbox 1303 298 1408 337; x_wconf 84' lang='lat' dir='ltr'>m‘lzz&#39;l</span> <span class='ocrx_word' id='word_1_35' title='bbox 1418 299 1578 348; x_wconf 76' lang='lat' dir='ltr'>potestis</span> 
     </span>
     <span class='ocr_line' id='line_1_5' title="bbox 171 351 1577 400; baseline 0 -10"><span class='ocrx_word' id='word_1_36' title='bbox 171 352 310 400; x_wconf 82' lang='lat' dir='ltr'>facere,</span> <span class='ocrx_word' id='word_1_37' title='bbox 335 354 502 391; x_wconf 92' lang='lat' dir='ltr'>Iohann.</span> <span class='ocrx_word' id='word_1_38' title='bbox 525 366 596 399; x_wconf 87' lang='lat' dir='ltr'>xv;</span> <span class='ocrx_word' id='word_1_39' title='bbox 627 360 665 391; x_wconf 92' lang='lat' dir='ltr'>et</span> <span class='ocrx_word' id='word_1_40' title='bbox 695 353 860 391; x_wconf 90' lang='lat' dir='ltr'>ecclesia</span> <span class='ocrx_word' id='word_1_41' title='bbox 889 351 1017 391; x_wconf 87' lang='lat' dir='ltr'>canit:</span> <span class='ocrx_word' id='word_1_42' title='bbox 1051 351 1164 391; x_wconf 91' lang='lat' dir='ltr'>‘Sine</span> <span class='ocrx_word' id='word_1_43' title='bbox 1190 360 1260 391; x_wconf 90' lang='lat' dir='ltr'>tuo</span> <span class='ocrx_word' id='word_1_44' title='bbox 1289 351 1452 391; x_wconf 91' lang='lat' dir='ltr'>numine</span> <span class='ocrx_word' id='word_1_45' title='bbox 1480 351 1577 391; x_wconf 88' lang='lat' dir='ltr'>nihil</span> 
     </span>
     <span class='ocr_line' id='line_1_6' title="bbox 183 405 945 454; baseline 0 -10"><span class='ocrx_word' id='word_1_46' title='bbox 183 413 242 444; x_wconf 91' lang='lat' dir='ltr'>est</span> <span class='ocrx_word' id='word_1_47' title='bbox 261 405 302 444; x_wconf 95' lang='lat' dir='ltr'>in</span> <span class='ocrx_word' id='word_1_48' title='bbox 322 406 497 454; x_wconf 89' lang='lat' dir='ltr'>homine,</span> <span class='ocrx_word' id='word_1_49' title='bbox 519 406 616 444; x_wconf 88' lang='lat' dir='ltr'>nihil</span> <span class='ocrx_word' id='word_1_50' title='bbox 637 414 696 445; x_wconf 90' lang='lat' dir='ltr'>est</span> <span class='ocrx_word' id='word_1_51' title='bbox 715 406 945 446; x_wconf 61' lang='lat' dir='ltr'>innoxium?</span> 
     </span>
    </p>
   </div>
   <div class='ocr_carea' id='block_1_3' title="bbox 530 472 1236 510">
    <p class='ocr_par' dir='ltr' id='par_1_3' title="bbox 530 472 1236 510">
     <span class='ocr_line' id='line_1_7' title="bbox 530 472 1236 510; baseline 0.001 -1"><span class='ocrx_word' id='word_1_52' title='bbox 530 472 642 510; x_wconf 93' lang='lat' dir='ltr'>XXI.</span> <span class='ocrx_word' id='word_1_53' title='bbox 703 473 770 509; x_wconf 84' lang='lat' dir='ltr'>DE</span> <span class='ocrx_word' id='word_1_54' title='bbox 799 482 938 510; x_wconf 82' lang='lat' dir='ltr'>CULTU</span> <span class='ocrx_word' id='word_1_55' title='bbox 967 482 1236 510; x_wconf 86' lang='lat' dir='ltr'><strong>SANCTORUM.</strong></span> 
     </span>
    </p>
   </div>
   <div class='ocr_carea' id='block_1_4' title="bbox 182 536 1578 1123">
    <p class='ocr_par' dir='ltr' id='par_1_4' title="bbox 182 536 1578 1123">
     <span class='ocr_line' id='line_1_8' title="bbox 239 536 1576 585; baseline 0 -12"><span class='ocrx_word' id='word_1_56' title='bbox 239 536 301 574; x_wconf 88' lang='lat' dir='ltr'>De</span> <span class='ocrx_word' id='word_1_57' title='bbox 327 536 434 573; x_wconf 88' lang='lat' dir='ltr'>cultu</span> <span class='ocrx_word' id='word_1_58' title='bbox 459 542 685 574; x_wconf 84' lang='lat' dir='ltr'>sanctorum</span> <span class='ocrx_word' id='word_1_59' title='bbox 710 536 867 582; x_wconf 85' lang='lat' dir='ltr'>docent,</span> <span class='ocrx_word' id='word_1_60' title='bbox 897 536 1006 585; x_wconf 86' lang='lat' dir='ltr'>quod</span> <span class='ocrx_word' id='word_1_61' title='bbox 1029 536 1219 574; x_wconf 90' lang='lat' dir='ltr'>memoria</span> <span class='ocrx_word' id='word_1_62' title='bbox 1247 541 1472 574; x_wconf 88' lang='lat' dir='ltr'>sanctorum</span> <span class='ocrx_word' id='word_1_63' title='bbox 1493 548 1576 585; x_wconf 92' lang='lat' dir='ltr'>pro-</span> 
     </span>
     <span class='ocr_line' id='line_1_9' title="bbox 183 588 1578 639; baseline 0 -13"><span class='ocrx_word' id='word_1_64' title='bbox 183 588 277 639; x_wconf 91' lang='lat' dir='ltr'>poni</span> <span class='ocrx_word' id='word_1_65' title='bbox 308 596 449 638; x_wconf 90' lang='lat' dir='ltr'>potest,</span> <span class='ocrx_word' id='word_1_66' title='bbox 489 597 531 627; x_wconf 92' lang='lat' dir='ltr'>ut</span> <span class='ocrx_word' id='word_1_67' title='bbox 566 588 764 628; x_wconf 89' lang='lat' dir='ltr'>imitemur</span> <span class='ocrx_word' id='word_1_68' title='bbox 796 590 916 628; x_wconf 91' lang='lat' dir='ltr'>fidem</span> <span class='ocrx_word' id='word_1_69' title='bbox 949 602 1084 628; x_wconf 90' lang='lat' dir='ltr'>eorum</span> <span class='ocrx_word' id='word_1_70' title='bbox 1117 596 1155 628; x_wconf 89' lang='lat' dir='ltr'>et</span> <span class='ocrx_word' id='word_1_71' title='bbox 1186 589 1292 628; x_wconf 90' lang='lat' dir='ltr'>bona</span> <span class='ocrx_word' id='word_1_72' title='bbox 1322 602 1442 638; x_wconf 88' lang='lat' dir='ltr'>opera</span> <span class='ocrx_word' id='word_1_73' title='bbox 1472 588 1578 627; x_wconf 89' lang='lat' dir='ltr'>iuxta</span> 
     </span>
     <span class='ocr_line' id='line_1_10' title="bbox 184 641 1578 693; baseline 0 -13"><span class='ocrx_word' id='word_1_74' title='bbox 184 642 444 690; x_wconf 87' lang='lat' dir='ltr'>vocationem,</span> <span class='ocrx_word' id='word_1_75' title='bbox 477 650 520 680; x_wconf 88' lang='lat' dir='ltr'>ut</span> <span class='ocrx_word' id='word_1_76' title='bbox 556 644 701 682; x_wconf 88' lang='lat' dir='ltr'>Caesar</span> <span class='ocrx_word' id='word_1_77' title='bbox 730 642 872 681; x_wconf 89' lang='lat' dir='ltr'>imitari</span> <span class='ocrx_word' id='word_1_78' title='bbox 907 650 1037 693; x_wconf 91' lang='lat' dir='ltr'>potest</span> <span class='ocrx_word' id='word_1_79' title='bbox 1070 644 1294 693; x_wconf 85' lang='lat' dir='ltr'>exemplum</span> <span class='ocrx_word' id='word_1_80' title='bbox 1335 641 1498 681; x_wconf 89' lang='lat' dir='ltr'>Davidis</span> <span class='ocrx_word' id='word_1_81' title='bbox 1537 641 1578 680; x_wconf 93' lang='lat' dir='ltr'>in</span> 
     </span>
     <span class='ocr_line' id='line_1_11' title="bbox 183 696 1576 747; baseline 0 -13"><span class='ocrx_word' id='word_1_82' title='bbox 183 696 289 734; x_wconf 92' lang='lat' dir='ltr'>bello</span> <span class='ocrx_word' id='word_1_83' title='bbox 309 697 483 746; x_wconf 85' lang='lat' dir='ltr'>gerendo</span> <span class='ocrx_word' id='word_1_84' title='bbox 503 698 554 734; x_wconf 88' lang='lat' dir='ltr'>ad</span> <span class='ocrx_word' id='word_1_85' title='bbox 580 698 838 747; x_wconf 89' lang='lat' dir='ltr'>depellendos</span> <span class='ocrx_word' id='word_1_86' title='bbox 864 699 1015 735; x_wconf 91' lang='lat' dir='ltr'>Turcas</span> <span class='ocrx_word' id='word_1_87' title='bbox 1042 710 1064 736; x_wconf 90' lang='lat' dir='ltr'>a</span> <span class='ocrx_word' id='word_1_88' title='bbox 1088 698 1222 746; x_wconf 87' lang='lat' dir='ltr'>patria.</span> <span class='ocrx_word' id='word_1_89' title='bbox 1280 697 1385 734; x_wconf 90' lang='lat' dir='ltr'>Nam</span> <span class='ocrx_word' id='word_1_90' title='bbox 1413 703 1576 746; x_wconf 88' lang='lat' dir='ltr'>uterque</span> 
     </span>
     <span class='ocr_line' id='line_1_12' title="bbox 185 750 1578 800; baseline 0.001 -13"><span class='ocrx_word' id='word_1_91' title='bbox 185 763 250 788; x_wconf 86' lang='lat' dir='ltr'>rex</span> <span class='ocrx_word' id='word_1_92' title='bbox 289 757 358 788; x_wconf 91' lang='lat' dir='ltr'>est.</span> <span class='ocrx_word' id='word_1_93' title='bbox 420 764 452 788; x_wconf 91' lang='lat'>2.</span> <span class='ocrx_word' id='word_1_94' title='bbox 484 750 564 788; x_wconf 88' lang='lat' dir='ltr'>Sed</span> <span class='ocrx_word' id='word_1_95' title='bbox 590 750 789 800; x_wconf 84' lang='lat' dir='ltr'>Scriptura</span> <span class='ocrx_word' id='word_1_96' title='bbox 823 763 903 789; x_wconf 92' lang='lat' dir='ltr'>non</span> <span class='ocrx_word' id='word_1_97' title='bbox 938 751 1056 789; x_wconf 89' lang='lat' dir='ltr'>docet</span> <span class='ocrx_word' id='word_1_98' title='bbox 1090 750 1272 789; x_wconf 84' lang='lat' dir='ltr'>invocare</span> <span class='ocrx_word' id='word_1_99' title='bbox 1303 757 1472 797; x_wconf 89' lang='lat' dir='ltr'>sanctos,</span> <span class='ocrx_word' id='word_1_100' title='bbox 1508 762 1578 788; x_wconf 88' lang='lat' dir='ltr'>seu</span> 
     </span>
     <span class='ocr_line' id='line_1_13' title="bbox 183 803 1577 854; baseline 0.001 -13"><span class='ocrx_word' id='word_1_101' title='bbox 183 811 315 853; x_wconf 89' lang='lat' dir='ltr'>petere</span> <span class='ocrx_word' id='word_1_102' title='bbox 334 803 521 842; x_wconf 86' lang='lat' dir='ltr'>auxilium</span> <span class='ocrx_word' id='word_1_103' title='bbox 542 817 565 841; x_wconf 87' lang='lat' dir='ltr'>a</span> <span class='ocrx_word' id='word_1_104' title='bbox 585 803 752 843; x_wconf 88' lang='lat' dir='ltr'>sanctis:</span> <span class='ocrx_word' id='word_1_105' title='bbox 783 803 875 854; x_wconf 85' lang='lat' dir='ltr'>quia</span> <span class='ocrx_word' id='word_1_106' title='bbox 895 817 1019 842; x_wconf 90' lang='lat' dir='ltr'>unum</span> <span class='ocrx_word' id='word_1_107' title='bbox 1041 804 1243 844; x_wconf 85' lang='lat' dir='ltr'>Christum</span> <span class='ocrx_word' id='word_1_108' title='bbox 1258 803 1372 842; x_wconf 88' lang='lat' dir='ltr'>nobis</span> <span class='ocrx_word' id='word_1_109' title='bbox 1393 803 1577 854; x_wconf 89' lang='lat' dir='ltr'>proponit</span> 
     </span>
     <span class='ocr_line' id='line_1_14' title="bbox 184 856 1574 908; baseline 0.001 -14"><span class='ocrx_word' id='word_1_110' title='bbox 184 856 454 904; x_wconf 84' lang='lat' dir='ltr'>mediatorem,</span> <span class='ocrx_word' id='word_1_111' title='bbox 504 857 829 908; x_wconf 86' lang='lat' dir='ltr'>propitiatorium,</span> <span class='ocrx_word' id='word_1_112' title='bbox 884 859 1114 908; x_wconf 88' lang='lat' dir='ltr'>pontificem</span> <span class='ocrx_word' id='word_1_113' title='bbox 1170 865 1209 896; x_wconf 90' lang='lat' dir='ltr'>et</span> <span class='ocrx_word' id='word_1_114' title='bbox 1264 856 1574 896; x_wconf 85' lang='lat' dir='ltr'>intercessorem.</span> 
     </span>
     <span class='ocr_line' id='line_1_15' title="bbox 185 910 1575 961; baseline 0.001 -13"><span class='ocrx_word' id='word_1_115' title='bbox 185 924 218 959; x_wconf 89' lang='lat'>3.</span> <span class='ocrx_word' id='word_1_116' title='bbox 253 911 334 948; x_wconf 89' lang='lat' dir='ltr'>Hic</span> <span class='ocrx_word' id='word_1_117' title='bbox 359 910 605 950; x_wconf 81' lang='lat' dir='ltr'>invocandus</span> <span class='ocrx_word' id='word_1_118' title='bbox 629 919 698 959; x_wconf 88' lang='lat' dir='ltr'>est,</span> <span class='ocrx_word' id='word_1_119' title='bbox 722 919 761 950; x_wconf 90' lang='lat' dir='ltr'>et</span> <span class='ocrx_word' id='word_1_120' title='bbox 785 911 964 961; x_wconf 89' lang='lat' dir='ltr'>promisit</span> <span class='ocrx_word' id='word_1_121' title='bbox 985 925 1026 950; x_wconf 91' lang='lat' dir='ltr'>se</span> <span class='ocrx_word' id='word_1_122' title='bbox 1046 911 1319 950; x_wconf 81' lang='lat' dir='ltr'>exauditurum</span> <span class='ocrx_word' id='word_1_123' title='bbox 1340 923 1426 950; x_wconf 90' lang='lat' dir='ltr'>esse</span> <span class='ocrx_word' id='word_1_124' title='bbox 1441 924 1575 961; x_wconf 88' lang='lat' dir='ltr'>preces</span> 
     </span>
     <span class='ocr_line' id='line_1_16' title="bbox 183 964 1576 1015; baseline 0 -13"><span class='ocrx_word' id='word_1_125' title='bbox 183 971 335 1003; x_wconf 86' lang='lat' dir='ltr'>nostras</span> <span class='ocrx_word' id='word_1_126' title='bbox 353 978 363 1012; x_wconf 79' lang='lat'>,-</span> <span class='ocrx_word' id='word_1_127' title='bbox 391 971 430 1003; x_wconf 93' lang='lat' dir='ltr'>et</span> <span class='ocrx_word' id='word_1_128' title='bbox 449 965 556 1003; x_wconf 90' lang='lat' dir='ltr'>hunc</span> <span class='ocrx_word' id='word_1_129' title='bbox 571 966 719 1003; x_wconf 86' lang='lat' dir='ltr'>cultum</span> <span class='ocrx_word' id='word_1_130' title='bbox 742 965 911 1004; x_wconf 81' lang='lat' dir='ltr'>maxime</span> <span class='ocrx_word' id='word_1_131' title='bbox 931 965 1083 1015; x_wconf 91' lang='lat' dir='ltr'>probat,</span> <span class='ocrx_word' id='word_1_132' title='bbox 1105 964 1287 1004; x_wconf 89' lang='lat' dir='ltr'>videlicet</span> <span class='ocrx_word' id='word_1_133' title='bbox 1307 972 1349 1004; x_wconf 92' lang='lat' dir='ltr'>ut</span> <span class='ocrx_word' id='word_1_134' title='bbox 1372 964 1576 1004; x_wconf 87' lang='lat' dir='ltr'>invocetur</span> 
     </span>
     <span class='ocr_line' id='line_1_17' title="bbox 182 1017 1573 1069; baseline 0.001 -14"><span class='ocrx_word' id='word_1_135' title='bbox 182 1017 223 1055; x_wconf 90' lang='lat' dir='ltr'>in</span> <span class='ocrx_word' id='word_1_136' title='bbox 270 1017 455 1056; x_wconf 90' lang='lat' dir='ltr'>omnibus</span> <span class='ocrx_word' id='word_1_137' title='bbox 499 1018 788 1058; x_wconf 84' lang='lat' dir='ltr'>afflictionibus.</span> <span class='ocrx_word' id='word_1_138' title='bbox 871 1033 885 1057; x_wconf 95' lang='lat'>1</span> <span class='ocrx_word' id='word_1_139' title='bbox 930 1020 1097 1057; x_wconf 89' lang='lat' dir='ltr'>Iohann.</span> <span class='ocrx_word' id='word_1_140' title='bbox 1137 1018 1186 1058; x_wconf 89' lang='lat' dir='ltr'>ii:</span> <span class='ocrx_word' id='word_1_141' title='bbox 1236 1019 1284 1058; x_wconf 79' lang='lat' dir='ltr'>Sz·</span> <span class='ocrx_word' id='word_1_142' title='bbox 1323 1019 1408 1068; x_wconf 78' lang='lat' dir='ltr'>quis</span> <span class='ocrx_word' id='word_1_143' title='bbox 1433 1024 1573 1069; x_wconf 78' lang='lat' dir='ltr'>peccat,</span> 
     </span>
     <span class='ocr_line' id='line_1_18' title="bbox 183 1072 966 1123; baseline 0.003 -14"><span class='ocrx_word' id='word_1_144' title='bbox 183 1072 362 1109; x_wconf 70' lang='lat' dir='ltr'>habemus</span> <span class='ocrx_word' id='word_1_145' title='bbox 380 1073 603 1111; x_wconf 75' lang='lat' dir='ltr'>advocatum</span> <span class='ocrx_word' id='word_1_146' title='bbox 623 1075 731 1123; x_wconf 75' lang='lat' dir='ltr'>apud</span> <span class='ocrx_word' id='word_1_147' title='bbox 746 1075 877 1111; x_wconf 78' lang='lat' dir='ltr'><em>Deum</em></span> <span class='ocrx_word' id='word_1_148' title='bbox 893 1080 966 1112; x_wconf 92' lang='lat' dir='ltr'>etc.</span> 
     </span>
    </p>
   </div>
   <div class='ocr_carea' id='block_1_5' title="bbox 813 1139 949 1176">
    <p class='ocr_par' dir='ltr' id='par_1_5' title="bbox 813 1139 949 1176">
     <span class='ocr_line' id='line_1_19' title="bbox 813 1139 949 1176; baseline 0.007 -1"><span class='ocrx_word' id='word_1_149' title='bbox 813 1139 949 1176; x_wconf 90' lang='lat' dir='ltr'>XXII.</span> 
     </span>
    </p>
   </div>
   <div class='ocr_carea' id='block_1_6' title="bbox 180 1201 1575 2057">
    <p class='ocr_par' dir='ltr' id='par_1_6' title="bbox 180 1201 1575 2057">
     <span class='ocr_line' id='line_1_20' title="bbox 237 1201 1575 1251; baseline 0 -12"><span class='ocrx_word' id='word_1_150' title='bbox 237 1203 351 1240; x_wconf 90' lang='lat' dir='ltr'>Haec</span> <span class='ocrx_word' id='word_1_151' title='bbox 383 1203 462 1241; x_wconf 88' lang='lat' dir='ltr'>fere</span> <span class='ocrx_word' id='word_1_152' title='bbox 501 1215 655 1240; x_wconf 90' lang='lat' dir='ltr'>summa</span> <span class='ocrx_word' id='word_1_153' title='bbox 693 1209 752 1241; x_wconf 90' lang='lat' dir='ltr'>est</span> <span class='ocrx_word' id='word_1_154' title='bbox 790 1201 994 1240; x_wconf 89' lang='lat' dir='ltr'>doctrinae</span> <span class='ocrx_word' id='word_1_155' title='bbox 1026 1203 1133 1251; x_wconf 88' lang='lat' dir='ltr'>apud</span> <span class='ocrx_word' id='word_1_156' title='bbox 1167 1214 1251 1249; x_wconf 92' lang='lat' dir='ltr'>nos,</span> <span class='ocrx_word' id='word_1_157' title='bbox 1287 1201 1327 1239; x_wconf 90' lang='lat' dir='ltr'>in</span> <span class='ocrx_word' id='word_1_158' title='bbox 1357 1214 1435 1251; x_wconf 88' lang='lat' dir='ltr'>qua</span> <span class='ocrx_word' id='word_1_159' title='bbox 1468 1202 1575 1240; x_wconf 90' lang='lat' dir='ltr'>cerni</span> 
     </span>
     <span class='ocr_line' id='line_1_21' title="bbox 181 1254 1574 1306; baseline 0 -13"><span class='ocrx_word' id='word_1_160' title='bbox 181 1262 311 1304; x_wconf 84' lang='lat' dir='ltr'>potest</span> <span class='ocrx_word' id='word_1_161' title='bbox 336 1255 432 1293; x_wconf 88' lang='lat' dir='ltr'>nihil</span> <span class='ocrx_word' id='word_1_162' title='bbox 461 1255 588 1294; x_wconf 89' lang='lat' dir='ltr'>inesse</span> <span class='ocrx_word' id='word_1_163' title='bbox 609 1257 718 1305; x_wconf 81' lang='lat' dir='ltr'>quod</span> <span class='ocrx_word' id='word_1_164' title='bbox 742 1255 939 1306; x_wconf 85' lang='lat' dir='ltr'>discrepet</span> <span class='ocrx_word' id='word_1_165' title='bbox 962 1269 985 1293; x_wconf 91' lang='lat' dir='ltr'>a</span> <span class='ocrx_word' id='word_1_166' title='bbox 1005 1255 1222 1305; x_wconf 83' lang='lat' dir='ltr'>Scripturis,</span> <span class='ocrx_word' id='word_1_167' title='bbox 1246 1257 1307 1294; x_wconf 92' lang='lat' dir='ltr'>vel</span> <span class='ocrx_word' id='word_1_168' title='bbox 1332 1255 1384 1293; x_wconf 90' lang='lat' dir='ltr'>ab</span> <span class='ocrx_word' id='word_1_169' title='bbox 1409 1254 1574 1293; x_wconf 90' lang='lat' dir='ltr'>ecclesia</span> 
     </span>
     <span class='ocr_line' id='line_1_22' title="bbox 181 1308 1573 1359; baseline 0 -12"><span class='ocrx_word' id='word_1_170' title='bbox 181 1308 399 1357; x_wconf 84' lang='lat' dir='ltr'>Catholica,</span> <span class='ocrx_word' id='word_1_171' title='bbox 432 1311 492 1347; x_wconf 89' lang='lat' dir='ltr'>vel</span> <span class='ocrx_word' id='word_1_172' title='bbox 525 1309 576 1347; x_wconf 87' lang='lat' dir='ltr'>ab</span> <span class='ocrx_word' id='word_1_173' title='bbox 603 1310 769 1348; x_wconf 88' lang='lat' dir='ltr'>ecclesia</span> <span class='ocrx_word' id='word_1_174' title='bbox 800 1311 994 1357; x_wconf 90' lang='lat' dir='ltr'>Romana,</span> <span class='ocrx_word' id='word_1_175' title='bbox 1024 1316 1218 1359; x_wconf 88' lang='lat' dir='ltr'>quatenus</span> <span class='ocrx_word' id='word_1_176' title='bbox 1248 1312 1298 1348; x_wconf 71' lang='lat' dir='ltr'>ex&#39;</span> <span class='ocrx_word' id='word_1_177' title='bbox 1321 1309 1573 1359; x_wconf 85' lang='lat' dir='ltr'>scriptoribus</span> 
     </span>
     <span class='ocr_line' id='line_1_23' title="bbox 181 1362 1573 1413; baseline 0 -13"><span class='ocrx_word' id='word_1_178' title='bbox 181 1369 276 1400; x_wconf 91' lang='lat' dir='ltr'>nota</span> <span class='ocrx_word' id='word_1_179' title='bbox 309 1370 377 1401; x_wconf 88' lang='lat' dir='ltr'>est</span> <span class='ocrx_word' id='word_1_180' title='bbox 437 1364 559 1411; x_wconf 84' lang='lat' dir='ltr'>Quod</span> <span class='ocrx_word' id='word_1_181' title='bbox 590 1376 712 1412; x_wconf 84' lang='lat' dir='ltr'>quum</span> <span class='ocrx_word' id='word_1_182' title='bbox 744 1362 798 1401; x_wconf 88' lang='lat' dir='ltr'>ita</span> <span class='ocrx_word' id='word_1_183' title='bbox 833 1364 893 1410; x_wconf 90' lang='lat' dir='ltr'>sit,</span> <span class='ocrx_word' id='word_1_184' title='bbox 926 1364 1182 1402; x_wconf 89' lang='lat' dir='ltr'>inclementer</span> <span class='ocrx_word' id='word_1_185' title='bbox 1209 1364 1385 1402; x_wconf 86' lang='lat' dir='ltr'>iudicant</span> <span class='ocrx_word' id='word_1_186' title='bbox 1414 1362 1477 1401; x_wconf 89' lang='lat' dir='ltr'>isti</span> <span class='ocrx_word' id='word_1_187' title='bbox 1505 1362 1573 1413; x_wconf 88' lang='lat' dir='ltr'>qui</span> 
     </span>
     <span class='ocr_line' id='line_1_24' title="bbox 181 1415 1572 1466; baseline 0.001 -12"><span class='ocrx_word' id='word_1_188' title='bbox 181 1424 334 1454; x_wconf 89' lang='lat' dir='ltr'>nostros</span> <span class='ocrx_word' id='word_1_189' title='bbox 364 1430 434 1466; x_wconf 87' lang='lat' dir='ltr'>pro</span> <span class='ocrx_word' id='word_1_190' title='bbox 460 1416 664 1455; x_wconf 81' lang='lat' dir='ltr'>haereticis</span> <span class='ocrx_word' id='word_1_191' title='bbox 689 1417 824 1454; x_wconf 90' lang='lat' dir='ltr'>haberi</span> <span class='ocrx_word' id='word_1_192' title='bbox 848 1417 1061 1466; x_wconf 86' lang='lat' dir='ltr'>postulant.</span> <span class='ocrx_word' id='word_1_193' title='bbox 1122 1431 1156 1455; x_wconf 87' lang='lat'>2.</span> <span class='ocrx_word' id='word_1_194' title='bbox 1187 1418 1266 1456; x_wconf 90' lang='lat' dir='ltr'>Sed</span> <span class='ocrx_word' id='word_1_195' title='bbox 1291 1415 1486 1455; x_wconf 87' lang='lat' dir='ltr'>dissensio</span> <span class='ocrx_word' id='word_1_196' title='bbox 1514 1424 1572 1455; x_wconf 90' lang='lat' dir='ltr'>est</span> 
     </span>
     <span class='ocr_line' id='line_1_25' title="bbox 181 1469 1572 1520; baseline 0.001 -13"><span class='ocrx_word' id='word_1_197' title='bbox 181 1471 225 1507; x_wconf 82' lang='lat' dir='ltr'>de</span> <span class='ocrx_word' id='word_1_198' title='bbox 252 1471 477 1519; x_wconf 69' lang='lat' dir='ltr'>quibusdam</span> <span class='ocrx_word' id='word_1_199' title='bbox 506 1471 694 1517; x_wconf 69' lang='lat' dir='ltr'>abuszbzcs,</span> <span class='ocrx_word' id='word_1_200' title='bbox 727 1471 794 1520; x_wconf 86' lang='lat' dir='ltr'>qui</span> <span class='ocrx_word' id='word_1_201' title='bbox 819 1469 903 1509; x_wconf 92' lang='lat' dir='ltr'>sine</span> <span class='ocrx_word' id='word_1_202' title='bbox 932 1477 1037 1509; x_wconf 89' lang='lat' dir='ltr'>certa</span> <span class='ocrx_word' id='word_1_203' title='bbox 1064 1471 1295 1509; x_wconf 89' lang='lat' dir='ltr'>auctoritate</span> <span class='ocrx_word' id='word_1_204' title='bbox 1324 1469 1364 1508; x_wconf 92' lang='lat' dir='ltr'>in</span> <span class='ocrx_word' id='word_1_205' title='bbox 1388 1469 1572 1509; x_wconf 89' lang='lat' dir='ltr'>ecclesias</span> 
     </span>
     <span class='ocr_line' id='line_1_26' title="bbox 184 1523 1571 1574; baseline 0.001 -13"><span class='ocrx_word' id='word_1_206' title='bbox 184 1523 431 1573; x_wconf 85' lang='lat' dir='ltr'>irrepserunt,</span> <span class='ocrx_word' id='word_1_207' title='bbox 454 1525 493 1561; x_wconf 91' lang='lat' dir='ltr'>in</span> <span class='ocrx_word' id='word_1_208' title='bbox 521 1524 664 1573; x_wconf 88' lang='lat' dir='ltr'>quibus</span> <span class='ocrx_word' id='word_1_209' title='bbox 694 1523 810 1562; x_wconf 83' lang='lat' dir='ltr'>etiam</span> <span class='ocrx_word' id='word_1_210' title='bbox 836 1525 867 1562; x_wconf 91' lang='lat' dir='ltr'>si</span> <span class='ocrx_word' id='word_1_211' title='bbox 896 1537 975 1574; x_wconf 88' lang='lat' dir='ltr'>qua</span> <span class='ocrx_word' id='word_1_212' title='bbox 1001 1531 1103 1563; x_wconf 87' lang='lat' dir='ltr'>esset</span> <span class='ocrx_word' id='word_1_213' title='bbox 1127 1523 1416 1571; x_wconf 87' lang='lat' dir='ltr'>dissimilitudo,</span> <span class='ocrx_word' id='word_1_214' title='bbox 1439 1531 1571 1562; x_wconf 88' lang='lat' dir='ltr'>tamen</span> 
     </span>
     <span class='ocr_line' id='line_1_27' title="bbox 181 1577 1569 1628; baseline 0 -13"><span class='ocrx_word' id='word_1_215' title='bbox 181 1577 350 1616; x_wconf 89' lang='lat' dir='ltr'>decebat</span> <span class='ocrx_word' id='word_1_216' title='bbox 370 1579 467 1616; x_wconf 89' lang='lat' dir='ltr'>haec</span> <span class='ocrx_word' id='word_1_217' title='bbox 487 1577 625 1616; x_wconf 86' lang='lat' dir='ltr'>lenitas</span> <span class='ocrx_word' id='word_1_218' title='bbox 646 1577 863 1627; x_wconf 86' lang='lat' dir='ltr'>episcopos,</span> <span class='ocrx_word' id='word_1_219' title='bbox 887 1585 929 1616; x_wconf 87' lang='lat' dir='ltr'>ut</span> <span class='ocrx_word' id='word_1_220' title='bbox 949 1585 1107 1628; x_wconf 90' lang='lat' dir='ltr'>propter</span> <span class='ocrx_word' id='word_1_221' title='bbox 1126 1578 1428 1624; x_wconf 85' lang='lat' dir='ltr'>confessionem,</span> <span class='ocrx_word' id='word_1_222' title='bbox 1450 1590 1569 1627; x_wconf 86' lang='lat' dir='ltr'>quam</span> 
     </span>
     <span class='ocr_line' id='line_1_28' title="bbox 182 1631 1569 1681; baseline 0.001 -13"><span class='ocrx_word' id='word_1_223' title='bbox 182 1632 304 1669; x_wconf 91' lang='lat' dir='ltr'>modo</span> <span class='ocrx_word' id='word_1_224' title='bbox 324 1631 602 1678; x_wconf 88' lang='lat' dir='ltr'>recensuimus,</span> <span class='ocrx_word' id='word_1_225' title='bbox 626 1633 835 1670; x_wconf 86' lang='lat' dir='ltr'>tolerarent</span> <span class='ocrx_word' id='word_1_226' title='bbox 851 1639 1016 1679; x_wconf 88' lang='lat' dir='ltr'>nostros,</span> <span class='ocrx_word' id='word_1_227' title='bbox 1032 1631 1123 1681; x_wconf 81' lang='lat' dir='ltr'>quia</span> <span class='ocrx_word' id='word_1_228' title='bbox 1139 1645 1189 1670; x_wconf 89' lang='lat' dir='ltr'>ne</span> <span class='ocrx_word' id='word_1_229' title='bbox 1202 1631 1388 1672; x_wconf 91' lang='lat' dir='ltr'>Canones</span> <span class='ocrx_word' id='word_1_230' title='bbox 1408 1632 1569 1681; x_wconf 84' lang='lat' dir='ltr'>quidem</span> 
     </span>
     <span class='ocr_line' id='line_1_29' title="bbox 182 1684 1570 1735; baseline 0.001 -13"><span class='ocrx_word' id='word_1_231' title='bbox 182 1691 261 1722; x_wconf 92' lang='lat' dir='ltr'>tam</span> <span class='ocrx_word' id='word_1_232' title='bbox 290 1684 376 1723; x_wconf 92' lang='lat' dir='ltr'>duri</span> <span class='ocrx_word' id='word_1_233' title='bbox 403 1692 493 1723; x_wconf 89' lang='lat' dir='ltr'>sunt</span> <span class='ocrx_word' id='word_1_234' title='bbox 520 1693 562 1723; x_wconf 89' lang='lat' dir='ltr'>ut</span> <span class='ocrx_word' id='word_1_235' title='bbox 589 1686 750 1724; x_wconf 91' lang='lat' dir='ltr'>eosdem</span> <span class='ocrx_word' id='word_1_236' title='bbox 783 1685 877 1723; x_wconf 87' lang='lat' dir='ltr'>ritus</span> <span class='ocrx_word' id='word_1_237' title='bbox 907 1684 1056 1735; x_wconf 85' lang='lat' dir='ltr'>ubique</span> <span class='ocrx_word' id='word_1_238' title='bbox 1082 1698 1168 1724; x_wconf 89' lang='lat' dir='ltr'>esse</span> <span class='ocrx_word' id='word_1_239' title='bbox 1199 1686 1410 1735; x_wconf 88' lang='lat' dir='ltr'>postulent,</span> <span class='ocrx_word' id='word_1_240' title='bbox 1440 1698 1570 1734; x_wconf 86' lang='lat' dir='ltr'>neque</span> 
     </span>
     <span class='ocr_line' id='line_1_30' title="bbox 182 1737 1571 1789; baseline 0 -13"><span class='ocrx_word' id='word_1_241' title='bbox 182 1737 327 1777; x_wconf 86' lang='lat' dir='ltr'>similes</span> <span class='ocrx_word' id='word_1_242' title='bbox 348 1751 523 1788; x_wconf 90' lang='lat' dir='ltr'>unquam</span> <span class='ocrx_word' id='word_1_243' title='bbox 545 1740 723 1777; x_wconf 86' lang='lat' dir='ltr'>omnium</span> <span class='ocrx_word' id='word_1_244' title='bbox 744 1738 995 1777; x_wconf 87' lang='lat' dir='ltr'>ecclesiarum</span> <span class='ocrx_word' id='word_1_245' title='bbox 1017 1738 1111 1777; x_wconf 88' lang='lat' dir='ltr'>ritus</span> <span class='ocrx_word' id='word_1_246' title='bbox 1132 1740 1300 1779; x_wconf 90' lang='lat' dir='ltr'>fuerunt.</span> <span class='ocrx_word' id='word_1_247' title='bbox 1357 1752 1392 1789; x_wconf 84' lang='lat'>3.</span> <span class='ocrx_word' id='word_1_248' title='bbox 1425 1739 1571 1787; x_wconf 86' lang='lat' dir='ltr'>Quam-</span> 
     </span>
     <span class='ocr_line' id='line_1_31' title="bbox 182 1792 1568 1843; baseline 0 -14"><span class='ocrx_word' id='word_1_249' title='bbox 182 1804 299 1840; x_wconf 84' lang='lat' dir='ltr'>quam</span> <span class='ocrx_word' id='word_1_250' title='bbox 320 1793 427 1841; x_wconf 91' lang='lat' dir='ltr'>apud</span> <span class='ocrx_word' id='word_1_251' title='bbox 443 1805 516 1830; x_wconf 91' lang='lat' dir='ltr'>nos</span> <span class='ocrx_word' id='word_1_252' title='bbox 529 1805 671 1842; x_wconf 86' lang='lat' dir='ltr'>magna</span> <span class='ocrx_word' id='word_1_253' title='bbox 684 1806 731 1831; x_wconf 88' lang='lat' dir='ltr'>ex</span> <span class='ocrx_word' id='word_1_254' title='bbox 743 1800 852 1843; x_wconf 89' lang='lat' dir='ltr'>parte</span> <span class='ocrx_word' id='word_1_255' title='bbox 868 1800 1016 1831; x_wconf 87' lang='lat' dir='ltr'>veteres</span> <span class='ocrx_word' id='word_1_256' title='bbox 1033 1792 1126 1831; x_wconf 89' lang='lat' dir='ltr'>ritus</span> <span class='ocrx_word' id='word_1_257' title='bbox 1140 1792 1346 1843; x_wconf 85' lang='lat' dir='ltr'>diligenter</span> <span class='ocrx_word' id='word_1_258' title='bbox 1358 1799 1568 1831; x_wconf 89' lang='lat' dir='ltr'>servantur.</span> 
     </span>
     <span class='ocr_line' id='line_1_32' title="bbox 182 1845 1569 1896; baseline 0.001 -14"><span class='ocrx_word' id='word_1_259' title='bbox 182 1846 295 1883; x_wconf 85' lang='lat' dir='ltr'>Falsa</span> <span class='ocrx_word' id='word_1_260' title='bbox 316 1845 420 1883; x_wconf 91' lang='lat' dir='ltr'>enim</span> <span class='ocrx_word' id='word_1_261' title='bbox 442 1846 639 1884; x_wconf 90' lang='lat' dir='ltr'>calumnia</span> <span class='ocrx_word' id='word_1_262' title='bbox 654 1854 722 1893; x_wconf 89' lang='lat' dir='ltr'>est,</span> <span class='ocrx_word' id='word_1_263' title='bbox 739 1847 847 1896; x_wconf 86' lang='lat' dir='ltr'>quod</span> <span class='ocrx_word' id='word_1_264' title='bbox 864 1859 1002 1885; x_wconf 88' lang='lat' dir='ltr'>omnes</span> <span class='ocrx_word' id='word_1_265' title='bbox 1019 1846 1277 1894; x_wconf 87' lang='lat' dir='ltr'>ceremoniae,</span> <span class='ocrx_word' id='word_1_266' title='bbox 1291 1845 1424 1884; x_wconf 90' lang='lat' dir='ltr'>omnia</span> <span class='ocrx_word' id='word_1_267' title='bbox 1439 1851 1569 1884; x_wconf 88' lang='lat' dir='ltr'>vetera</span> 
     </span>
     <span class='ocr_line' id='line_1_33' title="bbox 181 1897 1571 1959; baseline 0.001 -24"><span class='ocrx_word' id='word_1_268' title='bbox 181 1897 358 1937; x_wconf 86' lang='lat' dir='ltr'>instituta</span> <span class='ocrx_word' id='word_1_269' title='bbox 378 1898 418 1936; x_wconf 93' lang='lat' dir='ltr'>in</span> <span class='ocrx_word' id='word_1_270' title='bbox 439 1899 612 1938; x_wconf 87' lang='lat' dir='ltr'>ecclesiis</span> <span class='ocrx_word' id='word_1_271' title='bbox 627 1901 768 1938; x_wconf 89' lang='lat' dir='ltr'>nostris</span> <span class='ocrx_word' id='word_1_272' title='bbox 781 1900 1026 1939; x_wconf 88' lang='lat' dir='ltr'>aboleantur.</span> <span class='ocrx_word' id='word_1_273' title='bbox 1070 1901 1219 1938; x_wconf 89' lang='lat' dir='ltr'>Verum</span> <span class='ocrx_word' id='word_1_274' title='bbox 1239 1900 1398 1950; x_wconf 89' lang='lat' dir='ltr'>publica</span> <span class='ocrx_word' id='word_1_275' title='bbox 1412 1899 1571 1959; x_wconf 81' lang='lat' dir='ltr'>querela</span> 
     </span>
     <span class='ocr_line' id='line_1_34' title="bbox 180 1951 1570 2012; baseline 0.001 -24"><span class='ocrx_word' id='word_1_276' title='bbox 180 1951 262 1998; x_wconf 90' lang='lat' dir='ltr'>fuit,</span> <span class='ocrx_word' id='word_1_277' title='bbox 278 1953 418 1989; x_wconf 70' lang='lat' dir='ltr'>abusus</span> <span class='ocrx_word' id='word_1_278' title='bbox 429 1953 632 2001; x_wconf 71' lang='lat' dir='ltr'>quosdam</span> <span class='ocrx_word' id='word_1_279' title='bbox 624 1967 663 1990; x_wconf 90' lang='lat' dir='ltr'>m</span> <span class='ocrx_word' id='word_1_280' title='bbox 684 1953 905 2012; x_wconf 82' lang='lat' dir='ltr'>vulgaribus</span> <span class='ocrx_word' id='word_1_281' title='bbox 922 1953 1059 1991; x_wconf 89' lang='lat' dir='ltr'>ritibus</span> <span class='ocrx_word' id='word_1_282' title='bbox 1079 1954 1248 1991; x_wconf 87' lang='lat' dir='ltr'>haerere.</span> <span class='ocrx_word' id='word_1_283' title='bbox 1307 1952 1365 1991; x_wconf 92' lang='lat' dir='ltr'>Hi</span> <span class='ocrx_word' id='word_1_284' title='bbox 1385 1953 1477 2001; x_wconf 90' lang='lat' dir='ltr'>quia</span> <span class='ocrx_word' id='word_1_285' title='bbox 1488 1965 1570 1990; x_wconf 92' lang='lat' dir='ltr'>non</span> 
     </span>
     <span class='ocr_line' id='line_1_35' title="bbox 181 2005 1566 2057; baseline 0.001 -14"><span class='ocrx_word' id='word_1_286' title='bbox 181 2012 360 2054; x_wconf 87' lang='lat' dir='ltr'>poterant</span> <span class='ocrx_word' id='word_1_287' title='bbox 381 2005 487 2044; x_wconf 85' lang='lat' dir='ltr'>bona</span> <span class='ocrx_word' id='word_1_288' title='bbox 507 2006 748 2044; x_wconf 89' lang='lat' dir='ltr'>conscientia</span> <span class='ocrx_word' id='word_1_289' title='bbox 768 2006 936 2056; x_wconf 89' lang='lat' dir='ltr'>probari,</span> <span class='ocrx_word' id='word_1_290' title='bbox 956 2006 1087 2057; x_wconf 88' lang='lat' dir='ltr'>aliqua</span> <span class='ocrx_word' id='word_1_291' title='bbox 1107 2019 1153 2045; x_wconf 86' lang='lat' dir='ltr'>ex</span> <span class='ocrx_word' id='word_1_292' title='bbox 1169 2013 1277 2056; x_wconf 89' lang='lat' dir='ltr'>parte</span> <span class='ocrx_word' id='word_1_293' title='bbox 1289 2005 1452 2045; x_wconf 89' lang='lat' dir='ltr'>correcti</span> <span class='ocrx_word' id='word_1_294' title='bbox 1465 2013 1566 2044; x_wconf 91' lang='lat' dir='ltr'>sunt.</span> 
     </span>
    </p>
   </div>
   <div class='ocr_carea' id='block_1_7' title="bbox 256 2091 1506 2186">
    <p class='ocr_par' dir='ltr' id='par_1_7' title="bbox 256 2091 1506 2186">
     <span class='ocr_line' id='line_1_36' title="bbox 256 2091 1506 2136; baseline 0.001 -11"><span class='ocrx_word' id='word_1_295' title='bbox 256 2091 382 2126; x_wconf 84' lang='lat' dir='ltr'>PARS</span> <span class='ocrx_word' id='word_1_296' title='bbox 412 2092 462 2126; x_wconf 88' lang='lat' dir='ltr'>II.</span> <span class='ocrx_word' id='word_1_297' title='bbox 511 2092 765 2127; x_wconf 91' lang='lat' dir='ltr'>ARTICULI</span> <span class='ocrx_word' id='word_1_298' title='bbox 795 2093 849 2126; x_wconf 92' lang='lat' dir='ltr'>IN</span> <span class='ocrx_word' id='word_1_299' title='bbox 879 2092 1079 2136; x_wconf 79' lang='lat' dir='ltr'>QUIBUS</span> <span class='ocrx_word' id='word_1_300' title='bbox 1106 2092 1506 2127; x_wconf 85' lang='lat' dir='ltr'><strong>RECENSENTUR</strong></span> 
     </span>
     <span class='ocr_line' id='line_1_37' title="bbox 649 2151 1108 2186; baseline 0 -2"><span class='ocrx_word' id='word_1_301' title='bbox 649 2151 856 2186; x_wconf 87' lang='lat' dir='ltr'>ABUSUS</span> <span class='ocrx_word' id='word_1_302' title='bbox 887 2151 1108 2185; x_wconf 90' lang='lat' dir='ltr'>MUTATI.</span> 
     </span>
    </p>
   </div>
   <div class='ocr_carea' id='block_1_8' title="bbox 177 2218 1567 2485">
    <p class='ocr_par' dir='ltr' id='par_1_8' title="bbox 177 2218 1567 2485">
     <span class='ocr_line' id='line_1_38' title="bbox 235 2218 1567 2269; baseline 0.001 -12"><span class='ocrx_word' id='word_1_303' title='bbox 235 2221 370 2268; x_wconf 84' lang='lat' dir='ltr'>Quum</span> <span class='ocrx_word' id='word_1_304' title='bbox 391 2219 578 2258; x_wconf 87' lang='lat' dir='ltr'>ecclesiae</span> <span class='ocrx_word' id='word_1_305' title='bbox 597 2221 704 2269; x_wconf 85' lang='lat' dir='ltr'>apud</span> <span class='ocrx_word' id='word_1_306' title='bbox 728 2233 800 2259; x_wconf 91' lang='lat' dir='ltr'>nos</span> <span class='ocrx_word' id='word_1_307' title='bbox 827 2221 878 2259; x_wconf 91' lang='lat' dir='ltr'>de</span> <span class='ocrx_word' id='word_1_308' title='bbox 901 2222 1010 2259; x_wconf 89' lang='lat' dir='ltr'>nullo</span> <span class='ocrx_word' id='word_1_309' title='bbox 1033 2220 1197 2259; x_wconf 89' lang='lat' dir='ltr'>articulo</span> <span class='ocrx_word' id='word_1_310' title='bbox 1221 2221 1313 2260; x_wconf 88' lang='lat' dir='ltr'>fidei</span> <span class='ocrx_word' id='word_1_311' title='bbox 1333 2218 1567 2260; x_wconf 88' lang='lat' dir='ltr'>dissentiant</span> 
     </span>
     <span class='ocr_line' id='line_1_39' title="bbox 178 2272 1564 2323; baseline 0.001 -13"><span class='ocrx_word' id='word_1_312' title='bbox 178 2273 229 2311; x_wconf 89' lang='lat' dir='ltr'>ab</span> <span class='ocrx_word' id='word_1_313' title='bbox 250 2274 416 2312; x_wconf 86' lang='lat' dir='ltr'>ecclesia</span> <span class='ocrx_word' id='word_1_314' title='bbox 437 2272 652 2320; x_wconf 89' lang='lat' dir='ltr'>Catholica,</span> <span class='ocrx_word' id='word_1_315' title='bbox 670 2280 823 2311; x_wconf 87' lang='lat' dir='ltr'>tantum</span> <span class='ocrx_word' id='word_1_316' title='bbox 837 2286 983 2323; x_wconf 89' lang='lat' dir='ltr'>paucos</span> <span class='ocrx_word' id='word_1_317' title='bbox 1000 2275 1194 2323; x_wconf 88' lang='lat' dir='ltr'>quosdam</span> <span class='ocrx_word' id='word_1_318' title='bbox 1210 2275 1356 2313; x_wconf 91' lang='lat' dir='ltr'>abusus</span> <span class='ocrx_word' id='word_1_319' title='bbox 1372 2273 1564 2321; x_wconf 91' lang='lat' dir='ltr'>omittant,</span> 
     </span>
     <span class='ocr_line' id='line_1_40' title="bbox 179 2326 1565 2377; baseline 0.001 -13"><span class='ocrx_word' id='word_1_320' title='bbox 179 2326 246 2376; x_wconf 86' lang='lat' dir='ltr'>qui</span> <span class='ocrx_word' id='word_1_321' title='bbox 267 2328 358 2365; x_wconf 92' lang='lat' dir='ltr'>novi</span> <span class='ocrx_word' id='word_1_322' title='bbox 378 2334 468 2365; x_wconf 88' lang='lat' dir='ltr'>sunt</span> <span class='ocrx_word' id='word_1_323' title='bbox 488 2334 527 2366; x_wconf 91' lang='lat' dir='ltr'>et</span> <span class='ocrx_word' id='word_1_324' title='bbox 552 2334 688 2365; x_wconf 87' lang='lat' dir='ltr'>contra</span> <span class='ocrx_word' id='word_1_325' title='bbox 716 2328 958 2366; x_wconf 89' lang='lat' dir='ltr'>voluntatem</span> <span class='ocrx_word' id='word_1_326' title='bbox 983 2328 1194 2366; x_wconf 90' lang='lat' dir='ltr'>Canonum</span> <span class='ocrx_word' id='word_1_327' title='bbox 1223 2327 1318 2367; x_wconf 90' lang='lat' dir='ltr'>vitio</span> <span class='ocrx_word' id='word_1_328' title='bbox 1344 2335 1565 2377; x_wconf 90' lang='lat' dir='ltr'>temporum</span> 
     </span>
     <span class='ocr_line' id='line_1_41' title="bbox 179 2380 1565 2430; baseline 0.001 -12"><span class='ocrx_word' id='word_1_329' title='bbox 179 2380 336 2430; x_wconf 89' lang='lat' dir='ltr'>recepti,</span> <span class='ocrx_word' id='word_1_330' title='bbox 372 2393 554 2430; x_wconf 86' lang='lat' dir='ltr'>rogamus</span> <span class='ocrx_word' id='word_1_331' title='bbox 588 2388 630 2419; x_wconf 89' lang='lat' dir='ltr'>ut</span> <span class='ocrx_word' id='word_1_332' title='bbox 661 2381 854 2420; x_wconf 85' lang='lat' dir='ltr'>Caesarea</span> <span class='ocrx_word' id='word_1_333' title='bbox 886 2380 1072 2419; x_wconf 84' lang='lat' dir='ltr'>Maiestas</span> <span class='ocrx_word' id='word_1_334' title='bbox 1107 2383 1322 2420; x_wconf 89' lang='lat' dir='ltr'>clementer</span> <span class='ocrx_word' id='word_1_335' title='bbox 1353 2381 1502 2429; x_wconf 85' lang='lat' dir='ltr'>audiat,</span> <span class='ocrx_word' id='word_1_336' title='bbox 1527 2387 1565 2419; x_wconf 91' lang='lat' dir='ltr'>et</span> 
     </span>
     <span class='ocr_line' id='line_1_42' title="bbox 177 2433 1565 2485; baseline 0.001 -14"><span class='ocrx_word' id='word_1_337' title='bbox 177 2435 273 2482; x_wconf 77' lang='lat' dir='ltr'>quid</span> <span class='ocrx_word' id='word_1_338' title='bbox 297 2435 349 2472; x_wconf 83' lang='lat' dir='ltr'>sit</span> <span class='ocrx_word' id='word_1_339' title='bbox 375 2439 576 2481; x_wconf 72' lang='lat' dir='ltr'>mutatum,</span> <span class='ocrx_word' id='word_1_340' title='bbox 605 2441 644 2473; x_wconf 91' lang='lat' dir='ltr'>et</span> <span class='ocrx_word' id='word_1_341' title='bbox 668 2447 769 2484; x_wconf 87' lang='lat' dir='ltr'>quae</span> <span class='ocrx_word' id='word_1_342' title='bbox 798 2433 941 2474; x_wconf 88' lang='lat' dir='ltr'>fuerint</span> <span class='ocrx_word' id='word_1_343' title='bbox 970 2447 1111 2473; x_wconf 88' lang='lat' dir='ltr'>causae</span> <span class='ocrx_word' id='word_1_344' title='bbox 1135 2448 1216 2485; x_wconf 88' lang='lat' dir='ltr'>quo</span> <span class='ocrx_word' id='word_1_345' title='bbox 1245 2434 1374 2474; x_wconf 86' lang='lat' dir='ltr'>minus</span> <span class='ocrx_word' id='word_1_346' title='bbox 1403 2440 1565 2474; x_wconf 84' lang='lat' dir='ltr'>coactus</span> 
     </span>
    </p>
   </div>
  </div>
 </body>
</html>
