1715 2780
161 120 234 167 136
344 118 465 157 THE
496 115 805 164 COLLOQUY
836 116 907 154 OF
941 112 1238 160 RATISBON,
1274 124 1369 163 1541
1483 125 1558 162 343

160 235 397 262 consensum
430 221 631 260 Ecclesiae
661 228 699 258 et
729 220 910 269 Synodos
943 217 1134 268 legitimas
1165 230 1246 254 non
1281 229 1416 255 errare.
1478 216 1558 254 Hic

161 290 346 327 magnum
374 283 571 314 certamen
594 282 722 313 ortum
744 280 813 320 est,
835 285 1008 322 cumque
1034 284 1103 322 per
1125 270 1275 321 aliquot
1302 271 1387 309 dies
1411 271 1462 309 de
1483 271 1559 309 hoc

160 333 249 370 loco
283 329 489 381 diligenter
520 329 843 380 disputassemus,
875 334 913 365 et
946 339 1034 377 pars
1066 327 1310 364 delectorum
1343 323 1561 375 scripsisset

161 385 394 424 contrariam
411 383 659 429 sententiam,
676 382 767 420 iussi
789 394 924 420 sumus
938 380 1096 419 reiicere
1117 381 1220 418 hanc
1236 387 1384 429 partem
1400 378 1439 416 in
1454 378 1560 417 aliud

161 447 327 489 ternpus.

215 495 359 532 Lectus
389 500 447 531 est
476 493 587 530 locus
616 492 666 530 de
696 489 970 536 Sacramentis,
1000 488 1038 526 in
1064 501 1143 539 quo
1164 501 1253 526 cum
1276 495 1437 526 ventum
1460 493 1561 525 esset

160 548 211 586 ad
232 548 411 587 Coenam
431 545 605 592 Domini,
623 547 724 583 rixae
745 552 852 583 ortae
873 551 963 582 sunt
977 544 1027 582 de
1044 541 1302 581 conversione
1319 540 1563 580 substantiae

161 602 283 652 panis.
333 600 498 639 Reiecta
513 608 571 638 est
591 607 629 637 et
650 600 747 637 haec
768 597 982 647 disputatio
1004 597 1042 634 in
1063 597 1170 634 aliud
1192 604 1358 646 tempus.
1420 597 1563 633 Postea

161 654 348 694 acerrima
388 654 591 693 contentio
639 654 689 691 de
738 666 777 690 re
818 666 899 690 non
941 664 1083 701 magna
1126 658 1260 689 secuta
1303 657 1384 697 est;
1432 662 1482 687 an
1521 648 1559 686 in

162 709 424 756 confessione,
453 717 495 746 ut
523 715 678 754 vocant,
710 705 931 744 necessaria
961 705 1009 743 sit
1039 705 1273 743 delictorum
1304 702 1562 742 enumeratio.

163 763 462 802 Defendebatur
488 775 650 812 regnum
680 762 975 798 confessionum
1011 772 1032 797 a
1064 757 1276 805 nonnullis,
1311 759 1370 796 vel
1404 765 1564 807 propter

161 817 433 856 auctoritatem
469 815 618 855 ordinis
651 815 912 861 sacerdotum,
955 814 1015 851 vel
1047 819 1206 863 propter
1246 812 1396 850 culinas
1430 824 1562 849 mona-

161 872 337 910 chorum.
397 872 475 910 Sed
501 871 552 909 ab
578 869 662 908 aliis
683 868 857 907 exhibita
885 876 942 906 est
967 867 1161 906 contraria
1187 865 1383 904 sententia
1403 866 1564 916 copiose

161 925 363 976 explicata.

216 981 390 1018 Ventum
413 986 470 1018 est
491 980 542 1017 ad
568 979 677 1016 locos
705 978 754 1016 de
782 983 975 1027 potestate
998 975 1316 1026 Episcoporum,¹
1338 976 1388 1013 de
1409 972 1564 1012 invoca-

164 1033 270 1073 tione
297 1041 538 1080 sanctorum,
567 1040 605 1071 et
636 1033 686 1070 de
721 1031 923 1070 oblatione
956 1030 994 1067 in
1024 1032 1161 1069 Coena
1196 1028 1373 1076 Domini,
1409 1041 1478 1066 seu
1513 1028 1563 1066 de

163 1088 429 1139 adplicatione
452 1087 610 1134 Missae,
632 1095 673 1124 ut
694 1083 866 1124 vocant.2
923 1086 984 1122 De
1012 1084 1156 1134 quibus
1178 1083 1349 1122 materiis
1370 1095 1460 1120 cum
1483 1095 1563 1120 non

164 1142 335 1192 potuerit
369 1140 591 1187 convenire,
623 1153 753 1178 rursus
788 1147 901 1178 erunt
940 1137 1157 1177 contrariae
1199 1137 1419 1176 sententiae
1461 1135 1565 1174 exhi-

164 1196 332 1235 bendae.
378 1197 559 1234 Tandem
581 1194 695 1245 igitur
708 1193 862 1232 abiecta
876 1206 944 1243 spe
960 1191 1247 1231 conciliationis
1268 1191 1462 1241 reliquum
1478 1189 1566 1228 libri

165 1250 437 1300 percurrimus,
473 1257 511 1288 et
546 1249 732 1298 scriptum
767 1249 980 1285 adornatur
1012 1246 1049 1284 in
1091 1260 1171 1295 quo
1212 1244 1442 1295 Imperatori
1478 1252 1566 1282 acta

166 1312 297 1343 nostra
326 1305 551 1343 referantur.

166 1413 252 1456 No.
286 1423 375 1465 137.
438 1411 545 1454 The
578 1411 879 1464 agreement
911 1421 977 1452 on
1009 1407 1381 1461 Justification;
1416 1407 1571 1449 letter

456 1470 514 1513 of
536 1469 916 1519 Melanchthon,
936 1479 989 1508 10
1010 1467 1132 1520 May
1150 1477 1261 1520 1541.

223 1565 278 1615 (a)
310 1565 426 1601 From
450 1563 516 1600 the
542 1563 659 1600 Liber
676 1561 979 1611 Rall‘spmlenslk,
1003 1560 1021 1609 ξ
1044 1558 1266 1597 v.—Firma
1295 1557 1427 1607 itaque
1452 1564 1509 1594 est
1531 1563 1568 1593 et

169 1631 262 1656 sana
294 1618 473 1656 doctrina
501 1629 569 1666 per
600 1617 717 1654 fidem
750 1614 875 1652 vivam
907 1622 944 1651 et
975 1614 1172 1652 ellicacem
1204 1611 1402 1649 iustificari
1433 1623 1571 1660 pecca-

169 1680 306 1710 torem.
365 1673 468 1709 Nam
504 1683 573 1720 per
601 1669 705 1707 illam
740 1671 828 1707 Deo
857 1667 952 1718 grati
984 1676 1021 1705 et
1051 1666 1201 1715 accepti
1233 1679 1379 1712 sumus,
1412 1671 1570 1714 propter

170 1726 382 1765 Christum.
423 1726 625 1763 Vocamus
640 1730 771 1761 autem
795 1723 913 1760 fidem
930 1721 1057 1759 vivam
1080 1729 1231 1758 motum
1251 1718 1415 1769 Spiritus
1437 1718 1569 1756 Sancti

171 1793 250 1829 quo
279 1792 368 1818 vere
397 1779 645 1828 poenitentes
674 1775 813 1815 veteris
843 1775 944 1813 vitae
973 1776 1173 1824 eriguntur
1195 1775 1246 1812 ad
1270 1775 1400 1811 Deum
1423 1780 1460 1810 et
1481 1784 1570 1809 vere

170 1834 474 1884 apprehendunt
513 1830 819 1870 misericordiam
859 1830 898 1867 in
934 1828 1092 1868 Christo
1126 1829 1372 1878 promissam,
1411 1834 1453 1864 ut
1492 1825 1567 1863 iarn

171 1901 260 1926 vere
276 1886 446 1926 sentiant
460 1887 567 1936 quod
584 1884 855 1923 remissionem
876 1891 1128 1934 peccatorum
1150 1890 1188 1920 et
1208 1880 1569 1920 reconciliationem

172 1949 330 1992 propter
359 1940 541 1979 meritum
572 1938 718 1979 Christi
742 1937 908 1988 gratuita
939 1937 1015 1975 Dei
1044 1936 1222 1975 bonitate
1250 1942 1500 1985 acceperunt,
1532 1941 1570 1972 et

172 1997 343 2034 clamant
368 1996 419 2033 ad
452 1996 595 2041 Deum,
617 1993 746 2039 Abba,
771 1994 895 2038 Pater,
918 1991 958 2030 id
983 1992 1092 2041 quod
1117 1999 1249 2030 tamen
1277 1991 1372 2028 nulli
1402 1987 1572 2037 obtingit

174 2049 249 2087 nisi
285 2049 401 2088 etiam
442 2048 557 2086 simul
596 2047 825 2085 infundatur
869 2046 1007 2084 caritas
1051 2058 1193 2083 sanans
1230 2045 1487 2088 voluntatem,
1529 2050 1570 2079 ut

173 2104 353 2142 voluntas
387 2110 532 2150 sanata,
569 2101 909 2152 quemadmodum
945 2101 993 2138 D.
1027 2099 1272 2149 Augustinus
1304 2097 1368 2144 ait,
1409 2096 1571 2145 incipiat

176 2156 336 2207 implere
374 2158 532 2206 Legem.
603 2155 720 2194 Fides
759 2168 850 2205 ergo
880 2156 966 2192 viva
1005 2167 1051 2192 ea
1082 2161 1140 2191 est
1175 2165 1276 2202 quae
1309 2149 1572 2201 apprehendit

177 2210 481 2250 misericordiam
502 2210 542 2248 in
560 2211 729 2257 Christo,
746 2222 792 2248 ac
807 2209 931 2246 credit
951 2207 1137 2246 iustitiam
1160 2220 1261 2256 quae
1277 2213 1335 2244 est
1357 2205 1395 2243 in
1413 2204 1573 2243 Christo

176 2264 249 2303 sibi
269 2266 384 2315 gratis
405 2264 587 2314 imputari
604 2272 641 2302 et
661 2277 762 2313 quae
783 2263 898 2300 simul
918 2261 1245 2312 pollicitationem
1266 2259 1431 2309 Spiritus
1448 2256 1573 2295 sancti

177 2326 215 2357 et
234 2318 434 2358 caritatem
454 2317 608 2369 accipit.
666 2319 728 2356 Ita
751 2317 861 2367 quod
883 2317 980 2355 fides
1001 2316 1162 2366 quidem
1190 2313 1405 2353 iustificans
1430 2319 1488 2350 est
1509 2310 1573 2349 illa

179 2373 274 2411 fides
305 2386 405 2423 quae
434 2381 492 2411 est
521 2373 654 2411 efficax
684 2385 752 2421 per
778 2370 990 2410 caritatem.
1050 2371 1128 2409 Sed
1157 2368 1311 2407 interim
1340 2369 1414 2405 hoc
1438 2378 1571 2404 verum

349 2452 357 2472 ¹
388 2454 481 2485 Liber
498 2452 756 2494 Ratisponensis,
774 2453 789 2488 ξ
808 2452 872 2490 xix,
890 2456 941 2492 ap.
961 2452 1055 2491 Corp.
1076 2450 1148 2490 lx'tf.
1168 2450 1207 2480 iv.
1229 2457 1284 2479 221
1302 2458 1372 2489 sqq.

350 2496 362 2516 ²
386 2497 463 2528 ibid.
485 2499 500 2534 ξ
516 2508 567 2535 xx,
584 2502 635 2537 ap.
660 2498 754 2536 Corp.
770 2495 844 2535 Reff.
858 2497 902 2526 iv.
923 2504 983 2534 224
1000 2505 1069 2534 sqq.
