1715 2780
130 121 193 158 141
383 109 747 156 INQUISITION
781 110 850 146 ΒΥ
884 111 1030 148 PAUL
1062 110 1138 155 III,
1179 122 1274 159 1542
1448 125 1524 160 349

127 213 209 251 fore
235 210 502 261 cognoverint,
525 218 562 250 et
589 211 638 250 ad
667 210 838 249 officium
867 210 1132 261 inquisitionis
1160 213 1379 251 haereticae
1405 214 1525 263 pravi-

127 264 216 305 tatis
235 266 286 305 de
306 264 388 304 iure
408 265 604 317 pertinent
626 265 805 313 faciendi,
824 266 995 316 gerendi,
1015 266 1238 314 ordinandi,
1256 267 1465 306 exercendi
1487 275 1524 307 et

127 319 380 370 exsequendi.

179 375 252 423 §8.
285 375 456 413 Necnon
489 375 540 413 ad
574 375 786 425 praemissa
820 375 954 413 omnia
987 382 1026 413 et
1060 374 1213 425 singula
1247 375 1286 414 in
1321 375 1525 426 quibusvis

126 427 359 476 civitatibus,
384 429 493 467 terris
520 436 558 467 et
584 430 680 467 locis
705 430 756 468 de
777 428 920 479 quibus
948 428 1096 468 eisdem
1120 429 1398 469 Cardinalibus
1419 430 1525 470 vide-

127 483 240 530 bitur,
267 490 305 521 et
332 482 515 533 quotiens
542 482 614 533 ipsi
640 483 870 523 Cardinales
898 496 997 534 opus
1024 497 1110 522 esse
1139 486 1408 535 cognoverint,
1431 486 1526 523 alias

126 550 313 588 personas
334 536 619 576 ecclesiasticas
640 537 815 585 idoneaS,
838 537 1025 577 litteratas
1053 546 1091 576 et
1113 540 1245 577 Deum
1270 538 1455 578 timentes
1486 539 1526 578 in

125 592 346 642 Theologia
367 592 588 642 Magistros,
609 605 677 630 seu
699 593 738 629 in
759 593 911 631 altero
903 593 1044 631 iurium
1065 594 1271 640 Doctores,
1291 593 1523 641 licentiatos,

127 645 440 685 Baccalaureos
431 659 471 683 ln
491 645 623 696 aliqua
644 645 910 685 Universitate
938 646 1057 686 studii
1081 647 1273 697 generalis
1299 649 1523 698 graduatos,

127 699 167 738 in
200 699 400 750 trigesimo
434 712 570 738 eorum
605 699 742 739 aetatis
780 713 887 739 anno
921 702 972 739 ad
1007 700 1137 740 minus
1173 701 1420 750 constitutOS,
1457 715 1525 741 seu

126 754 379 794 ecclesiarum
408 754 694 793 cathedralium
722 754 947 802 canonicos,
971 756 1031 793 vel
1061 757 1155 794 alias
1185 755 1377 806 dignitate
1404 758 1526 796 eccle-

126 807 282 847 siastica
296 808 507 859 praeditos,
525 822 616 847 curn
633 808 749 847 simili
770 817 837 848 aut
858 809 1025 848 limitata
1041 810 1226 849 facultate
1243 810 1526 859 substituendi,

127 870 165 902 et
185 862 471 913 subdelegandi
483 876 530 901 ac
543 876 622 910 eos,
641 862 681 901 in
703 870 787 902 toto
803 864 863 902 vel
878 863 917 902 in
931 871 1051 913 parte,
1070 863 1185 902 simul
1206 866 1267 903 vel
1291 866 1523 912 successive,

125 918 175 956 ad
196 918 414 956 eorundem
437 917 707 957 Cardinalium
738 917 906 965 libitum,
929 917 1047 956 etiam
1076 919 1115 956 in
1142 918 1309 968 negotiis
1336 927 1373 957 et
1398 919 1525 958 causis

125 985 193 1022 per
213 984 280 1010 eos
301 979 396 1010 tunc
424 972 601 1022 inceptis,
624 971 835 1011 revocandi
857 979 894 1011 et
916 973 1004 1010 loco
1026 971 1200 1022 ipsorum
1222 972 1319 1011 alios
1348 973 1526 1012 similiter

125 1025 370 1076 qualificatos
395 1026 625 1076 deputandi,
649 1025 701 1064 ita
723 1034 855 1065 tamen
877 1028 985 1076 quod
1006 1026 1196 1076 praedicti
1219 1026 1465 1075 Cardinales,
1487 1035 1525 1067 et

124 1079 188 1118 alii
214 1079 265 1118 ab
293 1079 348 1118 eis
378 1093 448 1130 pro
479 1087 657 1130 tempore
683 1081 875 1130 deputati,
895 1081 945 1119 de
974 1080 1294 1120 absolutionibus
1324 1089 1362 1120 et
1392 1095 1525 1121 recon-

125 1133 389 1173 ciliationibus
423 1147 577 1172 reorum
609 1136 675 1184 qui
710 1135 760 1173 ad
790 1134 961 1173 veritatis
994 1136 1128 1173 lumen
1160 1135 1287 1174 redire
1317 1136 1523 1184 voluerint,

125 1201 221 1239 quas
248 1187 365 1226 nobis
390 1201 570 1238 expresse
594 1202 848 1235 reservamus,
870 1202 915 1227 ac
936 1188 1020 1227 aliis
1042 1202 1162 1238 quam
1184 1190 1354 1228 haeresis
1375 1190 1523 1229 crimen

125 1242 367 1293 sapientibus
406 1242 558 1281 delictis
593 1250 631 1281 et
666 1243 891 1282 excessibus
931 1256 972 1282 se
1014 1243 1272 1282 intromittere
1311 1253 1523 1294 nequeant,

125 1298 281 1347 plenam
303 1304 342 1336 et
362 1296 634 1336 omnimodam
657 1298 883 1337 facultatem
901 1298 1051 1337 eisdem
1073 1298 1306 1337 auctoritate
1328 1306 1366 1337 et
1387 1306 1525 1338 tenore

123 1352 391 1390 concedimus.

177 1406 196 1455 ξ
212 1419 248 1455 9.
278 1406 329 1444 Et
344 1404 603 1444 nihilominus
619 1407 851 1444 auctoritate
867 1413 905 1445 et
921 1413 1058 1445 tenore
1075 1405 1298 1456 praemissis
1316 1407 1524 1446 statuimus

125 1466 163 1498 et
194 1459 422 1499 ordinamus
453 1460 563 1510 quod
591 1473 730 1499 omnes
762 1467 800 1499 et
832 1461 1008 1511 singulae
1039 1460 1325 1511 appellationes
1357 1475 1425 1511 per
1456 1475 1523 1500 eos

125 1522 261 1553 contra
289 1527 389 1564 quos
415 1513 548 1576 vigore
576 1515 843 1564 praesentium
873 1515 1034 1565 procedi
1065 1514 1283 1565 contigerit,
1313 1529 1336 1554 a
1365 1515 1524 1566 quibus-

124 1580 295 1618 cumque
333 1582 401 1619 per
440 1569 546 1619 ipsos
583 1568 814 1609 Cardinales
849 1570 1047 1619 deputatis
1087 1582 1158 1619 pro
1193 1576 1378 1631 tempore.
1411 1570 1525 1609 inter-

124 1623 345 1672 ponendae,
381 1623 432 1661 ad
472 1623 635 1662 eosdem
675 1622 906 1663 Cardinales
945 1624 1101 1662 devolvi
1142 1623 1326 1670 debeant,
1370 1624 1523 1675 ipsique

125 1675 355 1716 Cardinales
382 1689 520 1715 causas
549 1677 859 1727 appellationum
886 1676 1126 1724 huiusmodi,
1151 1691 1242 1715 cum
1271 1677 1457 1716 omnibus
1486 1687 1523 1717 et

124 1730 285 1781 singulis
314 1744 448 1770 earum
475 1730 752 1778 incidentibus,
776 1731 1110 1781 dependentibus,
1132 1731 1435 1782 emergentibus,
1458 1746 1522 1770 an-

125 1784 232 1823 nexis
260 1792 298 1823 et
324 1784 522 1831 connexis,
545 1785 681 1823 audire
711 1798 949 1835 cognoscere
974 1792 1012 1824 et
1032 1784 1227 1824 decidere.
1287 1787 1346 1824 Ac
1372 1786 1410 1824 in
1432 1800 1523 1836 qua-

125 1851 296 1889 cumque
322 1838 507 1877 instantia
534 1838 687 1887 fuerint,
711 1840 789 1877 fine
813 1839 950 1878 debito
974 1838 1182 1878 terminare
1208 1853 1254 1878 ac
1279 1840 1521 1879 exsecutioni

124 1893 282 1932 debitae
302 1893 555 1932 demandare.

177 1948 196 1997 ξ
222 1961 279 1986 10.
313 1948 363 1985 Et
387 1954 468 1985 tam
493 1946 532 1985 in
553 1946 681 1985 causis
705 1946 1015 1997 appellationum
1038 1947 1266 1987 huiusmodi
1287 1961 1407 1999 quam
1427 1948 1522 1987 alias

125 2001 176 2039 ad
204 2002 387 2040 effectum
416 2000 718 2051 praemissorum
749 2001 928 2040 omnium
959 2014 1059 2051 quos
1090 2015 1190 2052 opus
1220 2002 1345 2051 fuerit,
1372 2010 1451 2041 tam
1483 2003 1522 2041 in

126 2053 231 2093 dicta
251 2054 369 2095 Curia
389 2068 507 2105 quarn
529 2063 635 2094 extra
655 2068 754 2102 eam,
775 2064 813 2095 et
840 2055 879 2093 in
901 2055 1076 2106 partibus
1105 2055 1233 2104 etiam,
1258 2070 1326 2106 per
1347 2056 1519 2095 edictum

126 2108 328 2157 publicum
358 2110 540 2157 constito,
564 2109 776 2148 summarie
805 2116 843 2148 et
873 2109 1222 2157 extraiudicialiter,
1246 2111 1296 2149 de
1325 2124 1405 2149 non
1436 2117 1522 2149 tuto

126 2162 177 2200 ad
196 2175 264 2209 eos
286 2175 458 2210 accessu,
480 2163 610 2211 citare,
631 2176 677 2202 ac
697 2164 841 2214 quibus
862 2163 1124 2203 inhibendum
1146 2165 1260 2203 fuerit
1284 2164 1464 2203 inhibere
1484 2171 1521 2203 et

126 2217 366 2266 appellantes
396 2216 623 2267 simpliciter
650 2219 711 2256 vel
740 2218 791 2256 ad
820 2218 1025 2265 cautelam,
1057 2231 1080 2256 a
1109 2218 1428 2268 quibuscumque
1457 2230 1521 2256 ex-

127 2270 553 2310 communicationibus
579 2278 618 2310 et
644 2271 729 2310 aliis
756 2271 959 2310 sententiis
987 2271 1161 2310 censuris
1182 2279 1221 2311 et
1241 2271 1379 2322 poenis
1401 2273 1522 2310 eccle-

127 2322 289 2362 siasticis
323 2324 363 2362 in
395 2337 462 2364 eos
496 2327 593 2373 latis,
627 2325 831 2365 absolvere
864 2325 1027 2376 possint,
1060 2334 1175 2376 prout
1207 2327 1258 2364 de
1291 2325 1373 2364 iure
1407 2324 1521 2363 fuerit

126 2376 361 2416 faciendum.
421 2380 690 2418 Decernentes
725 2393 1000 2429 quaecumque
1034 2392 1102 2429 per
1136 2379 1240 2429 ipsos
1276 2377 1518 2425 Cardinales,

128 2442 195 2469 seu
215 2431 265 2470 ab
285 2431 340 2470 eis
361 2433 571 2482 deputatos
598 2433 636 2471 in
664 2433 899 2483 praemissis,
922 2433 1224 2483 quomodolibet
1248 2445 1318 2482 pro
1343 2440 1521 2482 tempore

127 2492 233 2533 gesta
259 2486 416 2535 plenam
441 2486 593 2525 roboris
622 2487 844 2527 firmitatem
869 2487 1059 2535 obtinere,
1081 2494 1118 2526 et
1146 2494 1338 2536 perpetuo
1362 2485 1519 2524 inviola-

127 2536 254 2577 biliter
273 2539 468 2578 observari
489 2541 645 2582 debere.
