1715 2780
126 133 174 171 54
392 120 655 158 ERASMUS
697 119 816 155 AND
856 116 1106 162 LUTHER,
1142 125 1242 164 1519
1462 121 1516 159 30

124 225 256 260 looked
275 225 329 258 for
345 224 369 258 it
386 230 424 258 to
443 235 546 258 come
565 223 613 268 by
631 223 693 257 the
709 222 797 257 slow
813 223 956 256 solvent
974 220 1014 254 of
1028 219 1154 254 liberal
1174 218 1324 254 studies.
1367 217 1515 260 Luther,

126 272 250 307 before
277 273 322 306 he
349 271 438 306 took
463 282 558 316 open
587 270 721 313 action,
748 269 862 303 found
888 267 1038 303 himself
1060 273 1123 301 out
1148 266 1189 300 of
1211 265 1408 310 sympathy
1430 263 1516 298 with

127 321 319 362 Erasmus,
353 319 361 335 ‘
375 319 475 364 quod
508 317 715 362 Augustino
750 317 785 351 in
820 315 1016 360 Scripturis
1050 311 1338 358 interpretandis
1374 317 1518 346 tantum

127 366 334 412 posthabeo
366 366 647 409 Hieronymum,
684 372 862 409 quantum
896 363 975 407 ipse
1002 360 1251 405 Augustinum
1280 359 1318 394 in
1347 358 1518 393 omnibus

129 413 361 458 Hieronymo
384 412 604 457 posthabet’
633 413 773 454 (Letter
796 411 835 445 of
863 419 904 454 19
930 410 1011 444 Oct.
1039 408 1151 452 1516:
1177 407 1224 441 de
1245 408 1380 448 Wette,
1403 405 1426 439 i.
1443 406 1518 449 40),

127 462 201 495 and
213 460 320 505 again
339 472 346 495 ε
373 462 380 478 ‘
395 461 592 494 Erasmurn
607 466 772 494 nostrum
787 459 877 502 lego,
893 463 928 491 et
948 455 1067 490 indies
1079 453 1257 489 decrescit
1272 452 1359 487 mihi
1374 452 1521 487 animus

128 520 216 552 erga
233 519 338 551 eum;
362 508 482 552 placet
500 507 648 552 quidem
665 506 764 551 quod
784 512 861 540 tam
879 503 1070 548 religiosos
1089 513 1204 548 quarn
1222 500 1430 535 sacerdotes
1445 510 1520 533 non

129 555 249 589 minus
267 561 479 589 constanter
504 565 613 599 quarn
632 553 773 588 erudite
791 551 910 596 arguit
927 557 962 585 et
987 550 1141 584 damnat
1166 549 1391 583 inveteratae
1413 546 1521 581 huius

129 610 164 637 et
183 609 396 636 veternosae
421 602 586 635 inscitiae
603 613 610 636 :
639 601 704 635 sed
727 600 838 634 timeo
856 610 902 633 ne
922 598 1108 633 Christum
1127 603 1161 631 et
1180 594 1336 640 gratiam
1355 594 1428 629 Dei
1446 605 1522 627 non

130 649 220 684 satis
245 648 482 694 promoveat'
500 650 641 687 (Letter
659 648 700 681 of
724 657 735 680 1
758 646 891 680 March
914 653 1023 690 1517:
1049 645 1094 679 de
1119 645 1253 684 Wette,
1274 642 1295 676 i.
1320 640 1392 686 52).
1451 642 1523 675 But

131 698 168 731 in
187 705 282 741 1519,
300 697 405 730 when
423 708 445 730 a
460 696 558 730 word
577 695 616 729 of
630 694 806 739 approval
824 693 917 728 from
933 694 1112 727 Erasmus
1130 690 1250 725 would
1267 690 1363 724 have
1380 689 1523 733 greatly

130 744 363 788 encouraged
381 743 469 786 him,
496 743 541 776 he
559 743 646 777 took
664 742 872 785 advantage
890 740 930 774 of
943 739 1080 774 certain
1099 736 1341 783 disparaging
1358 735 1524 771 remarks

132 792 244 825 about
273 791 480 835 ‘pardons'
508 790 624 824 which
653 790 831 823 Erasmus
857 787 933 821 had
962 788 1010 821 let
1041 786 1102 820 fall
1130 785 1166 819 in
1196 784 1255 819 his
1277 782 1523 829 ‘praefatione

132 837 336 873 Enchiridii
363 837 618 872 recentissima
632 838 639 852 ’
660 836 700 870 of
724 836 810 879 1518
838 842 876 869 to
900 840 1044 869 entreat
1068 833 1145 867 him
1165 831 1215 866 ‘si
1243 831 1294 866 ita
1316 830 1383 865 tibi
1405 829 1525 864 visum

133 885 251 927 fuerit,
269 896 428 929 agnosce
445 891 481 919 et
500 885 597 918 hunc
614 883 850 918 fraterculum
875 881 912 916 in
930 880 1090 922 Christo,
1111 879 1162 915 tui
1181 885 1278 914 certe
1300 876 1525 913 studiosissi-

133 934 257 967 mum'
287 933 428 975 (Letter
454 932 495 965 of
517 932 560 966 28
587 931 730 970 March,
762 939 873 974 1519:
901 929 948 963 de
975 929 1111 970 Wette,
1139 927 1159 961 i.
1187 925 1282 969 248).
1346 926 1526 959 Erasmus

134 979 271 1022 replied
290 979 422 1023 coldly,
440 979 534 1013 from
554 977 731 1019 Louvain,
751 988 795 1022 30
815 978 916 1020 May,
935 977 942 993 ‘
958 976 1088 1010 Habes
1106 974 1142 1008 in
1160 973 1296 1017 Anglia
1313 972 1375 1018 qui
1389 972 1436 1006 de
1453 971 1526 1006 tuis

135 1026 279 1071 scriptis
298 1026 435 1071 optime
459 1026 628 1068 sentiant,
656 1032 690 1059 et
717 1031 801 1059 sunt
827 1024 864 1058 hi
890 1022 1049 1057 maximi.
1100 1022 1194 1057 Sunt
1219 1027 1255 1055 et
1282 1020 1352 1062 hic,
1371 1029 1526 1065 quorum

134 1081 189 1108 est
208 1073 362 1108 eximius
386 1073 549 1118 quidam,
570 1072 630 1117 qui
650 1072 720 1107 tuis
742 1072 879 1106 favent.
918 1072 1001 1114 Ego
1019 1080 1078 1104 me
1096 1068 1219 1113 quoad
1239 1067 1323 1102 licet
1342 1066 1526 1110 integrum

135 1132 252 1161 servo,
271 1132 343 1166 quo
358 1120 477 1164 magis
491 1120 630 1165 prosim
645 1119 751 1154 bonis
765 1118 880 1153 literis
898 1116 1216 1152 reflorescentibus
1228 1116 1236 1131 ’
1250 1114 1400 1160 (Opera,
1416 1114 1487 1148 III.
1503 1113 1526 1156 i,

135 1169 202 1202 col.
222 1176 286 1211 445
304 1169 360 1211 ss).
415 1169 474 1202 He
499 1167 560 1201 did
582 1173 645 1201 not
665 1166 754 1200 wish
779 1173 817 1200 to
835 1166 881 1200 be
898 1163 1184 1209 compromised.
1236 1162 1298 1197 On
1319 1171 1359 1205 13
1378 1162 1472 1205 Aug.
1491 1159 1526 1194 in

137 1214 225 1259 [No.
245 1213 305 1258 30]
326 1226 351 1249 a
369 1216 495 1250 letter
513 1217 559 1250 to
578 1215 661 1249 Leo
679 1215 720 1248 X
739 1213 826 1258 (Ep.
847 1220 913 1257 453
931 1224 939 1256 ;
967 1212 1054 1247 ibid.
1074 1211 1146 1245 111.
1166 1210 1187 1245 i.
1205 1218 1272 1254 491
1294 1208 1343 1253 E)
1361 1208 1409 1243 he
1426 1207 1528 1252 gives

136 1263 193 1296 his
212 1263 324 1296 views
347 1274 389 1295 as
411 1269 449 1296 to
471 1263 533 1296 the
555 1267 752 1296 treatment
774 1260 811 1294 of
828 1261 892 1294 the
918 1265 1067 1303 present
1093 1257 1257 1292 troubles
1275 1268 1284 1300 ς
1311 1267 1360 1290 on
1382 1264 1398 1290 1
1419 1256 1529 1295 Nov.,

138 1310 173 1343 in
201 1309 289 1353 [No.
314 1308 375 1353 31]
403 1320 428 1343 a
453 1310 578 1344 letter
604 1312 648 1343 to
675 1309 824 1343 Albert
851 1308 896 1342 of
917 1307 1056 1341 Mainz
1083 1305 1168 1350 (Ep.
1186 1313 1280 1347 477:
1310 1304 1396 1338 ibid.
1416 1303 1487 1336 III.
1508 1301 1529 1335 i.

140 1365 200 1401 515
223 1356 273 1400 D)
293 1356 339 1390 he
355 1357 457 1390 deals
476 1356 561 1390 with
578 1355 673 1390 their
688 1355 818 1399 origin.
1293 1365 1301 1371 ’

158 1475 245 1517 No.
279 1486 354 1527 30.
416 1474 659 1517 Erasmus
689 1476 742 1516 to
775 1474 874 1516 Leo
908 1474 973 1524 X,
1006 1486 1072 1515 on
1104 1472 1192 1516 the
1223 1471 1502 1514 treatment

496 1532 554 1574 of
576 1532 662 1575 the
692 1533 900 1585 present
930 1531 1172 1574 troubles.

196 1649 202 1656 .
228 1649 234 1656 .
261 1650 267 1656 .
293 1618 474 1657 Protinus
504 1618 673 1657 haeresis
701 1618 939 1656 vocabulum
970 1617 1010 1655 in
1040 1630 1107 1655 ore
1136 1624 1205 1664 est,
1236 1614 1362 1654 sicubi
1382 1613 1532 1653 dissen-

141 1674 255 1721 tiunt,
293 1680 359 1711 aut
399 1672 519 1711 videri
554 1674 691 1710 volunt
725 1671 957 1710 dissentire:
1001 1671 1031 1709 si
1075 1670 1172 1721 quid
1205 1683 1344 1720 parurn
1377 1667 1531 1714 arridet,

142 1727 326 1766 seditiose
350 1727 583 1776 quiritantur
608 1727 714 1776 apud
741 1739 910 1764 crassam
931 1733 969 1764 et
996 1725 1198 1764 indoctam
1226 1721 1532 1762 multitudinem.

144 1783 258 1819 Haec
287 1781 493 1830 aliquoties
522 1782 648 1830 parvis
678 1780 796 1818 initiis
831 1789 926 1827 orta,
957 1792 1242 1830 saepenumero
1270 1776 1534 1815 vastissimum

142 1837 305 1885 gignunt
344 1834 584 1881 incendium,
625 1836 747 1884 fitque
781 1843 823 1872 ut
860 1835 1019 1880 malurn,
1056 1834 1164 1883 quod
1197 1831 1309 1870 initio
1343 1844 1416 1869 ceu
1449 1831 1535 1868 leve

144 1888 422 1938 negligebatur,
472 1888 658 1937 paulatim
701 1895 861 1926 auctum
905 1889 1065 1926 tandem
1110 1893 1288 1936 erumpat
1334 1884 1375 1923 in
1421 1896 1536 1934 grave

144 1943 354 1982 discrimen
402 1941 691 1991 tranquillitatis
743 1941 1001 1981 Christianae.
1061 1943 1152 1979 Hac
1199 1939 1361 1990 quidem
1408 1937 1448 1976 in
1495 1950 1536 1976 re

147 1998 312 2035 multum
335 1995 460 2034 laudis
481 1995 656 2041 debetur,
681 1995 839 2045 optimis
868 1994 1090 2034 monarchis
1117 1994 1184 2044 qui
1210 1992 1441 2032 auctoritate
1467 2005 1538 2029 sua

147 2050 353 2090 dissidium
394 2051 470 2087 hoc
504 2049 593 2087 oriri
628 2058 812 2099 coeptum
852 2050 1038 2087 sedarunt
1071 2050 1175 2087 velut
1215 2048 1414 2086 Henricus
1454 2045 1537 2083 eius

147 2104 318 2143 nominis
353 2112 526 2149 octavuS,
565 2104 671 2153 apud
710 2104 888 2152 Anglos;
930 2103 1172 2149 Franciscus,
1212 2100 1328 2138 huius
1365 2098 1538 2138 nominis

148 2158 307 2208 primus,
355 2159 461 2207 apud
498 2158 658 2204 Gallos:
705 2157 810 2206 apud
850 2158 1081 2202 Germanos,
1122 2155 1230 2204 quod
1269 2167 1315 2192 ea
1352 2153 1458 2203 regio
1498 2153 1538 2190 in

148 2213 301 2262 regulos
331 2213 552 2261 complures
582 2211 751 2249 dissecta
780 2218 848 2257 est,
879 2223 961 2247 non
990 2217 1118 2259 potest
1146 2209 1252 2246 idem
1284 2206 1393 2254 fieri,
1431 2207 1538 2256 apud

149 2280 232 2313 nos,
255 2265 442 2315 quoniam
465 2272 502 2303 et
529 2278 653 2314 nuper
675 2264 895 2314 Principem
919 2263 1062 2301 habere
1087 2261 1288 2312 coepimus
1308 2268 1427 2310 atque
1447 2273 1537 2298 eum

150 2320 342 2358 habemus
371 2319 564 2369 optimum
595 2317 756 2367 quidem
792 2317 933 2367 pariter
962 2325 999 2354 et
1032 2315 1258 2363 maximum,
1292 2315 1362 2352 sed
1390 2313 1539 2363 ingenti

151 2382 346 2413 semotum
395 2373 608 2419 intervallo,
655 2373 941 2410 tumultuantur
986 2371 1117 2408 adhuc
1165 2370 1326 2418 impune
1364 2367 1537 2417 quidam.

153 2428 323 2466 Proinde
345 2427 440 2465 mihi
460 2426 613 2465 videtur
633 2427 721 2463 Tua
748 2424 941 2464 Sanctitas
968 2437 1049 2462 rem
1071 2425 1219 2461 factura
1240 2421 1398 2461 Christo
1424 2423 1540 2470 longe

152 2482 421 2532 gratissimam,
454 2480 485 2519 si
509 2479 832 2518 contentionibus
862 2478 1087 2516 huiusmodi
1119 2476 1316 2514 silentium
1346 2474 1538 2522 indixerit,
