1715 2780
829 89 902 125 302

774 189 951 225 XXXVI

732 266 767 301 A
797 262 991 303 TRUCE

215 340 271 383 By
296 338 358 373 the
388 339 532 383 League
559 339 598 373 of
629 338 917 374 schmalkalden
945 338 1008 373 the
1037 339 1267 373 Protestants
1298 348 1390 373 were
1416 349 1498 373 now
1524 337 1559 373 in

167 398 188 420 a
209 385 370 431 position
394 392 432 420 to
456 392 548 421 treat
567 386 653 421 with
677 386 739 421 the
761 387 945 431 Emperor
966 396 1013 420 on
1037 386 1144 431 equal
1165 392 1291 421 terms.
1342 385 1449 430 They
1467 396 1562 420 were

166 433 307 467 further
325 433 590 477 strengthened
610 434 657 478 by
671 445 693 467 a
710 433 808 468 fresh
827 433 995 468 advance
1013 432 1053 467 of
1063 433 1126 467 the
1144 433 1247 467 Turk
1263 443 1271 467 :
1298 432 1354 467 for
1371 432 1559 468 Suleiman

168 486 222 514 set
248 487 311 515 out
335 481 537 524 westward,
559 480 602 515 26
621 480 724 525 April
747 488 849 524 1532.
903 480 963 515 He
989 491 1064 514 was
1091 480 1127 514 in
1152 480 1214 515 full
1240 486 1374 515 retreat
1400 480 1449 524 by
1469 481 1560 525 Sep-

167 528 310 561 tember
337 527 493 571 (Ranke,
523 528 604 573 Rey‘.
622 528 691 571 689
710 528 816 573 sqq.).
868 529 951 570 But,
976 528 1206 569 meanwhile,
1232 527 1295 562 the
1321 527 1462 571 danger
1487 538 1561 561 was

167 574 257 608 such
288 575 367 609 that
393 586 415 608 a
445 582 545 609 truce
574 586 647 609 was
678 586 875 619 necessary
901 575 1067 609 between
1097 575 1161 609 the
1191 574 1375 619 Emperor
1399 574 1473 609 and
1498 574 1561 609 the

169 622 410 656 Protestants.
464 623 495 656 It
513 633 587 656 was
608 622 743 656 known
767 634 821 665 as,
849 631 892 665 23
910 621 994 668 July
1015 629 1115 666 1532,
1133 619 1223 667 [No.
1246 620 1327 666 125]
1346 622 1415 657 the
1431 622 1562 657 Peace

167 669 212 703 of
226 669 442 712 N'tirnberg
462 669 649 709 (Goldasti
672 669 795 704 δοκεῖ.
813 670 907 713 Imp.
930 669 962 703 ii.
986 672 1078 713 172).

198 750 286 793 No.
310 761 400 803 125.
463 749 574 793 The
605 750 766 793 Peace
797 749 855 792 of
879 749 1157 803 Niirnberg‚
1180 761 1235 802 23
1260 749 1395 803 JuIy,
1418 760 1539 802 1532.

223 826 298 863 Dei
328 825 448 875 gratia
478 838 551 864 nos
582 826 767 864 Albertus
797 826 836 864 S.
858 827 905 862 R.
931 826 989 871 E„
1013 824 1113 863 tituli
1137 826 1173 863 S.
1197 824 1301 863 Petri
1321 826 1372 863 ad
1393 823 1559 871 vincula,

170 880 375 930 Presbyter
405 879 636 927 Cmdinalis,
669 881 839 929 Legatus
869 886 995 926 natus,
1029 880 1289 929 Moguntinus
1323 891 1370 916 ac
1401 879 1563 928 Magde-

168 933 372 983 burgensis
418 933 760 984 Archiepiscopus‚
802 932 1179 971 Archicancellarius
1221 940 1259 971 et
1298 933 1447 971 Primas
1495 945 1563 982 per

169 988 435 1034 Germaniam,
465 987 771 1026 Administrator
792 986 1149 1034 Halberstadensis,
1180 985 1422 1037 Margravius
1444 987 1562 1024 Bran-

168 1041 464 1091 denburgensis,
507 1043 603 1090 &c.;
658 1049 695 1080 et
743 1041 995 1080 Ludovicus¹
1034 1040 1234 1079 Palatinus
1283 1041 1427 1087 Rheni,
1470 1041 1562 1078 Dux

170 1095 367 1142 Bavariae,
399 1097 435 1133 S.
469 1097 515 1133 R.
548 1097 579 1133 Ι.
612 1095 896 1145 Archidapifer,
926 1095 1046 1134 ambo
1076 1096 1288 1142 Electores,
1319 1095 1486 1133 fatemur
1523 1102 1561 1132 et

168 1148 326 1199 publice
346 1157 531 1188 testatum
552 1149 716 1188 facimus
738 1151 845 1188 hisce
865 1149 997 1188 literis.

223 1203 327 1243 Cum
348 1203 448 1242 inter
475 1203 775 1242 invictissimum
805 1203 1028 1253 Principem
1056 1210 1093 1241 et
1116 1202 1347 1249 Dominum,
1372 1203 1421 1240 D.
1443 1202 1560 1241 Caro-

168 1259 248 1295 lum
260 1259 487 1295 Romanum
498 1259 780 1308 Imperatorem
789 1270 943 1308 semper
951 1259 1174 1307 Augustum
1185 1258 1268 1304 &c.,
1279 1255 1485 1295 dominum
1494 1269 1560 1293 no-

169 1319 290 1349 strum
312 1311 663 1349 clementissimum
686 1325 731 1350 ex
752 1325 830 1349 una
849 1319 968 1361 parte,
992 1319 1030 1350 et
1044 1310 1324 1349 illustrissimos
1346 1309 1558 1359 Principes,

169 1373 324 1403 nostros
354 1378 466 1403 caros
495 1373 658 1414 agnatos
689 1372 726 1403 ct
756 1365 1082 1415 consanguineos,
1106 1366 1155 1404 D.
1189 1366 1381 1402 Ioannem
1404 1365 1559 1402 Ducem

169 1419 361 1456 Saxoniae
391 1420 613 1457 Electorem
644 1422 715 1457 &Q
746 1426 784 1457 et
816 1420 1008 1457 Ioannem
1038 1417 1278 1457 Fridericum
1303 1417 1386 1456 eius
1414 1416 1536 1455 filium
1553 1431 1561 1463 ;

169 1474 218 1510 D.
242 1472 454 1522 Georgium
479 1472 741 1522 Margravium
764 1472 1185 1522 Brandenburgensem
1202 1486 1212 1519 3
1251 1473 1299 1509 D.
1322 1470 1559 1520 Philippum,

171 1527 382 1564 Ernestum
413 1534 451 1565 et
487 1527 751 1573 Franciscum,
790 1527 923 1565 fratres
963 1534 1000 1565 et
1029 1533 1203 1576 agnatos,
1246 1527 1379 1563 Duces
1419 1526 1561 1562 Bruns—

168 1579 344 1619 vicenses
360 1595 369 1627 3
400 1580 621 1630 Principem
651 1582 925 1630 Wolfgangum
955 1581 1006 1619 ad
1035 1581 1182 1618 Anhalt
1199 1594 1208 1626 3
1235 1579 1492 1617 Gebhardum
1523 1586 1561 1617 et

169 1634 386 1680 Albertum‚
411 1634 588 1673 Comites
615 1634 654 1672 in
686 1635 873 1673 Mansfelt
887 1649 896 1681 3
934 1642 972 1672 et
991 1633 1167 1672 civitates
1192 1632 1458 1682 Argentinam‚
1483 1633 1561 1671 No-

168 1687 400 1737 rinbergam,
438 1687 724 1735 Constantiam,
758 1690 931 1735 Uhnam,
965 1687 1230 1733 Bibrachium,
1263 1688 1409 1734 Isnam,
1441 1687 1560 1725 Reut-

168 1741 326 1790 lingam,
358 1742 584 1791 Eslingiam,
620 1741 917 1791 Memmingam,
950 1743 1133 1789 Lindam,
1163 1740 1373 1787 Hailbrun,
1410 1740 1559 1778 Hallim

170 1796 398 1842 Suevorum,
422 1797 634 1845 Kempten‚
653 1795 1011 1845 Weissenburgum,
1032 1795 1328 1841 Winshemiam,
1346 1792 1559 1840 Lubecam,

171 1848 453 1898 Brunsvigiam‚
482 1849 806 1899 Magdeburgam,
839 1852 1034 1896 Bremam,
1065 1847 1297 1895 Goslariam,
1328 1846 1558 1892 Einbecam,

170 1901 424 1951 Gottingiam,
443 1903 479 1939 N
484 1902 699 1940 orthusmm
719 1910 757 1941 et
779 1903 1052 1962 Hamburgam
1074 1915 1119 1941 ex
1134 1903 1254 1939 altera
1267 1908 1386 1951 parte,
1404 1907 1562 1959 propter

170 1967 327 1993 causam
367 1955 563 2004 religionis
600 1956 863 1995 controversia
901 1955 1090 1994 extiterit:
1133 1955 1243 1993 cuius
1282 1954 1335 1993 rei
1366 1953 1486 2004 gratia
1520 1952 1559 1990 in

170 2008 351 2048 Comitiis
387 2008 661 2058 Imperialibus
694 2018 810 2048 antea
841 2009 983 2048 habitis
1013 2010 1158 2047 multae
1187 2016 1226 2047 et
1254 2007 1381 2046 variae
1415 2006 1560 2045 delibe-

169 2061 338 2100 rationes
367 2069 572 2111 susceptae
601 2070 639 2100 et
669 2069 840 2101 tentatae
869 2070 970 2109 sunt,
994 2070 1035 2100 ut
1056 2061 1277 2100 istiusmodi
1296 2059 1560 2099 controversia

169 2123 208 2154 et
246 2115 481 2165 disceptatio
518 2117 569 2153 ad
607 2115 779 2165 aliquam
817 2129 985 2166 aequam
1020 2115 1274 2154 concordiam
1309 2113 1557 2164 redigeretur,

170 2170 279 2218 quod
310 2168 471 2218 quidem
506 2170 695 2207 hactenus
730 2169 811 2207 fieri
845 2183 926 2208 non
965 2169 1104 2219 potuit.
1162 2170 1326 2217 Nosque
1364 2180 1435 2216 pro
1468 2179 1558 2205 con-

170 2223 360 2260 servanda
388 2235 485 2272 pace
514 2230 552 2260 et
581 2222 792 2260 concordia
820 2223 978 2272 publica
1011 2222 1049 2260 in
1082 2221 1254 2271 Imperio
1283 2228 1321 2259 et
1350 2219 1558 2270 praecipue

171 2284 212 2314 ut
251 2275 454 2314 communi
493 2275 705 2315 Christiani
740 2275 911 2313 nominis
945 2275 1058 2321 hosti,
1094 2277 1247 2313 Turcae
1280 2273 1473 2320 videlicet,
1509 2286 1557 2311 eo

171 2329 310 2367 melius
334 2337 372 2367 et
400 2329 525 2367 acrius
546 2328 681 2376 resisti,
704 2329 866 2378 eiusque
894 2327 1151 2367 crudelissimi
1181 2334 1344 2366 conatus
1372 2328 1557 2366 adversus

171 2382 437 2421 Christianum
467 2382 697 2432 sanguinem
727 2389 765 2421 et
794 2382 983 2432 imprimis
1011 2382 1269 2421 Germanicae
1289 2379 1458 2419 nationis
1479 2393 1557 2418 sus-

488 2452 500 2472 ¹
524 2452 663 2493 Ludwig
679 2452 721 2491 V,
741 2452 873 2483 Elector
889 2450 1036 2483 Palatine
1056 2451 1239 2492 1508-†44.
