<?xml version="1.0" encoding="UTF-8"?>
<!DOCTYPE html PUBLIC "-//W3C//DTD XHTML 1.0 Transitional//EN"
    "http://www.w3.org/TR/xhtml1/DTD/xhtml1-transitional.dtd">
<html xmlns="http://www.w3.org/1999/xhtml" xml:lang="en" lang="en">
 <head>
  <title>
</title>
<meta http-equiv="Content-Type" content="text/html;charset=utf-8" />
  <meta name='ocr-system' content='tesseract 3.04.00' />
  <meta name='ocr-capabilities' content='ocr_page ocr_carea ocr_par ocr_line ocrx_word'/>
</head>
<body>
  <div class='ocr_page' id='page_1' title='image "./docreform00kidd_0378.png"; bbox 0 0 1715 2780; ppageno 0'>
   <div class='ocr_carea' id='block_1_1' title="bbox 202 79 1592 132">
    <p class='ocr_par' dir='ltr' id='par_1_1' title="bbox 202 79 1592 132">
     <span class='ocr_line' id='line_1_1' title="bbox 202 79 1592 132; baseline -0.002 -13"><span class='ocrx_word' id='word_1_1' title='bbox 202 92 277 132; x_wconf 78' lang='lat'>350</span> <span class='ocrx_word' id='word_1_2' title='bbox 312 80 613 120; x_wconf 82' lang='lat' dir='ltr'>FOUNDING</span> <span class='ocrx_word' id='word_1_3' title='bbox 645 81 715 118; x_wconf 70' lang='lat' dir='ltr'>or</span> <span class='ocrx_word' id='word_1_4' title='bbox 745 81 865 117; x_wconf 76' lang='lat' dir='ltr'>THE</span> <span class='ocrx_word' id='word_1_5' title='bbox 898 80 1102 118; x_wconf 72' lang='lat' dir='ltr'>ROMAN</span> <span class='ocrx_word' id='word_1_6' title='bbox 1135 79 1501 127; x_wconf 82' lang='lat' dir='ltr'>INQUISITION</span> <span class='ocrx_word' id='word_1_7' title='bbox 1528 90 1592 126; x_wconf 87' lang='lat'>141</span> 
     </span>
    </p>
   </div>
   <div class='ocr_carea' id='block_1_2' title="bbox 199 181 1598 1898">
    <p class='ocr_par' dir='ltr' id='par_1_2' title="bbox 199 181 1595 506">
     <span class='ocr_line' id='line_1_2' title="bbox 255 181 1594 235; baseline -0.001 -13"><span class='ocrx_word' id='word_1_8' title='bbox 255 186 272 235; x_wconf 61' lang='grc' dir='ltr'><strong>ξ</strong></span> <span class='ocrx_word' id='word_1_9' title='bbox 299 198 357 224; x_wconf 92' lang='lat'>11.</span> <span class='ocrx_word' id='word_1_10' title='bbox 389 185 439 222; x_wconf 91' lang='lat' dir='ltr'>Et</span> <span class='ocrx_word' id='word_1_11' title='bbox 458 185 512 222; x_wconf 81' lang='lat' dir='ltr'>sic</span> <span class='ocrx_word' id='word_1_12' title='bbox 533 197 600 234; x_wconf 88' lang='lat' dir='ltr'>per</span> <span class='ocrx_word' id='word_1_13' title='bbox 621 195 895 234; x_wconf 87' lang='lat' dir='ltr'>quoscumque</span> <span class='ocrx_word' id='word_1_14' title='bbox 916 181 1064 220; x_wconf 90' lang='lat' dir='ltr'>iudices</span> <span class='ocrx_word' id='word_1_15' title='bbox 1086 188 1124 221; x_wconf 93' lang='lat' dir='ltr'>et</span> <span class='ocrx_word' id='word_1_16' title='bbox 1139 181 1439 230; x_wconf 87' lang='lat' dir='ltr'>commissarios,</span> <span class='ocrx_word' id='word_1_17' title='bbox 1457 182 1594 233; x_wconf 79' lang='lat' dir='ltr'>quavis</span> 
     </span>
     <span class='ocr_line' id='line_1_3' title="bbox 199 235 1595 288; baseline -0.003 -10"><span class='ocrx_word' id='word_1_18' title='bbox 199 238 432 278; x_wconf 87' lang='lat' dir='ltr'>auctoritate</span> <span class='ocrx_word' id='word_1_19' title='bbox 452 239 671 288; x_wconf 86' lang='lat' dir='ltr'>fungentes,</span> <span class='ocrx_word' id='word_1_20' title='bbox 689 238 843 276; x_wconf 84' lang='lat' dir='ltr'>sublata</span> <span class='ocrx_word' id='word_1_21' title='bbox 863 238 918 275; x_wconf 90' lang='lat' dir='ltr'>eis</span> <span class='ocrx_word' id='word_1_22' title='bbox 935 243 973 275; x_wconf 90' lang='lat' dir='ltr'>et</span> <span class='ocrx_word' id='word_1_23' title='bbox 994 249 1131 275; x_wconf 90' lang='lat' dir='ltr'>eorum</span> <span class='ocrx_word' id='word_1_24' title='bbox 1148 235 1309 275; x_wconf 81' lang='lat' dir='ltr'>cuilibet</span> <span class='ocrx_word' id='word_1_25' title='bbox 1329 236 1465 287; x_wconf 86' lang='lat' dir='ltr'>quavis</span> <span class='ocrx_word' id='word_1_26' title='bbox 1485 237 1595 275; x_wconf 87' lang='lat' dir='ltr'>aliter</span> 
     </span>
     <span class='ocr_line' id='line_1_4' title="bbox 201 290 1594 342; baseline -0.002 -10"><span class='ocrx_word' id='word_1_27' title='bbox 201 292 403 332; x_wconf 89' lang='lat' dir='ltr'>iudicandi</span> <span class='ocrx_word' id='word_1_28' title='bbox 432 300 470 331; x_wconf 92' lang='lat' dir='ltr'>et</span> <span class='ocrx_word' id='word_1_29' title='bbox 499 291 779 342; x_wconf 87' lang='lat' dir='ltr'>interpretandi</span> <span class='ocrx_word' id='word_1_30' title='bbox 809 293 993 330; x_wconf 80' lang='lat' dir='ltr'><strong>facultate</strong></span> <span class='ocrx_word' id='word_1_31' title='bbox 1022 298 1060 329; x_wconf 92' lang='lat' dir='ltr'>et</span> <span class='ocrx_word' id='word_1_32' title='bbox 1093 290 1333 339; x_wconf 84' lang='lat' dir='ltr'>auctoritate,</span> <span class='ocrx_word' id='word_1_33' title='bbox 1365 290 1527 330; x_wconf 87' lang='lat' dir='ltr'>iudicari</span> <span class='ocrx_word' id='word_1_34' title='bbox 1556 300 1594 330; x_wconf 92' lang='lat' dir='ltr'>et</span> 
     </span>
     <span class='ocr_line' id='line_1_5' title="bbox 200 344 1593 396; baseline -0.003 -10"><span class='ocrx_word' id='word_1_35' title='bbox 200 346 354 386; x_wconf 88' lang='lat' dir='ltr'>definiri</span> <span class='ocrx_word' id='word_1_36' title='bbox 378 347 534 395; x_wconf 89' lang='lat' dir='ltr'>debere,</span> <span class='ocrx_word' id='word_1_37' title='bbox 558 359 714 386; x_wconf 85' lang='lat' dir='ltr'>necnon</span> <span class='ocrx_word' id='word_1_38' title='bbox 741 345 890 384; x_wconf 87' lang='lat' dir='ltr'>irritum</span> <span class='ocrx_word' id='word_1_39' title='bbox 917 352 956 384; x_wconf 92' lang='lat' dir='ltr'>et</span> <span class='ocrx_word' id='word_1_40' title='bbox 982 344 1098 384; x_wconf 89' lang='lat' dir='ltr'>inane</span> <span class='ocrx_word' id='word_1_41' title='bbox 1123 344 1312 396; x_wconf 90' lang='lat' dir='ltr'>quicquid</span> <span class='ocrx_word' id='word_1_42' title='bbox 1339 358 1451 384; x_wconf 90' lang='lat' dir='ltr'>secus</span> <span class='ocrx_word' id='word_1_43' title='bbox 1477 358 1593 395; x_wconf 89' lang='lat' dir='ltr'>super</span> 
     </span>
     <span class='ocr_line' id='line_1_6' title="bbox 201 398 1595 451; baseline -0.002 -11"><span class='ocrx_word' id='word_1_44' title='bbox 201 402 260 440; x_wconf 90' lang='lat' dir='ltr'>his</span> <span class='ocrx_word' id='word_1_45' title='bbox 294 415 316 440; x_wconf 90' lang='lat' dir='ltr'>a</span> <span class='ocrx_word' id='word_1_46' title='bbox 351 414 604 451; x_wconf 88' lang='lat' dir='ltr'>quocumque</span> <span class='ocrx_word' id='word_1_47' title='bbox 638 399 774 450; x_wconf 90' lang='lat' dir='ltr'>quavis</span> <span class='ocrx_word' id='word_1_48' title='bbox 813 399 1043 439; x_wconf 87' lang='lat' dir='ltr'>auctoritate</span> <span class='ocrx_word' id='word_1_49' title='bbox 1078 398 1245 438; x_wconf 83' lang='lat' dir='ltr'>scienter</span> <span class='ocrx_word' id='word_1_50' title='bbox 1277 400 1339 438; x_wconf 92' lang='lat' dir='ltr'>vel</span> <span class='ocrx_word' id='word_1_51' title='bbox 1372 399 1595 450; x_wconf 84' lang='lat' dir='ltr'>ignoranter</span> 
     </span>
     <span class='ocr_line' id='line_1_7' title="bbox 201 454 617 506; baseline -0.005 -12"><span class='ocrx_word' id='word_1_52' title='bbox 201 455 405 506; x_wconf 85' lang='lat' dir='ltr'>contigerit</span> <span class='ocrx_word' id='word_1_53' title='bbox 426 454 617 494; x_wconf 86' lang='lat' dir='ltr'>attentari.</span> 
     </span>
    </p>

    <p class='ocr_par' dir='ltr' id='par_1_3' title="bbox 200 505 1598 1574">
     <span class='ocr_line' id='line_1_8' title="bbox 254 505 1595 559; baseline -0.001 -12"><span class='ocrx_word' id='word_1_54' title='bbox 254 511 272 559; x_wconf 69' lang='grc' dir='ltr'>ξ</span> <span class='ocrx_word' id='word_1_55' title='bbox 298 524 355 548; x_wconf 90' lang='lat'>12.</span> <span class='ocrx_word' id='word_1_56' title='bbox 389 510 481 548; x_wconf 91' lang='lat' dir='ltr'>Non</span> <span class='ocrx_word' id='word_1_57' title='bbox 512 508 761 547; x_wconf 90' lang='lat' dir='ltr'>obstantibus</span> <span class='ocrx_word' id='word_1_58' title='bbox 790 508 912 546; x_wconf 89' lang='lat' dir='ltr'>felicis</span> <span class='ocrx_word' id='word_1_59' title='bbox 941 505 1223 547; x_wconf 90' lang='lat' dir='ltr'>recordationis</span> <span class='ocrx_word' id='word_1_60' title='bbox 1247 506 1440 546; x_wconf 86' lang='lat' dir='ltr'>Bonifacii</span> <span class='ocrx_word' id='word_1_61' title='bbox 1465 509 1595 558; x_wconf 85' lang='lat' dir='ltr'>Papae</span> 
     </span>
     <span class='ocr_line' id='line_1_9' title="bbox 201 560 1594 613; baseline -0.002 -10"><span class='ocrx_word' id='word_1_62' title='bbox 201 563 342 603; x_wconf 85' lang='lat' dir='ltr'>Octavi</span> <span class='ocrx_word' id='word_1_63' title='bbox 363 564 674 613; x_wconf 82' lang='lat' dir='ltr'>praedecessoris</span> <span class='ocrx_word' id='word_1_64' title='bbox 694 562 816 601; x_wconf 91' lang='lat' dir='ltr'>nostri</span> <span class='ocrx_word' id='word_1_65' title='bbox 833 575 910 612; x_wconf 88' lang='lat' dir='ltr'>qua</span> <span class='ocrx_word' id='word_1_66' title='bbox 925 569 1083 601; x_wconf 88' lang='lat' dir='ltr'>cavetur</span> <span class='ocrx_word' id='word_1_67' title='bbox 1103 574 1151 600; x_wconf 93' lang='lat' dir='ltr'>ne</span> <span class='ocrx_word' id='word_1_68' title='bbox 1168 561 1255 612; x_wconf 85' lang='lat' dir='ltr'>quis</span> <span class='ocrx_word' id='word_1_69' title='bbox 1276 569 1383 600; x_wconf 87' lang='lat' dir='ltr'>extra</span> <span class='ocrx_word' id='word_1_70' title='bbox 1397 560 1594 601; x_wconf 89' lang='lat' dir='ltr'>civitatem</span> 
     </span>
     <span class='ocr_line' id='line_1_10' title="bbox 201 614 1593 662; baseline -0.002 -6"><span class='ocrx_word' id='word_1_71' title='bbox 201 630 312 656; x_wconf 88' lang='lat' dir='ltr'>suam</span> <span class='ocrx_word' id='word_1_72' title='bbox 333 619 393 656; x_wconf 81' lang='lat' dir='ltr'>vel</span> <span class='ocrx_word' id='word_1_73' title='bbox 414 617 629 656; x_wconf 88' lang='lat' dir='ltr'>dioecesim</span> <span class='ocrx_word' id='word_1_74' title='bbox 649 617 724 656; x_wconf 89' lang='lat' dir='ltr'>nisi</span> <span class='ocrx_word' id='word_1_75' title='bbox 746 616 785 655; x_wconf 90' lang='lat' dir='ltr'>in</span> <span class='ocrx_word' id='word_1_76' title='bbox 805 616 920 655; x_wconf 90' lang='lat' dir='ltr'>certis</span> <span class='ocrx_word' id='word_1_77' title='bbox 940 615 1107 662; x_wconf 85' lang='lat' dir='ltr'>casibus,</span> <span class='ocrx_word' id='word_1_78' title='bbox 1130 623 1168 654; x_wconf 92' lang='lat' dir='ltr'>et</span> <span class='ocrx_word' id='word_1_79' title='bbox 1194 614 1234 653; x_wconf 94' lang='lat' dir='ltr'>in</span> <span class='ocrx_word' id='word_1_80' title='bbox 1259 615 1333 654; x_wconf 89' lang='lat' dir='ltr'>illis</span> <span class='ocrx_word' id='word_1_81' title='bbox 1353 617 1454 654; x_wconf 90' lang='lat' dir='ltr'>ultra</span> <span class='ocrx_word' id='word_1_82' title='bbox 1473 628 1593 654; x_wconf 89' lang='lat' dir='ltr'>unam</span> 
     </span>
     <span class='ocr_line' id='line_1_11' title="bbox 201 669 1595 718; baseline -0.001 -8"><span class='ocrx_word' id='word_1_83' title='bbox 201 670 348 710; x_wconf 85' lang='lat' dir='ltr'>dietam</span> <span class='ocrx_word' id='word_1_84' title='bbox 382 684 405 710; x_wconf 86' lang='lat' dir='ltr'>a</span> <span class='ocrx_word' id='word_1_85' title='bbox 437 672 515 710; x_wconf 88' lang='lat' dir='ltr'>fine</span> <span class='ocrx_word' id='word_1_86' title='bbox 546 683 638 710; x_wconf 87' lang='lat' dir='ltr'>suae</span> <span class='ocrx_word' id='word_1_87' title='bbox 672 670 877 718; x_wconf 88' lang='lat' dir='ltr'>dioecesis,</span> <span class='ocrx_word' id='word_1_88' title='bbox 909 671 961 709; x_wconf 89' lang='lat' dir='ltr'>ad</span> <span class='ocrx_word' id='word_1_89' title='bbox 994 669 1183 709; x_wconf 91' lang='lat' dir='ltr'>iudicium</span> <span class='ocrx_word' id='word_1_90' title='bbox 1215 677 1410 715; x_wconf 89' lang='lat' dir='ltr'>evocetur,</span> <span class='ocrx_word' id='word_1_91' title='bbox 1442 682 1510 709; x_wconf 91' lang='lat' dir='ltr'>seu</span> <span class='ocrx_word' id='word_1_92' title='bbox 1545 683 1595 709; x_wconf 92' lang='lat' dir='ltr'>ne</span> 
     </span>
     <span class='ocr_line' id='line_1_12' title="bbox 201 723 1597 776; baseline -0.001 -13"><span class='ocrx_word' id='word_1_93' title='bbox 201 725 350 765; x_wconf 88' lang='lat' dir='ltr'>iudices</span> <span class='ocrx_word' id='word_1_94' title='bbox 390 725 457 775; x_wconf 93' lang='lat' dir='ltr'>qui</span> <span class='ocrx_word' id='word_1_95' title='bbox 495 739 517 764; x_wconf 93' lang='lat' dir='ltr'>a</span> <span class='ocrx_word' id='word_1_96' title='bbox 552 726 654 764; x_wconf 88' lang='lat' dir='ltr'>Sede</span> <span class='ocrx_word' id='word_1_97' title='bbox 688 726 888 776; x_wconf 89' lang='lat' dir='ltr'>praedicta</span> <span class='ocrx_word' id='word_1_98' title='bbox 922 724 1098 774; x_wconf 89' lang='lat' dir='ltr'>deputati</span> <span class='ocrx_word' id='word_1_99' title='bbox 1136 723 1279 763; x_wconf 88' lang='lat' dir='ltr'>fuerint</span> <span class='ocrx_word' id='word_1_100' title='bbox 1313 732 1448 763; x_wconf 91' lang='lat' dir='ltr'>contra</span> <span class='ocrx_word' id='word_1_101' title='bbox 1481 737 1597 774; x_wconf 90' lang='lat' dir='ltr'>quos-</span> 
     </span>
     <span class='ocr_line' id='line_1_13' title="bbox 201 777 1593 830; baseline -0.001 -12"><span class='ocrx_word' id='word_1_102' title='bbox 201 792 373 830; x_wconf 84' lang='lat' dir='ltr'>cumque</span> <span class='ocrx_word' id='word_1_103' title='bbox 393 780 606 829; x_wconf 84' lang='lat' dir='ltr'>procedere</span> <span class='ocrx_word' id='word_1_104' title='bbox 633 788 699 818; x_wconf 86' lang='lat' dir='ltr'>aut</span> <span class='ocrx_word' id='word_1_105' title='bbox 725 779 809 817; x_wconf 92' lang='lat' dir='ltr'>aliis</span> <span class='ocrx_word' id='word_1_106' title='bbox 830 779 934 817; x_wconf 90' lang='lat' dir='ltr'>vices</span> <span class='ocrx_word' id='word_1_107' title='bbox 955 791 1044 817; x_wconf 89' lang='lat' dir='ltr'>suas</span> <span class='ocrx_word' id='word_1_108' title='bbox 1065 777 1310 817; x_wconf 87' lang='lat' dir='ltr'>committere</span> <span class='ocrx_word' id='word_1_109' title='bbox 1331 785 1593 828; x_wconf 84' lang='lat' dir='ltr'>praesumant,</span> 
     </span>
     <span class='ocr_line' id='line_1_14' title="bbox 201 831 1596 882; baseline -0.001 -10"><span class='ocrx_word' id='word_1_110' title='bbox 201 841 239 873; x_wconf 92' lang='lat' dir='ltr'>et</span> <span class='ocrx_word' id='word_1_111' title='bbox 261 835 310 872; x_wconf 90' lang='lat' dir='ltr'>de</span> <span class='ocrx_word' id='word_1_112' title='bbox 331 833 486 872; x_wconf 86' lang='lat' dir='ltr'>duabus</span> <span class='ocrx_word' id='word_1_113' title='bbox 507 833 622 872; x_wconf 90' lang='lat' dir='ltr'>dietis</span> <span class='ocrx_word' id='word_1_114' title='bbox 643 834 683 872; x_wconf 88' lang='lat' dir='ltr'>in</span> <span class='ocrx_word' id='word_1_115' title='bbox 705 833 874 872; x_wconf 89' lang='lat' dir='ltr'>concilio</span> <span class='ocrx_word' id='word_1_116' title='bbox 894 832 1064 882; x_wconf 85' lang='lat' dir='ltr'>generali</span> <span class='ocrx_word' id='word_1_117' title='bbox 1089 832 1204 879; x_wconf 88' lang='lat' dir='ltr'>edita,</span> <span class='ocrx_word' id='word_1_118' title='bbox 1231 845 1278 870; x_wconf 81' lang='lat' dir='ltr'>ac</span> <span class='ocrx_word' id='word_1_119' title='bbox 1298 831 1382 870; x_wconf 89' lang='lat' dir='ltr'>aliis</span> <span class='ocrx_word' id='word_1_120' title='bbox 1407 831 1596 871; x_wconf 90' lang='lat' dir='ltr'>constitu-</span> 
     </span>
     <span class='ocr_line' id='line_1_15' title="bbox 201 885 1593 937; baseline -0.001 -11"><span class='ocrx_word' id='word_1_121' title='bbox 201 887 375 926; x_wconf 86' lang='lat' dir='ltr'>tionibus</span> <span class='ocrx_word' id='word_1_122' title='bbox 397 895 434 926; x_wconf 91' lang='lat' dir='ltr'>et</span> <span class='ocrx_word' id='word_1_123' title='bbox 455 887 769 927; x_wconf 78' lang='lat' dir='ltr'>ordinationibus</span> <span class='ocrx_word' id='word_1_124' title='bbox 785 886 1024 937; x_wconf 79' lang='lat' dir='ltr'>Apostolicis</span> <span class='ocrx_word' id='word_1_125' title='bbox 1041 885 1243 925; x_wconf 83' lang='lat' dir='ltr'>contrariis</span> <span class='ocrx_word' id='word_1_126' title='bbox 1264 885 1593 936; x_wconf 87' lang='lat' dir='ltr'>quibuscumque,</span> 
     </span>
     <span class='ocr_line' id='line_1_16' title="bbox 200 939 1595 991; baseline -0.001 -11"><span class='ocrx_word' id='word_1_127' title='bbox 200 949 267 980; x_wconf 90' lang='lat' dir='ltr'>aut</span> <span class='ocrx_word' id='word_1_128' title='bbox 298 940 328 979; x_wconf 92' lang='lat' dir='ltr'>si</span> <span class='ocrx_word' id='word_1_129' title='bbox 358 941 534 991; x_wconf 84' lang='lat' dir='ltr'>personis</span> <span class='ocrx_word' id='word_1_130' title='bbox 565 942 773 991; x_wconf 86' lang='lat' dir='ltr'>praedictis</span> <span class='ocrx_word' id='word_1_131' title='bbox 804 943 863 980; x_wconf 90' lang='lat' dir='ltr'>vel</span> <span class='ocrx_word' id='word_1_132' title='bbox 892 939 1095 990; x_wconf 80' lang='lat' dir='ltr'>quibusvis</span> <span class='ocrx_word' id='word_1_133' title='bbox 1125 939 1208 979; x_wconf 88' lang='lat' dir='ltr'>aliis</span> <span class='ocrx_word' id='word_1_134' title='bbox 1243 939 1506 979; x_wconf 90' lang='lat' dir='ltr'>communiter</span> <span class='ocrx_word' id='word_1_135' title='bbox 1534 941 1595 979; x_wconf 88' lang='lat' dir='ltr'>vel</span> 
     </span>
     <span class='ocr_line' id='line_1_17' title="bbox 202 993 1595 1044; baseline -0.002 -10"><span class='ocrx_word' id='word_1_136' title='bbox 202 995 357 1034; x_wconf 89' lang='lat' dir='ltr'>divisim</span> <span class='ocrx_word' id='word_1_137' title='bbox 384 996 434 1033; x_wconf 91' lang='lat' dir='ltr'>ab</span> <span class='ocrx_word' id='word_1_138' title='bbox 462 996 601 1034; x_wconf 88' lang='lat' dir='ltr'>eadem</span> <span class='ocrx_word' id='word_1_139' title='bbox 630 995 676 1034; x_wconf 89' lang='lat' dir='ltr'>sit</span> <span class='ocrx_word' id='word_1_140' title='bbox 704 996 805 1034; x_wconf 87' lang='lat' dir='ltr'>Sede</span> <span class='ocrx_word' id='word_1_141' title='bbox 833 996 1030 1033; x_wconf 90' lang='lat' dir='ltr'>indultum</span> <span class='ocrx_word' id='word_1_142' title='bbox 1055 995 1164 1044; x_wconf 90' lang='lat' dir='ltr'>quod</span> <span class='ocrx_word' id='word_1_143' title='bbox 1194 993 1384 1041; x_wconf 89' lang='lat' dir='ltr'>interdici,</span> <span class='ocrx_word' id='word_1_144' title='bbox 1408 994 1595 1044; x_wconf 85' lang='lat' dir='ltr'>suspendi</span> 
     </span>
     <span class='ocr_line' id='line_1_18' title="bbox 202 1047 1594 1088; baseline -0.001 -1"><span class='ocrx_word' id='word_1_145' title='bbox 202 1051 261 1088; x_wconf 84' lang='lat' dir='ltr'>vel</span> <span class='ocrx_word' id='word_1_146' title='bbox 289 1049 622 1088; x_wconf 87' lang='lat' dir='ltr'>excommunicari</span> <span class='ocrx_word' id='word_1_147' title='bbox 650 1057 716 1088; x_wconf 91' lang='lat' dir='ltr'>aut</span> <span class='ocrx_word' id='word_1_148' title='bbox 746 1057 851 1088; x_wconf 82' lang='lat' dir='ltr'>extra</span> <span class='ocrx_word' id='word_1_149' title='bbox 875 1050 936 1088; x_wconf 82' lang='lat' dir='ltr'>vel</span> <span class='ocrx_word' id='word_1_150' title='bbox 964 1050 1063 1087; x_wconf 90' lang='lat' dir='ltr'>ultra</span> <span class='ocrx_word' id='word_1_151' title='bbox 1089 1056 1194 1087; x_wconf 86' lang='lat' dir='ltr'>certa</span> <span class='ocrx_word' id='word_1_152' title='bbox 1220 1049 1307 1086; x_wconf 91' lang='lat' dir='ltr'>loca</span> <span class='ocrx_word' id='word_1_153' title='bbox 1329 1049 1380 1086; x_wconf 84' lang='lat' dir='ltr'>ad</span> <span class='ocrx_word' id='word_1_154' title='bbox 1406 1047 1594 1087; x_wconf 88' lang='lat' dir='ltr'>iudicium</span> 
     </span>
     <span class='ocr_line' id='line_1_19' title="bbox 203 1101 1596 1153; baseline -0.001 -11"><span class='ocrx_word' id='word_1_155' title='bbox 203 1103 356 1142; x_wconf 83' lang='lat' dir='ltr'>evocari</span> <span class='ocrx_word' id='word_1_156' title='bbox 396 1116 477 1141; x_wconf 91' lang='lat' dir='ltr'>non</span> <span class='ocrx_word' id='word_1_157' title='bbox 516 1103 679 1153; x_wconf 87' lang='lat' dir='ltr'>possint,</span> <span class='ocrx_word' id='word_1_158' title='bbox 716 1117 784 1153; x_wconf 86' lang='lat' dir='ltr'>per</span> <span class='ocrx_word' id='word_1_159' title='bbox 822 1103 967 1142; x_wconf 82' lang='lat' dir='ltr'>litteras</span> <span class='ocrx_word' id='word_1_160' title='bbox 1002 1102 1252 1152; x_wconf 85' lang='lat' dir='ltr'>Apostolicas</span> <span class='ocrx_word' id='word_1_161' title='bbox 1290 1115 1371 1140; x_wconf 91' lang='lat' dir='ltr'>non</span> <span class='ocrx_word' id='word_1_162' title='bbox 1409 1101 1596 1141; x_wconf 86' lang='lat' dir='ltr'>facientes</span> 
     </span>
     <span class='ocr_line' id='line_1_20' title="bbox 202 1155 1597 1207; baseline -0.001 -12"><span class='ocrx_word' id='word_1_163' title='bbox 202 1158 360 1207; x_wconf 85' lang='lat' dir='ltr'>plenam</span> <span class='ocrx_word' id='word_1_164' title='bbox 381 1164 419 1196; x_wconf 92' lang='lat' dir='ltr'>et</span> <span class='ocrx_word' id='word_1_165' title='bbox 444 1170 665 1207; x_wconf 85' lang='lat' dir='ltr'>expressam</span> <span class='ocrx_word' id='word_1_166' title='bbox 686 1170 731 1196; x_wconf 89' lang='lat' dir='ltr'>ac</span> <span class='ocrx_word' id='word_1_167' title='bbox 753 1159 802 1196; x_wconf 93' lang='lat' dir='ltr'>de</span> <span class='ocrx_word' id='word_1_168' title='bbox 823 1157 943 1196; x_wconf 85' lang='lat' dir='ltr'>verbo</span> <span class='ocrx_word' id='word_1_169' title='bbox 966 1158 1017 1196; x_wconf 91' lang='lat' dir='ltr'>ad</span> <span class='ocrx_word' id='word_1_170' title='bbox 1038 1156 1200 1195; x_wconf 91' lang='lat' dir='ltr'>verbum</span> <span class='ocrx_word' id='word_1_171' title='bbox 1222 1157 1272 1195; x_wconf 93' lang='lat' dir='ltr'>de</span> <span class='ocrx_word' id='word_1_172' title='bbox 1292 1155 1447 1195; x_wconf 92' lang='lat' dir='ltr'>indulto</span> <span class='ocrx_word' id='word_1_173' title='bbox 1466 1155 1597 1194; x_wconf 89' lang='lat' dir='ltr'>huius-</span> 
     </span>
     <span class='ocr_line' id='line_1_21' title="bbox 204 1210 1596 1261; baseline 0 -12"><span class='ocrx_word' id='word_1_174' title='bbox 204 1211 311 1250; x_wconf 87' lang='lat' dir='ltr'>modi</span> <span class='ocrx_word' id='word_1_175' title='bbox 343 1211 598 1259; x_wconf 90' lang='lat' dir='ltr'>mentionem,</span> <span class='ocrx_word' id='word_1_176' title='bbox 622 1220 659 1250; x_wconf 91' lang='lat' dir='ltr'>et</span> <span class='ocrx_word' id='word_1_177' title='bbox 689 1211 891 1261; x_wconf 84' lang='lat' dir='ltr'>quibusvis</span> <span class='ocrx_word' id='word_1_178' title='bbox 919 1212 1003 1250; x_wconf 91' lang='lat' dir='ltr'>aliis</span> <span class='ocrx_word' id='word_1_179' title='bbox 1033 1210 1252 1260; x_wconf 83' lang='lat' dir='ltr'>privilegiis,</span> <span class='ocrx_word' id='word_1_180' title='bbox 1276 1211 1529 1260; x_wconf 86' lang='lat' dir='ltr'>indulgentiis</span> <span class='ocrx_word' id='word_1_181' title='bbox 1559 1218 1596 1249; x_wconf 88' lang='lat' dir='ltr'>et</span> 
     </span>
     <span class='ocr_line' id='line_1_22' title="bbox 203 1264 1598 1315; baseline 0 -13"><span class='ocrx_word' id='word_1_182' title='bbox 203 1265 338 1304; x_wconf 87' lang='lat' dir='ltr'>litteris</span> <span class='ocrx_word' id='word_1_183' title='bbox 359 1265 610 1315; x_wconf 74' lang='lat' dir='ltr'>Apostolicis,</span> <span class='ocrx_word' id='word_1_184' title='bbox 634 1266 706 1304; x_wconf 90' lang='lat' dir='ltr'>sub</span> <span class='ocrx_word' id='word_1_185' title='bbox 727 1265 1045 1315; x_wconf 90' lang='lat' dir='ltr'>quibuscumque</span> <span class='ocrx_word' id='word_1_186' title='bbox 1065 1264 1267 1303; x_wconf 89' lang='lat' dir='ltr'>tenoribus</span> <span class='ocrx_word' id='word_1_187' title='bbox 1292 1271 1330 1303; x_wconf 92' lang='lat' dir='ltr'>et</span> <span class='ocrx_word' id='word_1_188' title='bbox 1350 1265 1484 1303; x_wconf 89' lang='lat' dir='ltr'>formis</span> <span class='ocrx_word' id='word_1_189' title='bbox 1505 1277 1598 1314; x_wconf 92' lang='lat' dir='ltr'>quo-</span> 
     </span>
     <span class='ocr_line' id='line_1_23' title="bbox 205 1318 1598 1368; baseline 0.001 -12"><span class='ocrx_word' id='word_1_190' title='bbox 205 1318 423 1357; x_wconf 86' lang='lat' dir='ltr'>modolibet</span> <span class='ocrx_word' id='word_1_191' title='bbox 453 1319 650 1358; x_wconf 89' lang='lat' dir='ltr'>concessis</span> <span class='ocrx_word' id='word_1_192' title='bbox 681 1320 922 1358; x_wconf 85' lang='lat' dir='ltr'>confirmatis</span> <span class='ocrx_word' id='word_1_193' title='bbox 953 1327 991 1357; x_wconf 91' lang='lat' dir='ltr'>et</span> <span class='ocrx_word' id='word_1_194' title='bbox 1025 1318 1230 1365; x_wconf 89' lang='lat' dir='ltr'>innovatis,</span> <span class='ocrx_word' id='word_1_195' title='bbox 1262 1331 1330 1368; x_wconf 89' lang='lat' dir='ltr'>per</span> <span class='ocrx_word' id='word_1_196' title='bbox 1359 1331 1461 1368; x_wconf 89' lang='lat' dir='ltr'>quae</span> <span class='ocrx_word' id='word_1_197' title='bbox 1492 1331 1598 1368; x_wconf 90' lang='lat' dir='ltr'>prae-</span> 
     </span>
     <span class='ocr_line' id='line_1_24' title="bbox 204 1371 1597 1422; baseline 0 -12"><span class='ocrx_word' id='word_1_198' title='bbox 204 1372 374 1411; x_wconf 91' lang='lat' dir='ltr'>sentium</span> <span class='ocrx_word' id='word_1_199' title='bbox 408 1372 620 1411; x_wconf 84' lang='lat' dir='ltr'>litterarum</span> <span class='ocrx_word' id='word_1_200' title='bbox 657 1380 694 1411; x_wconf 88' lang='lat' dir='ltr'>et</span> <span class='ocrx_word' id='word_1_201' title='bbox 728 1372 1005 1412; x_wconf 88' lang='lat' dir='ltr'>iurisdictionis</span> <span class='ocrx_word' id='word_1_202' title='bbox 1040 1372 1212 1422; x_wconf 88' lang='lat' dir='ltr'>ipsorum</span> <span class='ocrx_word' id='word_1_203' title='bbox 1248 1371 1519 1412; x_wconf 72' lang='lat' dir='ltr'>cardinalium</span> <span class='ocrx_word' id='word_1_204' title='bbox 1558 1372 1597 1410; x_wconf 92' lang='lat' dir='ltr'>in</span> 
     </span>
     <span class='ocr_line' id='line_1_25' title="bbox 203 1425 1595 1477; baseline -0.001 -12"><span class='ocrx_word' id='word_1_205' title='bbox 203 1426 425 1476; x_wconf 88' lang='lat' dir='ltr'>praemissis</span> <span class='ocrx_word' id='word_1_206' title='bbox 455 1427 654 1466; x_wconf 88' lang='lat' dir='ltr'>exsecutio</span> <span class='ocrx_word' id='word_1_207' title='bbox 684 1426 863 1477; x_wconf 88' lang='lat' dir='ltr'>impediri</span> <span class='ocrx_word' id='word_1_208' title='bbox 883 1426 1186 1476; x_wconf 89' lang='lat' dir='ltr'>quomodolibet</span> <span class='ocrx_word' id='word_1_209' title='bbox 1206 1427 1267 1465; x_wconf 91' lang='lat' dir='ltr'>vel</span> <span class='ocrx_word' id='word_1_210' title='bbox 1294 1425 1437 1464; x_wconf 87' lang='lat' dir='ltr'>differri</span> <span class='ocrx_word' id='word_1_211' title='bbox 1461 1426 1595 1476; x_wconf 85' lang='lat' dir='ltr'>possit,</span> 
     </span>
     <span class='ocr_line' id='line_1_26' title="bbox 204 1479 1596 1530; baseline 0 -11"><span class='ocrx_word' id='word_1_212' title='bbox 204 1493 305 1530; x_wconf 90' lang='lat' dir='ltr'>quae</span> <span class='ocrx_word' id='word_1_213' title='bbox 326 1482 458 1530; x_wconf 88' lang='lat' dir='ltr'>quoad</span> <span class='ocrx_word' id='word_1_214' title='bbox 478 1482 554 1519; x_wconf 92' lang='lat' dir='ltr'>hoc</span> <span class='ocrx_word' id='word_1_215' title='bbox 575 1480 668 1530; x_wconf 82' lang='lat' dir='ltr'>ipsis</span> <span class='ocrx_word' id='word_1_216' title='bbox 688 1488 754 1519; x_wconf 83' lang='lat' dir='ltr'>aut</span> <span class='ocrx_word' id='word_1_217' title='bbox 774 1482 888 1520; x_wconf 86' lang='lat' dir='ltr'>alicui</span> <span class='ocrx_word' id='word_1_218' title='bbox 906 1494 1041 1520; x_wconf 90' lang='lat' dir='ltr'>eorum</span> <span class='ocrx_word' id='word_1_219' title='bbox 1063 1479 1225 1518; x_wconf 88' lang='lat' dir='ltr'>minime</span> <span class='ocrx_word' id='word_1_220' title='bbox 1246 1479 1443 1530; x_wconf 86' lang='lat' dir='ltr'>suffragari</span> <span class='ocrx_word' id='word_1_221' title='bbox 1469 1493 1596 1530; x_wconf 91' lang='lat' dir='ltr'>posse,</span> 
     </span>
     <span class='ocr_line' id='line_1_27' title="bbox 203 1534 709 1574; baseline 0 -1"><span class='ocrx_word' id='word_1_222' title='bbox 203 1535 264 1573; x_wconf 93' lang='lat' dir='ltr'>vel</span> <span class='ocrx_word' id='word_1_223' title='bbox 285 1535 430 1573; x_wconf 90' lang='lat' dir='ltr'>debere</span> <span class='ocrx_word' id='word_1_224' title='bbox 450 1534 709 1574; x_wconf 89' lang='lat' dir='ltr'>decernimus.</span> 
     </span>
    </p>

    <p class='ocr_par' dir='ltr' id='par_1_4' title="bbox 204 1587 1597 1898">
     <span class='ocr_line' id='line_1_28' title="bbox 257 1587 1597 1639; baseline 0 -13"><span class='ocrx_word' id='word_1_225' title='bbox 257 1590 276 1638; x_wconf 64' lang='grc' dir='ltr'>ξ</span> <span class='ocrx_word' id='word_1_226' title='bbox 301 1602 358 1637; x_wconf 83' lang='lat'>13.</span> <span class='ocrx_word' id='word_1_227' title='bbox 395 1590 503 1627; x_wconf 90' lang='lat' dir='ltr'>Nulli</span> <span class='ocrx_word' id='word_1_228' title='bbox 542 1602 633 1639; x_wconf 85' lang='lat' dir='ltr'>ergo</span> <span class='ocrx_word' id='word_1_229' title='bbox 672 1589 836 1628; x_wconf 88' lang='lat' dir='ltr'>omnino</span> <span class='ocrx_word' id='word_1_230' title='bbox 875 1589 1082 1627; x_wconf 88' lang='lat' dir='ltr'>hominum</span> <span class='ocrx_word' id='word_1_231' title='bbox 1120 1587 1235 1626; x_wconf 91' lang='lat' dir='ltr'>liceat</span> <span class='ocrx_word' id='word_1_232' title='bbox 1274 1589 1375 1626; x_wconf 87' lang='lat' dir='ltr'>hanc</span> <span class='ocrx_word' id='word_1_233' title='bbox 1414 1588 1597 1638; x_wconf 89' lang='lat' dir='ltr'>paginam</span> 
     </span>
     <span class='ocr_line' id='line_1_29' title="bbox 206 1641 1595 1693; baseline -0.001 -12"><span class='ocrx_word' id='word_1_234' title='bbox 206 1649 360 1681; x_wconf 85' lang='lat' dir='ltr'>nostrae</span> <span class='ocrx_word' id='word_1_235' title='bbox 382 1642 684 1690; x_wconf 87' lang='lat' dir='ltr'>constitutionis,</span> <span class='ocrx_word' id='word_1_236' title='bbox 707 1642 985 1693; x_wconf 89' lang='lat' dir='ltr'>deputationis,</span> <span class='ocrx_word' id='word_1_237' title='bbox 1008 1641 1290 1689; x_wconf 88' lang='lat' dir='ltr'>reservationis,</span> <span class='ocrx_word' id='word_1_238' title='bbox 1313 1641 1595 1689; x_wconf 90' lang='lat' dir='ltr'>concessionis,</span> 
     </span>
     <span class='ocr_line' id='line_1_30' title="bbox 206 1695 1595 1748; baseline 0 -14"><span class='ocrx_word' id='word_1_239' title='bbox 206 1697 350 1743; x_wconf 84' lang='lat' dir='ltr'>statuti,</span> <span class='ocrx_word' id='word_1_240' title='bbox 374 1696 632 1736; x_wconf 87' lang='lat' dir='ltr'>ordinationis</span> <span class='ocrx_word' id='word_1_241' title='bbox 656 1705 694 1736; x_wconf 93' lang='lat' dir='ltr'>et</span> <span class='ocrx_word' id='word_1_242' title='bbox 715 1697 861 1736; x_wconf 92' lang='lat' dir='ltr'>decreti</span> <span class='ocrx_word' id='word_1_243' title='bbox 888 1696 1105 1748; x_wconf 85' lang='lat' dir='ltr'>infringere,</span> <span class='ocrx_word' id='word_1_244' title='bbox 1127 1696 1191 1735; x_wconf 90' lang='lat' dir='ltr'>vel</span> <span class='ocrx_word' id='word_1_245' title='bbox 1211 1695 1247 1735; x_wconf 89' lang='lat' dir='ltr'>ei</span> <span class='ocrx_word' id='word_1_246' title='bbox 1267 1709 1363 1735; x_wconf 91' lang='lat' dir='ltr'>ausu</span> <span class='ocrx_word' id='word_1_247' title='bbox 1389 1695 1595 1735; x_wconf 88' lang='lat' dir='ltr'>temerario</span> 
     </span>
     <span class='ocr_line' id='line_1_31' title="bbox 205 1749 1597 1801; baseline 0.001 -14"><span class='ocrx_word' id='word_1_248' title='bbox 205 1750 408 1789; x_wconf 88' lang='lat' dir='ltr'>contraire.</span> <span class='ocrx_word' id='word_1_249' title='bbox 466 1751 505 1789; x_wconf 90' lang='lat' dir='ltr'>Si</span> <span class='ocrx_word' id='word_1_250' title='bbox 527 1752 613 1801; x_wconf 89' lang='lat' dir='ltr'>quis</span> <span class='ocrx_word' id='word_1_251' title='bbox 633 1759 766 1790; x_wconf 87' lang='lat' dir='ltr'>autem</span> <span class='ocrx_word' id='word_1_252' title='bbox 788 1753 864 1790; x_wconf 87' lang='lat' dir='ltr'>hoc</span> <span class='ocrx_word' id='word_1_253' title='bbox 883 1758 1076 1790; x_wconf 90' lang='lat' dir='ltr'>attentare</span> <span class='ocrx_word' id='word_1_254' title='bbox 1091 1749 1404 1801; x_wconf 89' lang='lat' dir='ltr'>praesumpserit,</span> <span class='ocrx_word' id='word_1_255' title='bbox 1422 1749 1597 1799; x_wconf 87' lang='lat' dir='ltr'>indigna-</span> 
     </span>
     <span class='ocr_line' id='line_1_32' title="bbox 204 1803 1596 1855; baseline -0.001 -13"><span class='ocrx_word' id='word_1_256' title='bbox 204 1804 353 1842; x_wconf 89' lang='lat' dir='ltr'>tionem</span> <span class='ocrx_word' id='word_1_257' title='bbox 376 1804 671 1855; x_wconf 91' lang='lat' dir='ltr'>Omnipotentis</span> <span class='ocrx_word' id='word_1_258' title='bbox 700 1805 776 1845; x_wconf 91' lang='lat' dir='ltr'>Dei</span> <span class='ocrx_word' id='word_1_259' title='bbox 804 1818 850 1844; x_wconf 87' lang='lat' dir='ltr'>ac</span> <span class='ocrx_word' id='word_1_260' title='bbox 872 1807 1082 1844; x_wconf 90' lang='lat' dir='ltr'>Beatorum</span> <span class='ocrx_word' id='word_1_261' title='bbox 1106 1803 1209 1844; x_wconf 86' lang='lat' dir='ltr'>Petri</span> <span class='ocrx_word' id='word_1_262' title='bbox 1235 1811 1273 1844; x_wconf 87' lang='lat' dir='ltr'>et</span> <span class='ocrx_word' id='word_1_263' title='bbox 1298 1803 1408 1843; x_wconf 89' lang='lat' dir='ltr'>Pauli</span> <span class='ocrx_word' id='word_1_264' title='bbox 1429 1805 1596 1853; x_wconf 88' lang='lat' dir='ltr'>Aposto-</span> 
     </span>
     <span class='ocr_line' id='line_1_33' title="bbox 204 1857 945 1898; baseline 0.003 -3"><span class='ocrx_word' id='word_1_265' title='bbox 204 1859 329 1895; x_wconf 87' lang='lat' dir='ltr'>lorum</span> <span class='ocrx_word' id='word_1_266' title='bbox 353 1857 434 1896; x_wconf 81' lang='lat' dir='ltr'>eius</span> <span class='ocrx_word' id='word_1_267' title='bbox 457 1871 497 1898; x_wconf 89' lang='lat' dir='ltr'>se</span> <span class='ocrx_word' id='word_1_268' title='bbox 519 1858 668 1898; x_wconf 89' lang='lat' dir='ltr'>noverit</span> <span class='ocrx_word' id='word_1_269' title='bbox 689 1859 945 1898; x_wconf 88' lang='lat' dir='ltr'>incursurum.</span> 
     </span>
    </p>
   </div>
   <div class='ocr_carea' id='block_1_3' title="bbox 844 2056 961 2093">
    <p class='ocr_par' dir='ltr' id='par_1_5' title="bbox 844 2056 961 2093">
     <span class='ocr_line' id='line_1_34' title="bbox 844 2056 961 2093; baseline 0.009 -1"><span class='ocrx_word' id='word_1_270' title='bbox 844 2056 961 2093; x_wconf 84' lang='lat' dir='ltr'>XLII</span> 
     </span>
    </p>
   </div>
   <div class='ocr_carea' id='block_1_4' title="bbox 304 2150 1496 2265">
    <p class='ocr_par' dir='ltr' id='par_1_6' title="bbox 304 2150 1496 2265">
     <span class='ocr_line' id='line_1_35' title="bbox 304 2150 1496 2191; baseline 0.003 -4"><span class='ocrx_word' id='word_1_271' title='bbox 304 2150 423 2187; x_wconf 86' lang='lat' dir='ltr'>THE</span> <span class='ocrx_word' id='word_1_272' title='bbox 456 2150 591 2188; x_wconf 87' lang='lat' dir='ltr'>LAST</span> <span class='ocrx_word' id='word_1_273' title='bbox 621 2152 748 2187; x_wconf 77' lang='lat' dir='ltr'>WAR</span> <span class='ocrx_word' id='word_1_274' title='bbox 779 2151 1053 2189; x_wconf 84' lang='lat' dir='ltr'>BETWEEN</span> <span class='ocrx_word' id='word_1_275' title='bbox 1085 2151 1348 2191; x_wconf 89' lang='lat' dir='ltr'>CHARLES</span> <span class='ocrx_word' id='word_1_276' title='bbox 1379 2152 1496 2190; x_wconf 83' lang='lat' dir='ltr'>AND</span> 
     </span>
     <span class='ocr_line' id='line_1_36' title="bbox 679 2214 1122 2265; baseline 0.005 -13"><span class='ocrx_word' id='word_1_277' title='bbox 679 2214 933 2263; x_wconf 88' lang='lat' dir='ltr'>FRANCIS‚</span> <span class='ocrx_word' id='word_1_278' title='bbox 968 2227 1122 2265; x_wconf 83' lang='lat'>1542-4</span> 
     </span>
    </p>
   </div>
   <div class='ocr_carea' id='block_1_5' title="bbox 205 2312 1600 2499">
    <p class='ocr_par' dir='ltr' id='par_1_7' title="bbox 205 2312 1600 2499">
     <span class='ocr_line' id='line_1_37' title="bbox 253 2312 1595 2358; baseline 0.001 -12"><span class='ocrx_word' id='word_1_279' title='bbox 253 2313 335 2347; x_wconf 93' lang='lat' dir='ltr'>The</span> <span class='ocrx_word' id='word_1_280' title='bbox 356 2313 494 2347; x_wconf 88' lang='lat' dir='ltr'>Recess</span> <span class='ocrx_word' id='word_1_281' title='bbox 513 2312 554 2346; x_wconf 91' lang='lat' dir='ltr'>of</span> <span class='ocrx_word' id='word_1_282' title='bbox 567 2312 757 2354; x_wconf 70' lang='lat' dir='ltr'>Rafisbon,</span> <span class='ocrx_word' id='word_1_283' title='bbox 780 2322 823 2356; x_wconf 88' lang='lat'>29</span> <span class='ocrx_word' id='word_1_284' title='bbox 841 2313 925 2357; x_wconf 89' lang='lat' dir='ltr'>July</span> <span class='ocrx_word' id='word_1_285' title='bbox 942 2322 1039 2358; x_wconf 82' lang='lat'>1541,</span> <span class='ocrx_word' id='word_1_286' title='bbox 1052 2314 1148 2348; x_wconf 85' lang='lat' dir='ltr'>bade</span> <span class='ocrx_word' id='word_1_287' title='bbox 1167 2314 1326 2358; x_wconf 88' lang='lat' dir='ltr'>prelates</span> <span class='ocrx_word' id='word_1_288' title='bbox 1345 2314 1429 2348; x_wconf 88' lang='lat' dir='ltr'>take</span> <span class='ocrx_word' id='word_1_289' title='bbox 1444 2313 1479 2348; x_wconf 91' lang='lat' dir='ltr'>in</span> <span class='ocrx_word' id='word_1_290' title='bbox 1495 2313 1595 2349; x_wconf 90' lang='lat' dir='ltr'>hand</span> 
     </span>
     <span class='ocr_line' id='line_1_38' title="bbox 207 2359 1594 2406; baseline 0 -12"><span class='ocrx_word' id='word_1_291' title='bbox 207 2361 214 2376; x_wconf 47' lang='grc' dir='ltr'><strong>ί</strong></span> <span class='ocrx_word' id='word_1_292' title='bbox 230 2372 251 2394; x_wconf 79' lang='lat' dir='ltr'>a</span> <span class='ocrx_word' id='word_1_293' title='bbox 271 2359 457 2394; x_wconf 87' lang='lat' dir='ltr'>Christian</span> <span class='ocrx_word' id='word_1_294' title='bbox 476 2359 584 2394; x_wconf 90' lang='lat' dir='ltr'>order</span> <span class='ocrx_word' id='word_1_295' title='bbox 601 2360 675 2394; x_wconf 82' lang='lat' dir='ltr'>and</span> <span class='ocrx_word' id='word_1_296' title='bbox 694 2359 930 2394; x_wconf 84' lang='lat' dir='ltr'>reformation</span> <span class='ocrx_word' id='word_1_297' title='bbox 947 2359 955 2373; x_wconf 87' lang='lat'><strong><em>&#39;</em></strong></span> <span class='ocrx_word' id='word_1_298' title='bbox 976 2360 1030 2403; x_wconf 81' lang='lat' dir='ltr'>(C.</span> <span class='ocrx_word' id='word_1_299' title='bbox 1050 2361 1092 2397; x_wconf 81' lang='lat' dir='ltr'>R.</span> <span class='ocrx_word' id='word_1_300' title='bbox 1111 2361 1154 2394; x_wconf 90' lang='lat' dir='ltr'>iv.</span> <span class='ocrx_word' id='word_1_301' title='bbox 1174 2360 1270 2403; x_wconf 84' lang='lat'><strong>628).</strong></span> <span class='ocrx_word' id='word_1_302' title='bbox 1321 2360 1480 2404; x_wconf 88' lang='lat' dir='ltr'>Relying</span> <span class='ocrx_word' id='word_1_303' title='bbox 1497 2371 1594 2406; x_wconf 90' lang='lat' dir='ltr'>upon</span> 
     </span>
     <span class='ocr_line' id='line_1_39' title="bbox 205 2405 1600 2452; baseline 0 -12"><span class='ocrx_word' id='word_1_304' title='bbox 205 2406 290 2448; x_wconf 81' lang='lat' dir='ltr'>this,</span> <span class='ocrx_word' id='word_1_305' title='bbox 329 2407 522 2441; x_wconf 85' lang='lat' dir='ltr'>Hermann</span> <span class='ocrx_word' id='word_1_306' title='bbox 566 2418 636 2441; x_wconf 82' lang='lat' dir='ltr'>von</span> <span class='ocrx_word' id='word_1_307' title='bbox 671 2405 793 2450; x_wconf 85' lang='lat' dir='ltr'>Wied,</span> <span class='ocrx_word' id='word_1_308' title='bbox 832 2408 1073 2452; x_wconf 78' lang='lat'>1477—†1552,</span> <span class='ocrx_word' id='word_1_309' title='bbox 1112 2407 1519 2452; x_wconf 85' lang='lat' dir='ltr'>Elector-Archbishop</span> <span class='ocrx_word' id='word_1_310' title='bbox 1560 2406 1600 2440; x_wconf 87' lang='lat' dir='ltr'>of</span> 
     </span>
     <span class='ocr_line' id='line_1_40' title="bbox 208 2453 1595 2499; baseline 0.001 -12"><span class='ocrx_word' id='word_1_311' title='bbox 208 2453 317 2494; x_wconf 73' lang='lat' dir='ltr'>Koln,</span> <span class='ocrx_word' id='word_1_312' title='bbox 341 2462 498 2498; x_wconf 80' lang='lat'>1515—47</span> <span class='ocrx_word' id='word_1_313' title='bbox 520 2453 580 2497; x_wconf 78' lang='lat' dir='ltr'>(cf.</span> <span class='ocrx_word' id='word_1_314' title='bbox 598 2455 860 2499; x_wconf 82' lang='lat' dir='ltr'>Varrentrapp,</span> <span class='ocrx_word' id='word_1_315' title='bbox 881 2455 1078 2490; x_wconf 75' lang='lat' dir='ltr'>Hermann</span> <span class='ocrx_word' id='word_1_316' title='bbox 1102 2465 1175 2489; x_wconf 76' lang='lat' dir='ltr'>von</span> <span class='ocrx_word' id='word_1_317' title='bbox 1201 2453 1334 2496; x_wconf 74' lang='lat' dir='ltr'>Wied),</span> <span class='ocrx_word' id='word_1_318' title='bbox 1353 2455 1439 2490; x_wconf 88' lang='lat' dir='ltr'>took</span> <span class='ocrx_word' id='word_1_319' title='bbox 1456 2453 1595 2489; x_wconf 84' lang='lat' dir='ltr'>further</span> 
     </span>
    </p>
   </div>
  </div>
 </body>
</html>
