1715 2780
175 114 225 150 66
401 112 521 150 THE
559 111 759 149 THREE
797 111 1108 151 TREATISES
1147 111 1220 151 OF
1254 122 1354 161 1520
1516 110 1571 158 36

222 232 313 276 No.
338 232 415 286 36.
475 232 549 275 De
581 229 891 285 captivitate
921 231 1232 287 Babylonica
1261 230 1517 275 Ecclesiae

705 289 1042 334 Praeludium.

232 400 239 408 .
264 400 270 408 .
288 401 294 407 .
314 368 511 420 Principio
525 370 707 420 neganda
722 369 819 408 mihi
834 378 925 409 sunt
941 376 1092 421 septem
1109 376 1353 409 sacramenta
1367 375 1406 408 et
1421 374 1574 408 tantum

176 423 248 462 tria
276 438 347 475 pro
376 432 553 474 tempore
582 425 779 474 ponenda,
810 424 1042 474 baptismus,
1071 422 1325 475 poenitentia,
1356 422 1468 474 panis
1483 437 1494 471 3
1536 430 1574 462 et

176 479 274 517 haec
303 477 437 517 omnia
465 491 549 517 esse
578 491 646 529 per
676 480 898 517 Romanam
921 478 1080 519 Curiam
1105 477 1220 517 nobis
1245 477 1287 516 in
1313 477 1575 517 miserabilem

177 531 443 583 captivitatem
486 533 605 571 ducta
653 533 940 583 ecclesiamque
980 546 1050 571 sua
1093 539 1175 571 tota
1217 531 1395 571 libertate
1438 530 1576 582 spolia-

177 594 256 624 tam
289 615 296 623 .
327 617 333 624 .
367 617 374 624 .

233 639 313 692 [De
344 653 469 680 coena
509 638 692 692 Domini]
735 642 827 679 Duo
855 640 988 691 itaque
1017 647 1108 679 sunt
1137 639 1224 687 loci,
1257 639 1323 690 qui
1352 640 1403 679 de
1432 639 1506 678 hac
1535 652 1576 678 re

176 693 389 733 clarissime
420 701 596 742 tractant,
628 695 826 745 Scriptura
855 694 1080 745 evangelica
1109 695 1148 732 in
1178 707 1303 733 coena
1332 692 1507 740 Domini,
1537 699 1576 732 et

179 749 323 786 Paulus
350 762 363 785 1
390 750 480 788 Cor.
504 748 563 785 xi:
595 760 694 797 quos
722 750 935 787 videamus.
995 749 1229 788 Consonant
1253 747 1359 787 enim
1381 746 1455 786 sibi
1477 748 1577 785 Mat-

177 803 326 849 thaeus,
352 804 522 849 Marcus,
545 810 583 840 et
605 804 744 849 Lucas,
767 802 967 842 Christum
988 802 1145 841 dedisse
1165 801 1367 852 discipulis
1391 800 1577 840 omnibus

177 863 304 894 totum
343 863 642 903 sacramentum,
677 863 714 894 et
749 858 915 894 Paulum
949 864 1155 906 utramque
1187 855 1392 895 tradidisse
1425 863 1576 906 partem

178 918 328 948 certum
350 918 418 948 est.
443 940 450 948 .
476 940 482 947 .
507 940 513 947 .
538 911 614 948 His
635 911 739 949 adde
765 912 874 960 quod
903 912 1130 949 Matthaeus
1157 911 1271 949 refert
1297 923 1378 948 non
1401 910 1452 949 de
1475 922 1577 959 pane

178 963 378 1003 Christum
411 963 565 1011 dixisse,
600 965 842 1003 Manducate
881 978 927 1003 ex
965 965 1041 1003 hoc
1075 977 1224 1010 omnes,
1258 965 1328 1003 sed
1359 965 1409 1003 de
1443 962 1575 1010 calice,

180 1017 310 1056 Bibite
339 1032 386 1056 ex
406 1019 483 1056 hoc
503 1031 651 1056 omnes.
713 1020 764 1056 Et
786 1020 945 1056 Marcus
965 1018 1060 1057 item
1080 1031 1160 1057 non
1181 1017 1288 1064 dicit,
1312 1017 1578 1056 Manducave-

178 1079 267 1110 runt
297 1085 445 1118 omnes,
469 1073 538 1110 sed
569 1071 759 1111 Biberunt
788 1086 834 1111 ex
860 1085 908 1111 eo
942 1086 1092 1120 omnes,
1121 1079 1286 1122 uterque
1316 1070 1577 1110 universitatis

179 1134 314 1164 notam
330 1127 381 1164 ad
402 1125 564 1164 calicem
581 1139 662 1164 non
682 1127 732 1165 ad
753 1139 895 1176 panem
917 1139 1080 1176 ponens,
1096 1125 1207 1177 quasi
1223 1125 1388 1176 Spiritus
1403 1126 1577 1164 futurum

178 1180 254 1218 hoc
275 1179 444 1218 schisma
465 1179 696 1230 praeviderit
717 1181 826 1230 quod
850 1180 982 1219 calicis
1007 1179 1329 1219 communionem
1353 1178 1579 1230 prohiberet

177 1232 374 1283 aliquibus
396 1247 514 1283 quem
535 1233 714 1273 Christus
735 1235 921 1273 omnibus
937 1234 1101 1273 voluerit
1115 1247 1201 1273 esse
1216 1246 1482 1272 communem.
1507 1262 1513 1271 .
1537 1263 1544 1271 .
1569 1263 1576 1270 .

180 1288 390 1327 Concludo
411 1288 553 1337 itaque,
576 1301 717 1338 negare
737 1296 944 1339 utramque
965 1288 1137 1339 speciem
1163 1287 1282 1335 laicis,
1304 1301 1389 1327 esse
1412 1286 1576 1337 impium

178 1348 216 1379 et
250 1341 507 1391 tyrannicum,
541 1355 613 1380 nec
652 1342 692 1380 in
731 1356 850 1381 manu
888 1342 1003 1381 ullius
1034 1343 1172 1393 angeli,
1204 1343 1353 1381 nedum
1384 1354 1509 1392 papae
1540 1348 1578 1379 et

181 1395 338 1433 concilii
369 1394 651 1446 cuiuscunque.
673 1427 681 1435 .
705 1427 711 1434 .
737 1427 743 1434 .

235 1448 365 1487 Prima
391 1462 482 1499 ergo
509 1449 712 1499 captivitas
740 1449 855 1488 huius
882 1449 1114 1489 sacramenti
1139 1456 1197 1488 est
1223 1449 1356 1500 quoad
1376 1448 1459 1488 eius
1486 1447 1578 1488 sub-

179 1502 362 1541 stantiam
384 1516 452 1541 seu
466 1503 739 1553 integritatem,
755 1517 874 1554 quarn
891 1504 1006 1543 nobis
1019 1503 1180 1543 abstulit
1194 1505 1378 1542 Romana
1393 1501 1576 1553 tyrannis.

181 1558 274 1594 Non
296 1558 404 1607 quod
424 1565 591 1606 peccent
612 1557 650 1595 in
673 1559 872 1597 Christum
895 1558 962 1608 qui
983 1571 1062 1596 una
1081 1557 1211 1609 specie
1235 1565 1397 1596 utuntur
1420 1588 1427 1596 .
1449 1586 1455 1594 .
1477 1587 1485 1594 .
1507 1557 1577 1596 sed

180 1612 288 1660 quod
328 1610 381 1648 illi
413 1620 578 1660 peccant
610 1611 677 1661 qui
712 1613 787 1650 hoc
825 1611 982 1651 arbitrio
1016 1611 1240 1651 volentibus
1273 1610 1330 1650 uti
1367 1610 1578 1661 prohibent

181 1672 386 1714 utramque
417 1665 510 1703 dari.
571 1667 699 1715 Culpa
737 1679 816 1705 non
855 1674 913 1705 est
950 1666 990 1704 in
1028 1666 1147 1714 laicis,
1186 1667 1256 1705 sed
1299 1664 1577 1704 sacerdotibus.

181 1720 476 1757 Sacramentum
507 1732 587 1758 non
617 1727 675 1758 est
704 1721 953 1758 sacerdotum
983 1721 1053 1759 sed
1082 1719 1284 1759 omnium:
1324 1732 1397 1757 nec
1427 1717 1578 1757 domini

179 1780 269 1810 sunt
285 1773 508 1811 sacerdotes
525 1775 594 1812 sed
612 1773 787 1821 ministri,
802 1774 993 1813 debentes
1006 1775 1170 1813 reddere
1185 1781 1391 1823 utramque
1406 1771 1578 1833 speciem

179 1826 418 1885 petentibus,
435 1827 749 1877 quotiescunque
768 1827 959 1878 petierint.
1021 1829 1142 1877 Quod
1158 1827 1189 1866 si
1210 1826 1315 1866 hoc
1306 1840 1365 1866 1us
1381 1826 1579 1877 rapuerint

180 1879 287 1917 laicis
317 1887 355 1917 et
384 1879 419 1917 vi
450 1881 685 1930 negaverint,
717 1883 868 1931 tyranni
898 1889 998 1929 sunt,
1029 1881 1116 1920 laici
1144 1881 1228 1920 sine
1254 1882 1380 1931 culpa,
1411 1881 1472 1919 vel
1500 1893 1580 1919 una

180 1934 240 1971 vel
268 1940 432 1983 utraque
458 1941 612 1972 carent:
644 1936 721 1973 fide
750 1935 904 1974 interim
933 1935 1123 1982 servandi,
1154 1943 1192 1974 et
1218 1934 1415 1974 desiderio
1441 1933 1579 1984 integri

181 1987 412 2025 sacramenti
444 2016 450 2023 .
482 2017 489 2024 .
522 1989 701 2047 .Itaque
736 2002 816 2026 non
850 1990 925 2026 hoc
963 2002 1037 2039 ago
1071 1996 1112 2026 ut
1147 1988 1182 2027 vi
1213 1987 1381 2038 rapiatur
1415 1994 1578 2037 utraque

182 2041 344 2090 species,
366 2040 477 2090 quasi
505 2017 735 2080 necessitate
765 2043 961 2101 praecepti
984 2044 1035 2081 ad
1062 2055 1148 2080 eam
1175 2054 1372 2091 cogamur,
1394 2042 1464 2080 sed
1488 2054 1579 2079 con-

182 2093 385 2132 scientiam
417 2094 576 2141 instruo,
604 2102 645 2132 ut
674 2096 852 2154 patiatur
870 2095 1036 2145 quisque
1064 2095 1309 2143 tyrannidem
1341 2096 1577 2142 Romanam,

182 2147 309 2186 sciens
341 2147 414 2186 sibi
448 2156 601 2198 raptum
633 2161 701 2198 per
734 2148 812 2187 vim
844 2148 902 2187 ius
932 2162 1047 2187 suum
1076 2148 1115 2186 in
1145 2156 1390 2187 sacramento
1421 2155 1579 2198 propter

183 2208 388 2252 peccatum
419 2214 545 2240 suum.
570 2232 577 2239 .
601 2232 607 2240 .
631 2231 637 2239 .

237 2256 369 2293 Altera
390 2255 591 2305 captivitas
613 2256 787 2294 eiusdem
806 2255 1038 2295 sacramenti
1060 2255 1189 2294 mitior
1209 2263 1267 2294 est
1287 2255 1395 2305 quod
1415 2256 1466 2295 ad
1487 2268 1577 2294 con-

183 2308 387 2347 scientiam
415 2316 576 2359 spectat,
599 2310 669 2348 sed
698 2322 816 2359 quam
847 2311 971 2347 multo
999 2309 1177 2348 omnium
1203 2308 1576 2359 periculosissimum

183 2362 231 2401 sit
269 2370 437 2413 tangere,
472 2363 618 2401 nedum
648 2364 845 2402 damnare.
907 2363 986 2401 Hic
1017 2363 1271 2414 Viglephista‚
1313 2370 1352 2401 et
1385 2362 1577 2402 sexcentis

183 2416 410 2455 nominibus
449 2416 665 2455 haereticus
704 2430 781 2456 ero.
815 2446 823 2454 .
859 2447 866 2454 .
900 2447 908 2454 .
940 2417 1061 2455 Dedit
1105 2416 1200 2454 mihi
1233 2417 1446 2467 quondam,
1486 2429 1577 2455 curn

183 2470 420 2520 theologiam
453 2471 723 2509 scholasticam
758 2470 965 2518 haurirem,
997 2470 1246 2509 occasionem
1286 2469 1484 2520 cogitandi
1525 2472 1574 2508 D.
