1715 2780
218 103 295 140 608
501 98 619 136 THE
652 94 1128 136 ECCLESIASTICAL
1158 93 1334 132 STATE
1527 99 1609 137 304

218 204 383 242 salutem
403 201 496 240 inde
516 208 706 251 petamus,
730 199 790 237 vel
811 197 964 236 affixam
986 195 1064 234 illic
1087 195 1350 235 conferendae
1370 193 1515 245 gratiae
1541 193 1611 231 vir-

219 265 342 295 tutem
373 255 630 306 imaginemur
659 267 705 291 ac
735 253 947 290 inclusam:
978 249 1074 300 quin
1102 249 1233 299 potius
1262 247 1492 287 adminiculi
1521 248 1610 286 loco

219 311 447 349 habendum
482 321 567 347 esse
600 307 765 357 signum,
802 318 882 355 quo
917 311 1022 342 recta
1055 304 1106 342 ad
1145 302 1346 343 Christum
1385 300 1608 351 dirigamur,

219 366 384 403 salutem
405 362 454 401 ab
476 362 561 412 ipso
583 368 620 400 et
641 360 807 399 solidam
829 357 1054 397 felicitatem
1076 356 1246 407 petituri.

273 419 334 456 M.
367 418 500 466 Quum
532 416 583 453 ad
613 427 747 453 eorum
779 425 892 451 usum
923 411 1141 461 requiratur
1170 411 1293 448 fides:
1328 408 1396 459 qui
1425 407 1540 447 nobis
1570 407 1610 446 in

222 472 311 511 fidei
333 469 674 509 confirmationem
695 468 787 506 data
808 479 892 505 esse
913 465 1022 512 dicis,
1046 471 1089 503 ut
1109 477 1180 503 nos
1203 464 1252 502 de
1282 461 1611 514 promissionibus

223 527 297 564 Dei
320 525 486 563 reddant
507 522 721 561 certiores?

275 581 322 617 P.
355 577 493 615 Fidem
516 576 556 613 in
576 575 690 614 nobis
712 575 833 613 semel
850 573 1073 611 inchoatam
1090 584 1175 610 esse
1191 582 1442 625 nequaquam
1459 568 1610 615 sufficit,

222 632 293 670 nisi
327 630 574 670 continenter
606 631 741 675 alatur,
764 636 802 666 et
836 626 958 677 magis
993 627 1034 664 in
1064 626 1148 664 dies
1183 623 1386 675 magisque
1416 629 1610 673 augescat.

222 687 286 724 Ad
307 698 393 724 eam
415 696 506 734 ergo
527 691 610 722 tum
630 683 813 721 alendam
835 688 919 719 tum
940 680 1203 719 roborandam
1220 686 1303 717 tum
1319 677 1613 728 provehendam

222 742 475 778 Sacramenta
488 736 654 775 instituit
669 736 879 773 Dominus.
935 734 1057 782 Quod
1070 732 1232 782 quidem
1248 731 1440 781 significat
1456 731 1612 776 Paulus,

225 795 359 841 (Rom.
383 794 428 829 iv.
456 791 518 841 11)
551 803 673 840 quum
703 790 754 828 ad
783 788 1050 838 obsignandas
1072 786 1147 825 Dei
1177 784 1457 837 promissiones
1486 785 1614 822 valere

224 848 350 885 tradit.

278 901 338 938 M.
369 901 516 937 Verum
547 910 681 936 nonne
702 898 777 935 hoc
799 893 1040 934 infidelitatis
1064 893 1254 932 indicium
1276 898 1346 939 est,
1368 904 1449 929 non
1470 889 1615 929 habere

226 954 300 992 Dei
330 951 656 1003 promissionibus
687 951 853 988 solidam
886 950 1016 995 fidem,
1047 946 1121 985 nisi
1149 946 1310 985 aliunde
1336 944 1450 984 nobis
1478 945 1615 983 confir-

224 1008 410 1046 mentur?

278 1062 324 1098 P.
358 1059 470 1098 Fidei
491 1066 596 1097 certe
616 1056 925 1095 imbecillitatem
947 1057 1024 1093 1100
1044 1053 1180 1104 arguit,
1203 1066 1281 1103 qua
1306 1051 1373 1090 filii
1399 1051 1517 1090 etiam
1539 1049 1615 1089 Dei

225 1114 415 1160 laborant,
439 1112 505 1162 qui
525 1119 658 1150 tamen
679 1111 815 1149 fideles
840 1116 1046 1159 propterea
1065 1121 1149 1146 esse
1174 1120 1255 1145 non
1285 1106 1470 1145 desinunt
1488 1119 1497 1152 3
1525 1103 1616 1142 licet

227 1169 304 1207 fide
325 1166 490 1217 praediti
512 1166 589 1203 sint
609 1166 746 1214 exigua
765 1164 896 1202 adhuc
917 1169 955 1201 et
975 1162 1214 1211 imperfecta.
1273 1158 1476 1208 Quamdiu
1509 1157 1613 1196 enim

226 1234 424 1260 versamur
453 1219 493 1257 in
523 1221 599 1257 1100
629 1219 792 1264 mundo,
816 1219 976 1256 haerent
997 1228 1151 1265 semper
1171 1215 1211 1252 in
1231 1226 1348 1252 carne
1367 1219 1500 1250 nostra
1519 1211 1614 1250 diffi-

226 1275 384 1314 dentiae
422 1273 619 1323 reliquiae,
657 1285 753 1321 quas
788 1270 897 1309 aliter
927 1276 1107 1308 excutere
1141 1281 1223 1306 non
1254 1279 1464 1317 possumus
1495 1277 1614 1315 quam

227 1328 417 1367 continuo
438 1340 562 1376 usque
583 1327 633 1364 ad
655 1325 756 1363 vitae
777 1326 896 1363 finem
917 1324 1105 1373 profectu.
1156 1320 1330 1361 Ulterius
1351 1332 1442 1369 ergo
1462 1331 1616 1368 semper

227 1381 408 1432 progredi
428 1393 588 1419 necesse
610 1386 679 1417 est.
1297 1389 1304 1393 ”

281 1436 342 1473 M.
376 1436 484 1482 Quot
505 1440 594 1471 sunt
615 1431 862 1472 Christianae
883 1428 1084 1469 Ecclesiae
1104 1427 1384 1467 Sacramenta?

281 1490 329 1527 P.
362 1490 455 1526 Duo
486 1493 575 1525 sunt
607 1485 783 1532 omnino,
815 1496 981 1533 quorum
1013 1480 1235 1521 communis
1267 1481 1315 1518 sit
1346 1480 1445 1518 inter
1479 1491 1616 1517 omnes

229 1542 364 1581 fideles
385 1554 488 1579 usus.

282 1597 342 1633 M.
376 1596 490 1643 Quae
510 1600 600 1631 sunt
621 1592 716 1629 illa?

283 1651 329 1686 P.
363 1647 588 1697 Baptismus
609 1652 646 1684 et
667 1658 775 1683 sacra
796 1646 944 1683 Coena.

283 1703 345 1740 M.
378 1701 487 1750 Quid
508 1713 599 1739 vero
620 1698 745 1737 simile
766 1698 865 1736 inter
886 1711 925 1736 se
946 1697 1094 1735 habent
1114 1696 1173 1734 vel
1194 1694 1420 1733 diversum?

284 1758 331 1793 P.
365 1756 589 1805 Baptismus
611 1752 729 1791 veluti
750 1751 911 1801 quidam
940 1752 978 1788 in
1008 1748 1225 1788 Ecclesiam
1255 1747 1384 1786 aditus
1412 1745 1526 1784 nobis
1547 1751 1616 1784 est.

233 1809 318 1847 Illic
348 1808 453 1847 enim
484 1806 753 1846 testimonium
784 1805 976 1844 habemus
1006 1818 1088 1849 nos,
1118 1815 1239 1852 quum
1269 1799 1417 1849 alioqui
1447 1797 1617 1838 extranei

230 1862 427 1911 alienique
443 1861 575 1906 simus,
595 1862 632 1898 in
657 1859 730 1898 Dei
752 1858 938 1897 familiam
960 1857 1090 1907 recipi,
1109 1864 1150 1894 ut
1167 1857 1266 1893 inter
1279 1853 1362 1892 eius
1379 1853 1619 1892 domesticos

232 1929 472 1954 censeamur.
545 1915 683 1953 Coena
720 1925 812 1952 vero
852 1918 1013 1950 testatur
1053 1913 1183 1948 Deum
1224 1921 1264 1946 se
1303 1906 1429 1953 nobis,
1469 1905 1619 1944 animas

232 1976 382 2007 nostras
402 1968 557 2014 alendo,
581 1969 735 2004 Patrem
758 1965 952 2004 exhibere.

286 2023 348 2060 M.
380 2023 472 2069 Quo
502 2020 641 2058 clarius
666 2019 780 2058 nobis
810 2021 1029 2057 innotescat
1050 2015 1252 2064 utriusque
1279 2012 1420 2051 veritas
1450 2012 1500 2050 de
1521 2017 1620 2049 utro-

233 2088 310 2125 que
340 2087 514 2113 seorsum
545 2080 764 2110 tractemus.
825 2071 1023 2109 Primum:
1055 2071 1168 2117 Quae
1197 2075 1255 2106 est
1286 2065 1479 2115 Baptismi
1509 2062 1621 2113 signi-

235 2128 391 2167 ficatio?

286 2184 332 2220 P.
366 2182 424 2218 Ea
453 2181 550 2219 duas
579 2185 707 2229 partes
738 2178 867 2216 habet.
928 2179 1029 2214 Nam
1065 2175 1118 2212 ibi
1153 2171 1329 2212 remissio
1355 2177 1619 2221 peccatorum,

234 2235 378 2274 deinde
408 2232 615 2284 spiritualis
645 2231 884 2281 regeneratio
914 2231 1106 2279 figuratur.
1165 2226 1288 2277 (Eph.
1318 2239 1353 2263 v.
1387 2226 1434 2261 26
1450 2238 1459 2271 3
1504 2225 1618 2261 Rom.

235 2288 281 2326 vi.
305 2287 360 2337 4.)

288 2343 347 2378 Μ’.
381 2340 489 2389 Quid
528 2337 792 2377 similitudinis
827 2338 926 2375 inest
958 2347 1083 2384 aquae
1115 2346 1204 2371 cum
1242 2331 1302 2370 his
1339 2330 1454 2368 rebus
1486 2336 1527 2367 ut
1557 2339 1622 2366 eas

235 2401 497 2444 repraesentet
514 2395 529 2430 ?

289 2449 336 2485 P.
370 2449 625 2485 Peccatorum
661 2444 820 2493 quidem
856 2441 1031 2481 remissio
1066 2440 1216 2489 species
1262 2445 1319 2476 est
1358 2434 1509 2480 lavacri,
1545 2444 1623 2483 quo

1708 455 1710 459 ,
1707 420 1711 442 ,,
1689 233 1715 409 passaw*
