1715 2780
180 74 253 118 146
339 70 459 108 THE
490 67 722 107 MISSIoN
754 66 825 104 OF
856 61 1205 108 CAMPEGfflo,
1241 70 1396 110 1523-4
1518 65 1568 104 73

176 180 316 224 putent
331 187 341 221 3
368 172 531 223 quando
557 170 644 210 illos
674 169 729 208 sic
748 181 867 219 vagos
897 180 965 218 per
994 165 1224 206 Ordinarios
1247 164 1309 203 vel
1332 160 1495 201 vicarios
1519 160 1570 198 ad

177 226 395 279 superiores
416 238 507 264 suos
527 238 595 276 per
615 223 739 262 victus
760 220 1074 272 denegationem,
1093 226 1160 258 aut
1179 217 1256 258 alia
1274 217 1365 258 iuris
1385 213 1569 260 remedia,

177 281 434 320 remittendos
455 293 540 319 esse
560 279 751 317 iubemus.
1482 312 1485 314 ,

238 349 295 385 13.
329 334 663 373 Monasteriorum
684 331 844 382 praelati
875 329 1010 369 unicas
1039 328 1224 368 ecclesias
1254 325 1446 366 habentes
1466 335 1572 374 prae-

180 391 306 429 dictos
327 388 502 435 vicarios,
526 394 735 438 perpetuos
756 385 816 423 vel
837 385 887 423 ad
917 391 1057 422 nutum
1085 382 1342 427 amovendos,
1363 380 1404 418 in
1432 377 1573 416 iisdem

179 442 353 483 ecclesiis
374 442 413 481 in
435 449 635 493 posterum
655 453 736 478 non
757 437 998 477 constituant
1017 435 1092 475 nisi
1113 437 1218 487 prius
1244 447 1312 485 per
1332 430 1572 476 Ordinarios‚

179 505 247 536 aut
267 509 403 536 eorum
419 494 593 542 vicarios,
612 502 654 532 ut
674 493 807 532 idonei
828 500 866 530 et
885 492 976 541 apti,
995 489 1137 529 fuerint
1156 486 1328 528 admissi.
1375 483 1576 525 Ecclesiae

182 559 313 590 tamen
348 549 426 588 suis
458 547 704 587 monasteriis
735 547 868 585 unitae
900 558 1026 596 usque
1056 544 1158 582 adeo
1189 541 1434 593 propinquae
1467 538 1576 597 quod

181 604 348 655 religiosi
369 604 583 642 earundem
605 614 738 640 curam
759 600 929 639 habituri
959 599 1032 637 sub
1062 597 1248 648 religione
1271 597 1312 634 in
1338 599 1577 633 monasterlo

183 659 257 698 sub
284 658 497 708 debitaque
521 654 749 695 obedientia
778 661 879 693 stare
908 652 1071 704 possint,
1102 651 1222 690 modo
1252 650 1329 689 sint
1358 646 1509 687 habiles
1538 652 1577 684 et

184 711 327 759 idonei,
358 725 427 762 per
456 709 651 749 eiusmodi
681 708 881 759 religiosos
911 705 1105 757 provideri
1134 703 1311 756 possint3
1349 703 1389 741 id
1419 713 1578 752 quoque

148 763 150 765 ’
184 765 445 817 permittimus
480 766 530 803 de
564 762 814 809 monasterio,
837 762 946 811 quod
981 768 1060 798 tam
1092 767 1209 798 tenue
1244 765 1302 797 est
1331 764 1373 795 ut
1402 755 1577 794 debitam

185 820 511 859 sustentationem
533 818 677 856 habere
698 824 868 866 nequeat
885 830 894 863 3
914 815 1090 853 volentes
1115 812 1326 862 religiosos,
1342 818 1380 849 et
1400 809 1578 860 qualiter-

184 887 342 924 cunque
363 880 577 922 exemptos,
596 878 728 910 curata
748 868 941 908 beneficia
960 868 1151 907 habentes
1168 864 1378 906 Ordinatio
1398 863 1474 902 loci
1495 875 1580 901 esse

185 927 394 966 subiectos.

245 995 302 1029 14.
336 982 519 1030 Cumque
540 979 580 1017 in
601 978 766 1018 ecclesia
787 977 863 1017 Dei
893 976 1014 1027 magis
1041 982 1210 1026 praestet
1229 986 1375 1026 paucos
1395 973 1523 1011 bonos
1544 977 1582 1009 et

185 1037 324 1074 doctos
346 1048 465 1084 quam
486 1035 614 1084 plures
636 1033 818 1071 indoctos
846 1038 883 1070 et
913 1030 1113 1080 imperitos
1137 1029 1282 1068 habere
1309 1026 1518 1072 ministros,
1540 1024 1581 1063 id

187 1091 295 1139 quod
317 1088 414 1127 ratio
434 1096 657 1126 nostrorum
684 1094 906 1136 temporum
929 1084 1080 1135 exigere
1099 1084 1252 1123 videtur
1271 1097 1278 1120 :
1307 1080 1455 1120 idcirco
1476 1079 1583 1118 dein-

188 1157 280 1193 ceps
315 1156 395 1181 non
430 1141 630 1180 initientur
664 1140 781 1178 sacris
822 1138 1026 1178 ordinibus
1070 1137 1144 1176 nisi
1177 1136 1247 1176 viri
1279 1148 1444 1181 morum,
1481 1134 1582 1171 vitae

188 1199 359 1235 candore
381 1203 419 1235 et
439 1195 619 1235 doctrina
645 1208 737 1244 prae
763 1193 925 1232 caeteris
947 1191 1122 1243 spectati,
1140 1189 1373 1241 probatique
1393 1201 1461 1239 per
1481 1187 1584 1226 testi-

191 1251 368 1290 monium
390 1249 578 1289 examinis
599 1248 669 1286 rite
690 1247 881 1287 servandi.

247 1316 304 1354 15.
339 1304 460 1353 Quod
480 1302 619 1341 attinet
639 1303 689 1341 ad
710 1301 911 1340 ordinatos
932 1300 971 1338 in
996 1300 1092 1338 urbe
1112 1300 1172 1338 vel
1193 1298 1232 1336 in
1253 1297 1328 1336 alia
1348 1308 1584 1347 quacunque

189 1358 316 1397 aliena
336 1356 497 1404 diocesi,
520 1355 717 1395 sancimus
738 1363 780 1394 ut
809 1363 847 1393 et
872 1354 927 1393 illi
947 1366 1104 1392 suarum
1125 1351 1419 1392 ordinationum
1438 1349 1584 1389 litteras

191 1419 230 1450 et
261 1411 394 1450 titulos
427 1411 648 1449 ostendant.
722 1411 773 1449 Et
805 1408 920 1447 simili
955 1408 1077 1446 modo
1110 1407 1161 1445 ad
1196 1404 1329 1445 divina
1361 1403 1585 1455 peragenda

191 1465 296 1516 prius
335 1478 416 1504 non
450 1463 707 1503 admittantur
746 1476 863 1513 quam
908 1462 958 1499 ab
1001 1460 1201 1511 Episcopo
1236 1460 1297 1498 vel
1332 1458 1476 1497 vicario
1515 1469 1583 1495 seu

193 1518 348 1560 officiali
378 1519 520 1557 fuerint
549 1517 620 1556 rite
648 1516 821 1556 admissi.

250 1575 309 1611 16.
342 1574 545 1611 Praeterea
569 1584 659 1609 cum
690 1570 786 1608 nihil
815 1583 940 1619 aeque
967 1567 1175 1607 conveniat
1202 1566 1387 1605 omnibus
1414 1565 1586 1604 numeris

190 1628 241 1666 ad
271 1639 338 1665 eos
368 1639 453 1664 esse
483 1626 653 1663 mundos
683 1624 750 1674 qui
779 1637 871 1662 vasa
901 1622 1065 1661 Domini
1094 1628 1250 1672 portant
1280 1627 1319 1659 et
1348 1619 1387 1658 in
1419 1617 1586 1657 sacrario

193 1687 413 1730 operantur,
429 1681 563 1730 quales
578 1679 800 1716 sacerdotes
813 1675 1016 1716 constituit
1029 1675 1112 1725 ipse
1121 1674 1317 1714 Dominus
1330 1673 1397 1724 qui
1410 1671 1588 1723 quotidie

192 1741 440 1773 sacrosancta
460 1740 625 1771 tractant
646 1739 684 1770 et
704 1731 743 1769 in
764 1730 837 1770 illis
859 1737 1082 1769 versantur:
1114 1728 1227 1779 igitur
1246 1729 1428 1767 volumus
1453 1734 1583 1776 atque,

194 1787 300 1825 iuxta
320 1786 542 1825 sanctiones
570 1785 780 1824 canonicas
804 1784 966 1824 feliciter
995 1798 1017 1822 a
1046 1782 1145 1821 divis
1174 1781 1350 1832 patribus
1378 1779 1585 1826 institutas,

195 1840 392 1879 sancimus
426 1848 468 1878 ut
498 1847 603 1878 caste
642 1839 968 1888 continenterque
998 1837 1156 1884 vivant3
1195 1836 1417 1874 sacerdotes
1447 1845 1588 1873 concu-

195 1894 334 1933 binarii
373 1893 742 1942 incontinenterque
780 1892 899 1930 vitam
938 1898 1098 1942 agentes
1137 1902 1335 1928 canonum
1373 1887 1511 1939 poenis
1549 1886 1588 1924 in

194 1947 373 1986 ordinem
394 1947 628 1996 redigantur,
657 1948 765 1984 nulla
793 1944 1081 1984 consuetudine
1105 1944 1171 1990 eis,
1194 1944 1300 1981 nulla
1326 1939 1588 1987 conniventia,

196 2001 275 2039 imo
296 2002 489 2039 damnosa
508 2002 769 2050 praelatorum
797 1998 1042 2049 negligentia,
1064 1996 1346 2048 patrocinante.

254 2066 310 2103 17.
345 2055 437 2102 Quo
467 2067 559 2091 vero
592 2054 642 2091 ad
673 2054 923 2101 Quaestores,
961 2052 1027 2102 qui
1058 2052 1174 2101 vulgo
1206 2048 1428 2089 Stationarii
1461 2048 1591 2099 appel-

196 2110 334 2155 lantur,
357 2107 563 2145 statuimus
593 2120 642 2144 ne
671 2106 770 2155 quis,
793 2106 929 2155 quavis
959 2104 1189 2143 auctoritate
1218 2111 1256 2142 et
1285 2103 1498 2142 litterarum
1528 2114 1589 2140 oc-

197 2161 365 2209 casione,
407 2162 465 2198 vel
505 2161 555 2198 ad
595 2159 903 2210 praedicandum
937 2161 998 2197 vel
1029 2157 1205 2196 subsidia
1243 2158 1590 2206 eleemosynasque

197 2215 438 2265 colligendas
459 2227 499 2252 se
521 2213 678 2263 ingerat,
697 2220 898 2262 utcunque
920 2225 960 2250 se
976 2211 1092 2249 iactet
1108 2210 1359 2260 indulgentiis
1375 2209 1590 2255 abundare,

198 2268 270 2307 nisi
291 2268 397 2319 prius
417 2267 566 2305 litterae
582 2265 831 2304 admissionis
852 2272 890 2303 et
909 2263 1203 2314 approbationis
1217 2262 1514 2302 Ordinariorum
1530 2262 1590 2300 vel

198 2322 426 2362 vicariorum
449 2321 499 2359 ab
520 2333 567 2359 eo
587 2321 760 2370 prolatae
781 2318 945 2356 fuerint:
970 2317 1226 2367 astringentes
1242 2316 1348 2366 ipsos
1362 2314 1591 2356 Ordinarios

199 2384 240 2414 ut
261 2377 356 2415 tales
376 2374 585 2413 admittant
606 2373 671 2423 qui
693 2373 839 2423 probae
860 2371 960 2411 vitae
989 2369 1256 2409 testimonium
1279 2369 1460 2415 habeant,
1483 2369 1591 2408 etde

199 2428 491 2479 praedicatione
523 2441 601 2471 sua,
635 2428 728 2465 dum
760 2440 858 2476 opus
893 2425 974 2471 crit,
1009 2423 1198 2462 rationem
1231 2424 1393 2461 reddere
1428 2421 1587 2472 possint,
