1715 2780
207 83 284 129 466
523 82 757 122 REPORM
793 81 852 121 IN
883 81 1002 120 THE
1038 81 1178 122 REsT
1210 82 1282 122 OF
1525 90 1600 130 219

207 187 247 224 in
286 186 442 237 templis
476 186 546 225 ulti
585 194 675 225 sunt
709 186 867 225 iniurias
901 186 1103 236 quasdam,
1140 185 1193 225 ita
1225 186 1410 224 nimirum
1444 187 1601 225 volente

211 239 398 279 Domino.
448 243 495 280 In
517 240 580 280 die
600 240 800 287 Cinerum,
823 253 913 278 cum
934 240 1040 279 idola
1059 247 1166 279 secta
1184 239 1365 279 distribui
1384 239 1602 291 inciperent

207 294 458 344 pauperibus,
480 296 641 345 quidam
673 294 934 344 importunius
963 294 1028 333 illa
1057 294 1255 344 petebant,
1278 293 1331 332 ita
1360 302 1402 332 ut
1428 295 1602 333 vulnera<

209 348 284 386 rint
305 362 347 387 se
368 357 517 388 mutuo.
576 350 634 387 Ea
651 356 809 399 propter
828 348 953 387 visum
975 356 1033 387 est
1053 349 1195 387 nostris
1216 355 1258 387 ut
1278 347 1384 387 idola
1403 347 1537 387 omnia
1562 347 1598 386 in

209 402 359 441 cineres
386 404 609 453 redigantur
629 416 677 441 eo
697 402 783 452 ipso
805 402 869 441 die
889 402 1090 442 Cinerum.
1148 404 1353 441 Accensae
1373 410 1464 440 sunt
1487 401 1601 452 igitur

209 469 325 506 pyrae
355 470 498 495 novem
530 457 569 494 in
599 470 741 507 campo
770 456 1012 495 Monasterii.
1072 455 1369 503 Tristissimum,
1392 457 1602 503 mehercle,

209 510 487 560 superstitiosis
535 512 814 561 spectaculum.
876 511 938 550 δίε
975 511 1105 548 lzc'z'tlen
1144 512 1228 548 blut
1270 511 1416 548 weinen
1461 512 1598 560 magen.

211 565 261 602 Et
305 566 357 602 ita
398 564 590 603 saevitum
631 572 688 603 est
734 566 771 602 in
820 564 939 604 idola.
997 567 1056 602 Ac
1096 564 1220 602 Missa
1262 563 1468 614 exspiravit
1510 577 1602 614 prae

209 619 356 657 dolore.
414 620 665 658 Duodecima
704 618 904 657 Februarii
942 627 1074 658 autem
1116 617 1338 657 Dioecesiil
1375 631 1466 656 cum
1505 617 1601 668 opti—

211 672 380 711 matibus
433 674 783 712 Senatusconsulta
834 673 1111 723 approbarunt,
1162 680 1200 711 et
1252 671 1449 711 conciliati
1499 679 1600 710 sunt.

211 726 347 765 Hodie
368 726 408 764 in
429 726 590 777 singulis
611 726 726 765 curiis
746 727 877 777 plebei
898 728 1031 765 denno
1052 725 1320 765 obedientiam
1348 725 1602 764 exhibebunt.

211 781 309 818 Mox
328 790 464 819 assunt
484 780 775 831 Tigurinorum,
800 780 1038 828 Bernatium,
1063 780 1455 830 Soloturensiumque
1475 779 1602 830 legati.

210 835 288 873 Sed
310 834 349 872 in
366 843 543 885 tempore
557 843 761 882 venerunt,
774 837 956 874 confecto
971 834 1117 873 scilicet
1133 834 1266 874 divina
1282 847 1357 884 ope
1373 833 1605 885 tempestive

209 890 381 938 negotio.

265 942 399 990 Vides,
424 942 477 980 mi
497 943 622 989 frater,
647 952 688 981 ut
709 956 768 981 res
790 951 945 981 nostrae
966 943 1148 981 habeant.
1209 944 1298 992 Ipse
1320 950 1450 981 tamen
1472 942 1606 981 nescio

209 1009 259 1036 an
285 996 408 1047 magis
435 996 557 1046 quieti
582 997 704 1035 simus
731 997 858 1035 futuri.
919 997 972 1035 Ni
998 998 1121 1045 fallor,
1152 998 1240 1047 plus
1266 997 1410 1035 laboris
1437 997 1605 1047 plusque

211 1063 390 1088 curarum
412 1050 527 1089 nobis
548 1051 752 1089 incumbet
773 1065 892 1101 quam
913 1064 1099 1101 unquam.
1141 1049 1363 1089 Adversarii
1377 1063 1440 1089 me
1455 1051 1604 1089 fontem

211 1103 340 1143 omnis
370 1104 485 1143 huius
515 1105 569 1143 rei
590 1113 744 1143 vocant.
803 1107 901 1144 Sunt
921 1104 1052 1155 aliqui,
1074 1104 1291 1143 abitionem
1317 1112 1522 1155 parantes:
1561 1118 1606 1143 ex

211 1158 356 1208 quibus
378 1166 435 1197 est
457 1159 702 1206 Glareanus,²
724 1160 845 1197 homo
865 1160 915 1198 ad
932 1158 1251 1197 maledicentiam
1272 1165 1311 1197 et
1331 1158 1464 1208 inepta
1484 1171 1607 1197 scom-

212 1220 317 1250 mata
355 1220 480 1251 natus.
557 1213 821 1252 Proficiscitur
860 1227 950 1251 cum
989 1212 1068 1251 suis
1113 1213 1315 1263 discipulis
1360 1211 1603 1262 Friburgum.

212 1266 439 1305 Ludovicus
453 1269 575 1305 Berus
588 1275 679 1306 ante
693 1280 870 1306 mensem
889 1267 980 1305 hinc
999 1266 1107 1305 abiit.
1147 1268 1281 1305 Saluta
1301 1267 1434 1305 fratres
1455 1279 1604 1313 omnes,

212 1320 437 1369 praesertim
463 1320 660 1360 Bucerum
682 1335 727 1359 ac
751 1321 1009 1360 Hedioneni.³
1068 1321 1262 1360 Eusebius
1288 1334 1398 1359 meus
1424 1327 1605 1359 nontam

213 1375 433 1413 valentulus
468 1383 526 1414 est
561 1388 679 1424 quam
711 1376 949 1424 procerulus,
986 1375 1164 1413 catharro
1202 1386 1306 1424 pene
1337 1381 1523 1412 enecatur
1560 1387 1606 1412 ac

212 1427 320 1466 tussi.
382 1428 559 1467 Forsitan
592 1430 789 1467 Dominus
819 1428 928 1466 illum
959 1442 1121 1479 puerum
1152 1429 1284 1467 adhuc
1304 1429 1354 1466 ad
1375 1441 1416 1466 se
1438 1427 1605 1467 vocabit.

212 1482 346 1520 Saluta
367 1489 404 1520 et
426 1495 595 1521 uxorem.

268 1535 444 1574 Basileae
465 1536 603 1586 raptim
632 1549 676 1584 13
700 1535 912 1582 Februarii,
934 1549 1040 1574 anno
1063 1535 1368 1574 Reformationis
1395 1548 1506 1586 1529.

267 1589 329 1640 (2)
358 1591 475 1628 From
495 1604 519 1627 a
541 1592 648 1627 letter
666 1590 711 1638 cgf
720 1591 916 1628 Erasmus
937 1596 970 1627 to
990 1591 1260 1635 Pircklzeimer,
1283 1604 1305 1639 9
1328 1591 1423 1639 May
1438 1601 1608 1639 1529.—

213 1643 395 1681 'l'andem
427 1643 613 1682 vertimus
643 1645 782 1690 solum,
815 1657 860 1682 ex
896 1645 1112 1682 Rauracis⁴
1150 1643 1241 1682 facti
1276 1643 1438 1693 Brisgoi.
1499 1644 1606 1682 Dum

213 1697 437 1745 promiscua
466 1699 527 1736 fex
556 1697 681 1748 plebis
711 1705 859 1736 armata
887 1711 933 1736 ac
957 1697 1156 1748 dispositis
1181 1696 1373 1736 machinis
1393 1705 1608 1736 versaretur

214 1751 252 1788 in
287 1752 381 1798 foro,
416 1765 535 1790 nemo
571 1765 649 1790 non
681 1751 845 1790 timebat
879 1751 964 1798 sibi,
997 1753 1059 1790 cui
1094 1751 1203 1790 domi
1237 1759 1339 1790 esset
1368 1752 1476 1801 quod
1511 1750 1608 1789 nolit

212 1804 346 1853 perire.
406 1805 663 1855 Aliquamdiu
692 1819 752 1844 res
773 1806 979 1844 videbatur
1007 1813 1181 1855 spectare
1209 1806 1261 1843 ad
1287 1818 1406 1843 arma.
1465 1804 1609 1843 Melior

213 1871 300 1906 pars
335 1859 490 1897 favebat
521 1859 787 1898 ecclesiastico
818 1859 988 1908 negotio,
1022 1859 1092 1898 sed
1126 1872 1291 1897 numero
1325 1858 1476 1896 minor:
1515 1871 1606 1896 nam

214 1913 333 1949 altera
368 1914 512 1951 multos
552 1913 725 1951 habebat
755 1913 951 1951 admixtos
985 1921 1148 1960 exteros,
1185 1914 1330 1950 multos
1364 1913 1605 1958 decoctores,

214 1967 359 2003 multos
384 1967 512 2015 palam
542 1968 716 2005 infames.
779 1969 896 2004 Hanc
918 1966 1158 2016 tragoediam
1180 1966 1255 2004 orsi
1277 1973 1367 2004 sunt
1388 1965 1461 2004 sub
1481 1965 1606 2015 ipsam

215 2018 405 2066 brumam,
444 2032 493 2058 ne
531 2020 593 2057 cui
634 2028 859 2070 promptum
900 2028 1002 2059 esset
1040 2022 1100 2058 vel
1140 2021 1272 2070 fugere
1310 2020 1371 2058 vel
1409 2031 1606 2058 accersere

260 2121 264 2137 ¹
291 2130 322 2151 v.
340 2121 360 2152 l.
380 2121 536 2152 Diacosii.

257 2163 268 2180 ²
294 2164 454 2195 Heinrich
486 2165 602 2202 Loriti‚
636 2164 716 2195 born
748 2170 782 2196 at
813 2165 928 2196 Mollis
959 2165 988 2195 in
1022 2165 1155 2203 Clarus,
1186 2165 1281 2206 June,
1315 2167 1414 2206 1488:
1460 2165 1535 2197 died
1571 2170 1605 2196 at

214 2207 373 2248 Freiburg
389 2207 433 2238 im
450 2208 616 2248 Breisgau,
633 2218 667 2238 as
691 2209 852 2248 professor
868 2209 904 2239 os
917 2213 1044 2249 poetry,
1064 2210 1102 2239 28
1121 2208 1237 2240 March
1258 2208 1351 2249 1563.
1398 2208 1516 2240 Others
1531 2208 1606 2239 who

214 2250 271 2282 lest
299 2256 331 2282 at
359 2250 422 2282 this
446 2251 535 2282 crisis
562 2261 644 2282 were
671 2252 835 2290 Erasmus,
859 2262 900 2282 on
928 2261 966 2292 13
993 2252 1101 2292 April.
1150 2253 1204 2283 He
1229 2263 1294 2283 was
1318 2257 1351 2284 at
1375 2251 1533 2293 Freiburg
1555 2251 1606 2283 till

213 2294 308 2333 June,
339 2303 433 2334 1535,
457 2295 520 2325 and
544 2294 620 2325 then
653 2295 800 2326 returned
835 2299 869 2325 to
905 2295 1010 2333 Basel,
1038 2296 1143 2327 where
1166 2295 1208 2326 he
1230 2295 1305 2326 died
1332 2304 1369 2326 12
1394 2295 1481 2335 July,
1511 2293 1605 2335 1536.

215 2336 286 2367 The
304 2337 438 2378 Bishop,
455 2338 565 2378 Philip
588 2348 653 2369 von
678 2337 922 2375 Gundelsheim,
953 2341 1134 2379 1527-†53‚
1162 2338 1280 2370 retired
1300 2343 1334 2370 to
1352 2339 1517 2377 Pruntrut‚
1540 2337 1605 2369 and

215 2380 268 2410 the
286 2380 430 2422 Chapter
447 2386 481 2411 to
500 2382 664 2422 Freiburg.
712 2381 783 2412 The
802 2381 985 2422 University
1001 2382 1071 2412 also
1089 2381 1167 2413 took
1185 2381 1290 2422 flight.

257 2423 269 2439 ³²
294 2424 420 2464 Caspar
443 2424 564 2462 Heclio,
593 2425 819 2465 1493-†1552.
844 2425 1000 2456 Preacher
1025 2426 1055 2456 in
1081 2425 1135 2456 the
1160 2425 1392 2456 Cathedral-at
1415 2424 1604 2465 Strassburg

210 2466 294 2497 from
318 2475 409 2506 ¹523·
581 2467 593 2487 ⁴
616 2468 647 2498 A
665 2468 794 2508 portion
813 2468 849 2498 os
861 2467 914 2499 the
931 2468 1086 2508 Sundgau
1102 2468 1167 2499 and
1183 2468 1220 2499 of
1232 2468 1285 2499 the
1302 2468 1430 2500 Canton
1447 2467 1484 2498 of
1496 2467 1602 2499 Basel.
