1715 2780
120 135 142 168 6
253 132 371 168 THE
413 129 789 168 INDULGENCE
830 128 892 165 AS
932 127 1007 163 AN
1048 124 1377 163 EXPEDIENT
1488 131 1511 167 3

120 235 305 275 fabricam
351 233 578 272 huiusmodi
616 231 766 281 absque
810 229 882 280 piis
923 237 961 268 et
1004 227 1117 278 largis
1161 226 1336 266 fidelium
1380 238 1512 275 eroga-

119 290 293 329 tionibus
320 289 372 327 ad
398 289 517 326 finem
547 292 726 337 optatum
761 282 922 334 perduci
954 295 1035 321 non
1063 294 1195 332 posse,
1223 293 1291 331 per
1320 280 1511 330 quasdam

119 343 246 395 primo
287 342 476 381 universis
519 338 850 380 Christifidelibus
898 338 1101 386 utriusque
1139 347 1268 383 sexus,
1304 333 1372 385 qui
1415 332 1515 371 infra

120 411 267 436 annum
292 410 314 435 a
343 395 408 435 die
434 393 712 446 publicationis
740 393 954 431 earundem
980 390 1307 440 computandum,
1332 387 1374 426 in
1397 400 1515 438 capsa

120 454 171 491 ad
201 451 241 490 id
271 451 310 489 in
338 450 443 489 dicta
475 449 643 487 Basilica
671 447 904 486 collocanda
933 458 1002 496 per
1034 444 1184 495 seipsos
1213 442 1424 489 mitterent,
1454 441 1515 479 vel

122 520 189 556 per
217 505 314 544 alios
344 503 445 542 mitti
479 512 517 542 et
550 502 645 553 poni
672 503 855 547 facerent,
886 507 1039 538 tanturn
1064 504 1257 549 quantum
1286 509 1422 536 eorum
1452 493 1517 545 pia

122 559 281 600 devotio
312 560 367 597 eis
398 559 561 596 dictaret
595 556 634 594 in
669 555 837 606 pecunia
866 560 1071 592 numerata
1100 559 1167 590 aut
1198 551 1315 590 rebus
1348 549 1432 588 aliis
1464 549 1516 588 ad

123 627 222 666 opus
270 613 398 663 ipsum
444 609 733 656 convertendis,
773 609 833 647 vel
881 608 983 646 circa
1028 619 1128 657 opus
1173 618 1215 644 se
1261 601 1517 656 personaliter

124 675 346 707 exercerent
378 697 384 703 .
418 696 425 703 .
458 696 464 703 .

176 722 251 771 §3.
282 722 339 759 Ut
373 720 561 758 idoneum
604 725 765 768 possent
799 716 940 766 eligere
979 716 1260 761 confessorem,
1299 711 1366 763 qui
1399 724 1467 751 eos
1495 724 1519 749 a

124 775 237 815 certis
268 783 362 813 tunc
394 772 583 823 expressis
613 772 769 810 casibus
803 771 1006 809 absolvere
1038 776 1076 807 et
1110 781 1226 818 super
1256 765 1370 806 certis
1399 765 1518 806 etiam

124 838 218 868 tunc
238 828 427 879 expressis
449 828 488 865 in
509 828 594 865 foro
614 826 880 865 conscientiae
900 825 1103 862 dumtaxat
1127 822 1353 872 dispensare
1373 826 1517 871 posset,

125 883 392 923 concessimus
413 882 637 920 facultatem
669 911 676 918 .
710 910 717 917 .
749 909 757 917 .

180 940 253 987 §6
287 938 371 975 Nos
417 935 620 985 cupientes
666 941 781 983 prout
819 931 934 970 nobis
976 938 1014 970 et
1054 931 1154 969 inter
1196 936 1349 968 caetera
1387 935 1520 967 nostra

125 990 399 1031 desiderabilia
415 990 524 1028 cordi
545 995 602 1027 est
618 987 841 1038 praedictae
864 985 1053 1024 Basilicae
1065 983 1253 1023 fabricam
1273 984 1325 1022 ad
1344 981 1519 1021 debitam

126 1047 407 1097 perfectionem
435 1042 589 1088 deduci,
612 1050 649 1080 et
674 1042 724 1080 de
749 1039 949 1083 fidelitate,
981 1038 1183 1088 diligentia
1207 1045 1245 1076 et
1271 1034 1522 1075 solicitudine

128 1102 166 1138 in
206 1097 428 1150 praemissis
468 1096 601 1136 dilecti
636 1095 701 1133 filii
740 1094 937 1133 Francisci
973 1094 1069 1132 Zeni
1109 1093 1160 1131 de
1197 1090 1441 1138 Mediolano,
1481 1089 1519 1128 d.

128 1153 288 1194 Ordinis
334 1154 491 1190 fratrum
540 1149 741 1188 Minorum
788 1149 838 1187 de
892 1145 1153 1186 Observantia
1205 1151 1520 1194 nuncupatorum

128 1206 356 1258 professoris
378 1213 415 1244 et
436 1203 724 1255 provinciarum
755 1202 1128 1240 citramontanarum
1153 1199 1247 1239 dicti
1269 1197 1428 1238 Ordinis
1451 1227 1458 1235 .
1481 1227 1489 1235 .
1513 1227 1519 1234 .

129 1262 273 1300 Vicarii
311 1259 511 1311 generalis,
540 1289 547 1297 .
581 1289 587 1295 .
621 1288 628 1296 .
660 1257 872 1307 plurimum
903 1256 1150 1294 confidentes
1180 1253 1309 1304 ipsum
1338 1252 1377 1290 in
1408 1250 1523 1290 dictis

131 1315 339 1366 provinciis
376 1322 413 1352 et
447 1312 604 1351 insulis¹
637 1309 970 1361 indulgentiarum
1003 1307 1231 1347 huiusmodi
1269 1314 1445 1346 nostrum
1485 1312 1523 1343 et

132 1369 384 1421 Apostolicae
422 1367 534 1406 Sedis
575 1367 778 1404 Nuncium
816 1372 855 1404 et
895 1363 1221 1404 Commissarium
1257 1391 1264 1399 .
1301 1391 1307 1399 .
1338 1391 1346 1399 .
1388 1368 1524 1399 tenore

132 1422 395 1474 praesentium
427 1421 601 1467 facimus,
634 1418 912 1458 constituimus
942 1426 980 1456 et
1008 1418 1247 1468 deputamus
1278 1420 1303 1453 .’
1359 1445 1366 1452 .

185 1479 257 1526 §7.
302 1479 352 1514 Et
398 1475 653 1513 nihilominus
706 1472 894 1511 universis
943 1470 1276 1511 christifidelibus
1324 1469 1524 1518 utriusque

133 1545 256 1577 sexus,
289 1538 367 1568 tam
399 1529 662 1568 saecularibus
693 1540 811 1577 quam
841 1525 1081 1576 regularibus
1112 1523 1308 1564 Ordinum
1343 1534 1526 1572 quorum-

133 1598 304 1634 cumque
341 1583 629 1634 provinciarum
670 1589 707 1620 et
741 1580 955 1619 insularum
995 1577 1282 1629 praedictarum
1316 1577 1383 1626 qui
1421 1575 1525 1614 iuxta

135 1639 310 1677 eiusdem
342 1636 539 1675 Francisci
570 1635 665 1674 Zeni
698 1633 967 1674 Commissarii
1001 1640 1039 1671 et
1075 1630 1221 1671 Nuncii
1254 1638 1321 1669 aut
1349 1629 1525 1680 deputati

135 1707 202 1731 seu
241 1690 495 1741 subdelegati,
541 1698 608 1728 aut
646 1689 964 1738 deputandorum
1013 1699 1081 1725 seu
1129 1684 1525 1734 subdekgandorum,

135 1748 184 1785 ad
224 1747 440 1784 eorundem
474 1744 678 1794 providam
713 1741 1018 1781 ordinationemv
1038 1753 1154 1790 super
1191 1739 1267 1776 hoc
1306 1736 1525 1776 faciendam

137 1801 173 1839 in
206 1799 332 1850 capsis
361 1800 411 1837 ad
441 1800 517 1837 hoc
547 1797 586 1835 in
621 1796 841 1835 subsidium
872 1794 1000 1834 dictae
1030 1793 1228 1832 fabricae.
1253 1822 1260 1830 .
1285 1822 1293 1829 .
1315 1790 1398 1841 pias
1428 1792 1527 1829 elee-

138 1866 320 1904 mosynas
355 1853 609 1891 effectualiter
638 1851 850 1900 posuerint,
884 1847 1152 1899 plenissimam
1183 1846 1362 1885 omnium
1392 1856 1527 1894 pecca-

138 1916 266 1947 torum
297 1919 456 1945 suorum
488 1905 755 1944 remissionem
777 1910 1080 1952 consequantur.

193 1963 267 2010 §8.
300 1962 349 1998 Et
385 1959 449 2009 qui
481 1972 569 1997 cum
601 1958 774 2008 praefato
804 1955 1097 2001 Commissario,
1129 1968 1198 1993 seu
1232 1951 1460 2003 delegandis
1492 1960 1529 1990 et

140 2013 443 2064 subdelegandis
491 2011 697 2063 praedictis
748 2009 1012 2056 convenerint,
1063 2017 1105 2046 ut
1148 2007 1338 2047 idoneum
1379 2005 1531 2057 possint

139 2069 280 2119 eligere
327 2068 589 2106 confessorem
623 2096 629 2103 .
663 2095 669 2103 .
701 2095 708 2103 .
741 2066 806 2114 qui
851 2077 986 2102 eorum
1033 2061 1281 2100 confessione
1327 2059 1532 2110 diligenter

140 2122 284 2168 audita,
325 2134 395 2171 pro
434 2118 654 2159 commissis
693 2131 760 2168 per
798 2117 1007 2167 eligentem
1046 2114 1198 2154 delictis
1236 2122 1274 2153 et
1307 2112 1531 2152 excessibus

140 2190 186 2215 ac
215 2177 385 2226 peccatis
415 2172 668 2224 quibuslibet,
696 2178 1061 2222 quantumcumque
1091 2168 1272 2219 gravibus
1300 2175 1339 2206 et
1367 2165 1533 2206 enormi-

142 2231 216 2269 bus
255 2229 372 2268 etiam
416 2227 509 2266 Sedi
552 2225 805 2276 Apostolicae
853 2223 1053 2262 reservatis
1095 2221 1251 2260 casibus
1285 2251 1293 2259 .
1323 2250 1331 2258 .
1364 2251 1372 2259 .
1411 2227 1450 2259 et
1491 2219 1532 2257 in

143 2297 223 2322 non
261 2281 462 2321 reservatis
503 2280 668 2326 casibus,
709 2278 852 2316 totiens
891 2276 1073 2326 quotiens
1111 2275 1151 2314 id
1193 2273 1385 2325 petierint,
1420 2281 1458 2312 et
1491 2273 1533 2310 in

144 2336 278 2376 mortis
308 2335 482 2381 articulo,
515 2333 727 2384 plenariam
756 2331 933 2370 omnium
966 2337 1217 2380 peccatorum
1248 2326 1531 2377 indulgentiam

143 2401 181 2430 et
219 2390 489 2429 remissionem
525 2388 752 2438 impendere
782 2399 826 2423 ac
857 2383 1137 2434 poenitentiam
1171 2383 1377 2420 salutarem
1409 2380 1532 2419 iniun-

192 2479 198 2498 ¹
227 2478 280 2510 Cf.
309 2481 323 2516 ξ
350 2489 382 2519 4,
408 2476 502 2518 Italy,
530 2475 582 2507 the
607 2474 727 2506 islands
752 2474 787 2504 of
807 2472 860 2504 the
887 2471 1157 2508 Mediterrancan,
1186 2467 1361 2502 Dalmatia,
1387 2467 1532 2505 Croatia,

148 2524 277 2561 llosnia.
300 2522 470 2561 Hungary,
490 2519 632 2555 Austritt.
652 2517 820 2549 Rohemia.
839 2515 902 2546 and
919 2514 1056 2545 Poland.
