1715 2780
186 92 261 128 304
751 82 786 117 A
816 81 1008 119 TRUCE
1505 91 1576 129 125

184 195 416 221 communes
456 184 586 222 Status
624 182 783 232 Imperii
806 183 945 220 iterum
977 183 1028 220 ad
1061 183 1192 220 locum
1224 184 1481 222 commodum
1513 197 1576 222 vo-

184 244 322 275 centur
351 245 388 275 et
417 236 725 283 conscribantur,
757 237 808 274 ad
848 235 1148 275 deliberandum
1181 236 1278 285 quid
1307 236 1346 274 in
1376 244 1575 287 posterum

184 298 268 328 tum
303 292 353 330 de
388 290 571 330 Concilio
600 298 683 328 tum
714 291 764 328 de
793 290 877 328 aliis
907 290 1024 328 rebus
1053 289 1282 328 necessariis
1311 292 1508 341 agendum
1539 300 1576 330 et

183 346 436 384 statuendum
458 345 516 383 sit.

238 400 304 437 Ad
333 400 430 437 haec
461 400 654 438 Caesarea
683 398 883 445 Maiestas,
906 405 949 436 ut
977 397 1064 436 talis
1093 411 1168 448 pax
1188 397 1347 448 publica
1366 411 1415 437 eo
1435 399 1577 438 certius

184 460 222 491 et
261 453 439 492 stabilius
477 451 697 491 conservari
729 459 874 502 posset,
905 451 1076 502 benigne
1105 453 1305 491 consensit
1333 460 1372 491 et
1400 453 1578 503 promisit

184 508 292 557 quod
322 520 461 545 omnes
494 519 699 556 processus
731 505 932 545 iudiciales
962 505 1002 544 in
1031 505 1158 544 causis
1187 505 1383 556 religionis
1413 506 1478 557 qui
1510 520 1578 557 per

184 560 304 610 ipsius
336 560 554 599 Maiestatis
584 561 757 598 fiscalem
788 568 826 598 et
854 559 952 598 alios
982 567 1118 598 contra
1139 561 1362 599 Electorem
1384 561 1578 599 Saxoniae

184 623 222 653 et
251 614 334 653 eius
364 614 598 653 coniunctos
628 613 803 652 inchoati
832 621 963 652 essent
991 621 1059 652 aut
1078 613 1266 664 deinceps
1286 614 1575 661 inchoarentur,

184 668 361 706 inhibere
389 668 577 718 abrogare
606 676 644 706 et
674 669 914 717 suspendere
939 667 1042 715 velit,
1064 680 1190 718 usque
1209 668 1261 706 ad
1281 669 1454 707 futurum
1477 669 1579 708 Con-

184 722 329 770 cilium,
351 724 412 761 vel
442 722 474 760 si
504 724 580 760 hoc
610 734 691 760 non
720 723 918 772 procedat,
945 734 1071 772 usque
1098 723 1150 760 ad
1178 721 1401 760 ulteriorem
1432 722 1579 761 delibe-

184 775 375 815 rationem
419 776 707 826 praedictorum
751 777 931 815 Statuum
971 775 1155 825 Imperii:
1204 788 1372 826 quorum
1414 777 1576 826 quidem

184 831 363 868 omnium
393 829 514 880 ipsius
545 830 733 868 Maiestas
763 829 987 868 cautionem
1017 830 1067 868 ad
1098 843 1238 868 manus
1272 837 1425 868 nostras
1459 837 1578 868 trans-

184 885 338 923 mittere
358 897 404 922 ac
424 885 577 922 tradere
597 883 698 922 velit.

239 938 422 976 Vicissim
470 951 562 976 vero
608 938 739 988 agnati
787 945 825 976 et
872 937 1156 988 consanguinei
1203 937 1336 986 nostri,
1387 937 1578 977 Saxoniae

186 992 355 1039 Elector,
387 993 521 1030 Duces
557 991 885 1042 Luneburgenses
919 999 957 1030 et
990 991 1054 1030 alii
1089 1004 1224 1030 eorum
1259 990 1461 1030 coniuncti
1493 1005 1579 1042 pro-

185 1046 373 1084 miserunt
403 1059 443 1084 se
473 1058 633 1095 quoque
662 1046 765 1083 hanc
794 1045 993 1095 publicam
1017 1044 1333 1095 pacificationem
1354 1052 1579 1084 constanter

184 1108 222 1138 et
243 1100 348 1138 bona
370 1100 447 1138 fide
468 1107 685 1138 servaturos
706 1112 836 1149 neque
857 1101 897 1137 in
918 1099 1032 1137 huius
1053 1098 1337 1150 praeiudicium
1365 1100 1577 1149 quicquam

185 1161 436 1204 suscepturos
457 1166 566 1201 esse3
601 1154 790 1204 quodque
811 1154 1028 1193 Caesareae
1049 1152 1249 1191 Maiestati
1273 1152 1448 1192 debitam
1475 1166 1580 1192 reve—

186 1208 350 1246 rentiam
380 1215 419 1246 et
448 1207 716 1246 obedientiam
747 1215 952 1257 praestare,
976 1214 1014 1246 et
1043 1206 1346 1246 convenientem
1376 1219 1493 1257 opem
1532 1220 1578 1245 ac

183 1261 370 1299 auxilium
413 1269 548 1300 contra
586 1263 771 1309 Turcam,
812 1261 912 1299 sicut
950 1262 1027 1299 hoc
1066 1274 1134 1311 per
1172 1273 1404 1299 communes
1447 1260 1578 1299 Status

186 1315 346 1364 Imperii
375 1316 577 1354 decretum
608 1323 676 1361 est,
709 1328 789 1353 non
822 1314 1009 1365 gravatim
1044 1315 1220 1353 conferre
1253 1314 1385 1361 velint,
1422 1327 1578 1364 prorsus

184 1370 235 1408 ad
265 1382 355 1407 eum
386 1370 550 1407 modum
581 1370 920 1418 quemadmodum
950 1370 1000 1407 de
1030 1368 1089 1406 his
1118 1368 1303 1406 omnibus
1327 1368 1367 1406 in
1392 1381 1463 1407 suo
1483 1381 1578 1418 quo-

185 1424 277 1462 dam
312 1436 501 1473 responso
533 1424 642 1472 quod
673 1422 786 1461 nobis
818 1423 1006 1472 scriptum
1045 1421 1156 1460 reddi
1194 1429 1436 1469 curaverunt,
1477 1423 1579 1461 clare

184 1489 410 1526 expressum
431 1484 500 1515 est.
524 1506 532 1515 .
557 1506 563 1513 .
584 1506 591 1514 .

240 1528 364 1582 [Here
371 1531 511 1579 follow
533 1532 591 1568 tlte
609 1531 824 1579 signatur&
844 1529 891 1578 of
905 1531 964 1568 tlte
985 1530 1294 1579 rqsresentatives
1312 1528 1358 1578 of
1372 1530 1433 1567 llze
1453 1530 1579 1567 above-

185 1586 324 1621 named
342 1598 364 1633 9
377 1586 530 1634 princes
549 1586 631 1622 and
650 1598 698 1631 24
717 1582 846 1635 cities]

241 1638 354 1686 Quae
400 1640 515 1676 datae
561 1646 651 1676 sunt
691 1638 976 1687 Norinbergae,
1014 1636 1107 1676 feria
1146 1636 1258 1676 tertia
1297 1643 1386 1687 post
1426 1636 1578 1676 Mariae

187 1693 449 1741 Magdalenae
470 1693 625 1739 festum,
649 1704 732 1730 ΑΛ).
759 1703 963 1729 MDxxxn.

775 1856 977 1893 XXXVII

233 1943 352 1980 THE
386 1942 709 1980 EXTENSION
740 1942 811 1981 OF
840 1941 1324 1987 PROTESTANTISM,
1351 1951 1528 1990 1532—41

233 2029 293 2063 On
323 2028 384 2063 the
414 2034 546 2062 retreat
581 2028 619 2061 of
647 2028 710 2061 the
741 2028 843 2062 Turk
874 2027 1033 2071 (Ranke,
1067 2028 1145 2073 qu.
1181 2027 1265 2071 693)
1299 2027 1362 2062 the
1397 2027 1578 2073 Emperor

185 2076 247 2111 lest
275 2076 463 2118 Germany
481 2075 556 2108 and
582 2085 656 2108 was
682 2075 813 2109 absent
839 2074 894 2107 for
918 2074 1005 2108 nine
1031 2085 1150 2118 years,
1170 2075 1270 2119 Sept.
1294 2082 1464 2117 1532-41.
1516 2075 1576 2108 He

186 2123 259 2164 left,
279 2122 314 2156 in
333 2128 425 2166 part,
446 2128 482 2155 to
500 2120 669 2165 expedite
689 2122 751 2155 the
771 2121 924 2155 Council
943 2121 1028 2155 with
1046 2121 1108 2155 the
1127 2122 1238 2165 Pope.
1290 2122 1361 2155 But
1380 2121 1443 2155 the
1465 2121 1576 2155 Court

187 2170 228 2204 of
242 2170 362 2202 Rome
380 2168 455 2202 had
474 2168 519 2202 its
538 2179 618 2201 own
633 2178 784 2201 reasons
803 2167 857 2201 for
875 2167 983 2211 delay
999 2178 1007 2210 ;
1026 2168 1099 2202 and
1113 2168 1280 2202 Clement
1292 2167 1366 2200 VII
1382 2168 1577 2211 managed,

187 2216 265 2250 first
284 2216 333 2259 by
352 2214 671 2260 procrastination,
690 2223 736 2247 20
759 2215 852 2248 Dec.
875 2222 962 2257 1532
984 2214 1084 2256 (ibid.
1102 2214 1201 2257 697),
1219 2213 1294 2248 and
1311 2213 1401 2247 then
1418 2213 1576 2257 through

185 2265 248 2297 the
266 2262 433 2304 alliance,
452 2270 495 2304 27
516 2262 600 2296 Oct.
623 2268 724 2304 1533,
743 2260 781 2294 of
805 2260 863 2294 his
889 2261 1002 2303 niece,
1024 2260 1224 2295 Catherine
1247 2260 1294 2294 de
1319 2259 1472 2303 Medici,
1491 2259 1577 2294 with

190 2309 320 2342 Prince
340 2309 470 2352 Henry
487 2307 526 2342 of
542 2307 711 2349 Orleans,
732 2317 796 2340 son
815 2306 856 2340 of
879 2307 1032 2341 Francis
1053 2308 1066 2340 Ι
1090 2307 1285 2350 (Durnont,
1307 2306 1424 2351 Corps
1440 2307 1577 2350 Dz'plo—

187 2358 362 2399 malique,
380 2355 442 2388 IV.
457 2354 492 2389 ii.
508 2363 569 2389 101
587 2353 696 2398 sqq.),
708 2360 745 2388 to
759 2353 867 2387 resist
879 2354 940 2388 the
955 2353 1120 2398 imperial
1134 2363 1304 2398 pressure
1318 2353 1372 2388 till
1384 2352 1441 2387 his
1453 2352 1578 2395 death,

189 2410 230 2445 25
253 2403 352 2445 Sept.
376 2409 475 2445 1534.
527 2402 617 2435 Paul
641 2402 710 2443 III,
728 2401 923 2443 1534—†49,
940 2399 998 2434 his
1016 2411 1217 2442 successor,
1232 2411 1306 2434 was
1324 2400 1444 2435 better
1457 2410 1578 2434 aware

189 2449 230 2482 of
251 2448 313 2482 the
342 2449 436 2482 need
461 2447 501 2481 of
522 2448 668 2487 reform,
694 2447 833 2490 though
854 2447 901 2481 he
928 2458 1002 2480 was
1029 2453 1092 2481 not
1118 2446 1294 2491 disposed
1320 2453 1357 2481 to
1385 2446 1490 2489 forgo
1516 2446 1578 2481 the
