1715 2780
192 118 267 162 644
361 117 479 155 THE
513 117 836 156 DISCIPLINE
870 118 929 156 IN
960 117 1419 167 GENEVA‚1542—64
1513 129 1584 168 314

191 228 313 258 exeat.
374 221 526 258 Electio
555 220 630 258 Dei
654 221 830 270 gratuita,
854 233 933 271 qua·
958 220 1031 259 sibi
1060 233 1105 258 ex
1133 220 1287 270 perdito
1317 222 1584 272 damnatoque

191 276 398 312 hominum
419 287 562 325 genere
583 287 682 324 quos
703 274 829 313 visum
855 282 913 313 est
943 275 1116 324 adoptat,
1141 275 1332 314 hactenus
1352 288 1433 313 non
1454 275 1584 315 minus

190 336 411 367 reverenter
432 336 470 367 et
497 328 636 376 sobrie,
660 342 779 379 quam
808 330 958 367 sincere
987 336 1025 367 et
1051 328 1202 379 absque
1232 329 1322 368 fuco
1352 329 1416 368 hic
1445 331 1585 369 tradita

189 396 211 420 a
233 382 347 422 nobis
369 391 408 421 et
428 382 582 433 placide
603 396 625 420 a
649 384 798 433 populo
820 390 977 433 recepta
998 384 1123 421 suerat
1145 398 1151 420 :
1181 384 1311 422 donec
1339 383 1585 423 circumfora-

191 450 310 475 neum
327 437 526 475 erronem¹
542 450 667 487 nuper
683 436 890 487 supposuit
906 437 1107 475 turbarum
1125 438 1303 475 omnium
1324 446 1432 488 pater
1452 439 1582 486 Satan,

190 490 257 541 qui
279 498 317 529 et
338 490 559 529 doctrinam
581 498 767 539 nostram,
789 504 889 541 quae
910 504 956 529 ex
976 504 1075 541 puro
1097 490 1173 529 Dei
1194 491 1314 531 verbo
1335 500 1492 542 sumpta
1512 501 1580 540 est,

190 546 411 583 convellere
433 553 470 583 et
493 546 612 583 fidem
644 545 764 584 totius
788 544 924 595 populi
949 544 1184 584 labefactare
1206 553 1384 584 tentaret.
1408 575 1415 584 .
1440 576 1448 585 .
1471 577 1478 584 .
1504 548 1585 586 Ista

188 606 332 645 autem,
357 611 475 649 quam
497 599 571 637 sub
588 606 716 637 vestro
737 598 898 637 nomine
919 598 991 649 piis
1013 598 1199 638 omnibus
1220 599 1431 648 offerimus,
1453 601 1584 639 defen-

190 652 259 698 sio,
296 662 373 690 tam
413 654 484 691 erit
521 653 573 691 ad
605 654 800 692 curandos
836 652 1044 699 sanabiles,
1081 660 1123 691 ut
1167 653 1329 703 quidem
1368 666 1582 704 speramus,

188 706 362 745 validum
393 707 609 757 efficaxque
638 706 869 753 remedium,
893 719 1012 757 quam
1042 707 1198 746 salubre
1226 709 1449 746 antidotum
1480 708 1584 747 sanis

190 768 228 798 et
248 760 418 810 integris.
479 762 538 799 Ac
569 760 688 810 digna
708 769 766 800 est
795 760 965 808 materia,
989 762 1039 800 ad
1067 774 1185 811 quam
1213 761 1343 800 studia
1367 774 1437 801 sua
1460 761 1584 801 inten-

189 815 285 853 dant
314 813 382 853 filii
410 814 497 861 Dei,
526 827 576 853 ne
607 815 788 854 coelestis
819 828 912 854 suae
941 814 1143 865 geniturae
1173 814 1363 865 originem
1393 817 1582 866 ignorent.

189 869 314 906 Stulte
336 868 441 906 enim
470 868 643 919 quidam,
668 868 760 919 quia
787 870 1045 919 Evangelium
1067 871 1245 919 potentia
1267 869 1344 908 Dei
1364 878 1525 909 vocatur
1544 870 1584 909 in

189 923 355 961 salutem
377 922 484 960 omni
502 922 689 970 credenti,
708 924 783 962 hoc
800 931 1001 973 praetextu
1018 922 1092 962 Dei
1109 924 1343 962 electionem
1362 923 1581 963 obliterant.

189 976 311 1026 Atqui
346 976 478 1015 venire
519 976 591 1015 illis
627 976 663 1014 in
701 985 875 1015 mentem
915 977 1116 1024 debuerat,
1153 978 1260 1016 unde
1294 978 1437 1016 oriatur
1473 979 1582 1017 fides.

190 1030 340 1068 Passim
379 1038 511 1069 autem
552 1030 740 1081 scriptura
778 1032 920 1069 clamat
966 1033 1097 1069 Deum
1133 1031 1233 1070 Filio
1272 1045 1344 1070 suo
1383 1033 1475 1070 dare
1517 1032 1584 1083 qui

189 1084 247 1123 sui
278 1092 398 1131 erant,
423 1098 561 1122 vocare
589 1098 689 1134 quos
717 1084 844 1135 elegit,
867 1094 903 1123 et
934 1099 1033 1135 quos
1065 1085 1137 1124 sibi
1168 1084 1370 1135 adoptavit
1399 1085 1439 1124 in
1471 1085 1582 1134 filios,

189 1137 332 1188 Spiritu
366 1152 437 1177 suo
469 1138 668 1188 regignere
689 1154 694 1176 :
736 1140 895 1177 credere
934 1139 1107 1189 denique
1146 1139 1327 1178 homines
1367 1153 1466 1189 quos
1501 1141 1584 1190 ipse

190 1193 293 1230 intus
318 1192 453 1230 docuit
483 1201 520 1230 et
551 1193 695 1242 quibus
726 1194 964 1243 patefactum
995 1201 1052 1232 est
1079 1193 1162 1232 eius
1186 1193 1403 1232 brachium.
1464 1196 1584 1233 Porro

188 1246 365 1296 quisquis
383 1247 500 1285 fidem
517 1260 640 1284 arram
657 1260 742 1285 esse
764 1255 801 1285 et
819 1247 958 1297 pignus
974 1247 1124 1286 tenebit
1139 1247 1365 1298 adoptionis
1380 1247 1581 1298 gratuitae,

188 1313 234 1337 ex
253 1308 415 1338 aeterno
435 1300 591 1339 divinae
612 1301 816 1340 electionis
838 1303 945 1339 fonte
969 1315 1125 1339 manare
1147 1301 1340 1340 fatebitur.
1373 1332 1380 1339 .
1405 1332 1412 1340 .
1436 1332 1443 1339 .
1475 1303 1512 1340 N
1517 1315 1583 1341 on-

189 1355 283 1392 dum
318 1355 355 1391 in
395 1362 506 1393 utero
545 1362 761 1404 conceptos
801 1357 917 1405 elegit
940 1363 980 1393 ut
1020 1356 1156 1394 fideles
1196 1368 1384 1395 essemus.
1446 1355 1583 1395 Fuisse

187 1416 318 1445 autem
342 1409 417 1446 hoc
439 1408 592 1458 impuro
614 1409 803 1447 nebuloni
826 1409 1081 1469 propositum,
1105 1416 1146 1448 ut
1162 1422 1242 1448 non
1260 1407 1381 1448 niodo
1403 1409 1582 1448 notitiam

187 1461 391 1500 electionis
407 1463 554 1500 deleret
576 1476 621 1500 ex
639 1462 844 1501 hominum
862 1462 1014 1509 animis,
1032 1464 1102 1501 sed
1124 1463 1206 1502 eius
1228 1476 1386 1513 quoque
1400 1463 1582 1502 virtutem

187 1528 345 1565 prorsus
367 1523 567 1563 everte1·‚et
592 1530 638 1554 ex
664 1516 746 1555 eius
769 1516 913 1555 delitiis
935 1530 1036 1566 quae
1057 1516 1097 1554 in
1121 1519 1217 1555 actis
1240 1517 1406 1566 publicis
1429 1518 1582 1557 habetis

188 1569 270 1608 eius
292 1583 411 1608 manu
434 1571 576 1620 scripta
597 1571 741 1609 diserte
763 1571 908 1620 liquet:
939 1570 1006 1609 ubi
1027 1570 1164 1609 asserit
1181 1572 1301 1609 fidem
1317 1571 1367 1609 ab
1389 1572 1583 1611 electione

187 1636 266 1662 non
287 1624 473 1684 pendere,
492 1623 586 1673 quin
608 1624 738 1675 potius
759 1624 994 1663 electionem
1016 1637 1101 1663 esse
1123 1624 1161 1663 in
1184 1625 1261 1663 fide
1283 1624 1423 1664 sitam:
1453 1626 1582 1664 nullos

188 1678 227 1715 in
249 1678 438 1716 caecitate
460 1691 619 1716 manere
646 1679 698 1716 ob
730 1678 941 1728 ingenitam
974 1686 1135 1717 naturae
1164 1678 1467 1728 corruptionem,
1490 1679 1583 1729 quia

187 1732 258 1769 rite
280 1744 418 1770 omnes
441 1733 711 1771 illuminentur
733 1746 756 1770 a
778 1734 888 1770 Deo:
920 1746 992 1771 nos
1016 1734 1105 1771 Deo
1129 1734 1256 1771 facere
1277 1732 1468 1779 iniuriam,
1490 1733 1582 1783 quia

186 1784 314 1824 deseri
335 1785 538 1832 tradimus,
561 1799 659 1835 quos
690 1787 854 1836 Spiritus
882 1786 941 1825 sui
968 1786 1254 1825 illuminatione
1275 1799 1358 1825 non
1378 1786 1581 1837 dignatur:

187 1838 286 1876 trahi
315 1839 547 1889 generaliter
577 1848 614 1878 et
642 1853 688 1877 ex
712 1853 841 1889 aequo
871 1853 1009 1879 omnes
1039 1840 1231 1887 homines,
1265 1853 1338 1879 nec
1370 1840 1581 1879 discrimen

187 1892 259 1931 nisi
281 1905 302 1930 a
325 1895 575 1931 contumacia
596 1893 767 1943 incipere
785 1909 791 1932 :
814 1907 935 1943 quum
955 1896 1064 1933 Deus
1086 1907 1128 1933 se
1149 1907 1195 1932 ex
1215 1895 1379 1944 lapideis
1396 1894 1580 1933 cordibus

186 1959 327 1984 carnea
354 1947 546 1985 facturum
569 1947 771 1997 promittit,
794 1947 890 1985 nihil
911 1948 1017 1986 aliud
1043 1947 1205 1998 intelligi
1231 1961 1350 1998 quam
1375 1955 1417 1986 ut
1436 1947 1580 1998 gratiae

188 1998 263 2037 Dei
278 1999 400 2038 simus
414 2013 591 2050 capaces,
615 2001 735 2050 idque
757 2001 979 2051 promiscue
999 2002 1049 2040 ad
1070 2009 1197 2040 totum
1217 2014 1340 2052 genus
1362 2003 1579 2040 humanum

187 2053 358 2099 extendi,
395 2066 516 2102 quum
549 2056 743 2103 singulare
774 2056 963 2093 ecclesiae
994 2055 1237 2106 privilegium
1268 2068 1354 2094 esse
1384 2055 1581 2105 Scriptura

186 2106 359 2145 dilucide
375 2107 551 2145 affirmet.
603 2108 807 2155 Quantum
829 2110 878 2147 ad
898 2110 972 2147 Dei
994 2110 1291 2160 providentiam,
1310 2122 1388 2159 qua
1408 2110 1579 2148 mundus

186 2160 329 2210 regitur
349 2176 355 2198 :
386 2160 487 2199 inter
512 2160 597 2211 pios
625 2174 764 2200 ornnes
791 2162 908 2200 fixum
931 2164 1006 2201 hoc
1028 2170 1065 2200 et
1086 2163 1311 2201 confessum
1336 2175 1423 2202 esse
1447 2163 1578 2210 debet,

188 2227 268 2252 non
289 2227 376 2253 esse
397 2227 465 2253 cur
486 2214 564 2253 suis
582 2214 753 2264 peccatis
771 2215 921 2253 socium
945 2217 1125 2254 homines
1144 2217 1273 2254 Deum
1296 2215 1503 2263 ascribant,
1518 2217 1579 2255 vel

187 2269 267 2306 ullo
285 2269 405 2306 modo
422 2281 556 2307 secum
572 2268 772 2307 involvant
792 2270 842 2307 ad
857 2276 1006 2318 partem
1021 2271 1160 2319 culpae
1177 2269 1449 2309 sustinendam
1467 2284 1474 2308 ε
1509 2271 1579 2309 sed

186 2334 308 2371 quum
331 2322 529 2372 Scriptura
558 2323 698 2360 doceat
726 2322 913 2372 reprobos
938 2336 1098 2372 quoque
1118 2322 1196 2361 irae
1219 2323 1295 2361 Dei
1315 2336 1401 2362 esse
1422 2336 1576 2374 organa,

186 2374 330 2424 quibus
352 2375 490 2424 partim
514 2376 650 2414 fideles
672 2389 763 2414 suos
785 2375 936 2414 erudiat
956 2377 1006 2414 ad
1036 2375 1277 2426 patientiam,
1300 2378 1439 2427 partim
1461 2377 1579 2415 hosti-

186 2428 259 2465 bus
291 2441 438 2477 poenas
470 2428 627 2478 infligat,
659 2430 794 2478 quales
825 2436 1033 2476 merentur,
1065 2430 1251 2479 profanus
1283 2438 1447 2479 nugator
1481 2430 1575 2468 nihil

775 2491 783 2510 ¹
809 2493 934 2525 Bolsec.

1684 2515 1696 2534 ΞΑ
1695 2483 1696 2486 Α
1685 2337 1699 2471 .:›*-52.⁴-ae=..‘
