1715 2780
117 93 195 132 190
278 82 398 120 THE
429 77 847 120 DISPUTATIONS
877 77 951 115 AT
981 67 1214 122 Zomeri,
1252 87 1349 125 1523
1433 88 1510 124 423

118 185 251 238 possit.
309 185 374 224 Ab
394 184 579 223 omnibus
600 196 692 222 vero
712 184 772 221 vel
797 180 1016 220 haeresium
1038 182 1099 218 vel
1127 180 1293 218 aliorum
1321 180 1510 217 scelerum

117 238 457 280 criminationibus
473 245 514 277 ut
535 237 776 277 abstineatur
791 243 909 286 atque
926 234 965 273 in
981 241 1109 273 totum
1125 240 1375 284 temperetur,
1394 232 1513 271 iidem

119 301 270 334 cavent.
329 292 368 333 Si
390 292 457 343 qui
478 292 584 331 enim
606 293 645 330 in
665 292 725 329 his
746 304 831 330 sese
852 288 1122 339 immorigeros
1150 295 1189 327 et
1216 287 1382 327 rebelles
1409 299 1516 336 prae-

120 348 286 396 buerint,
310 361 375 387 eas
395 348 446 386 de
473 361 514 386 se
535 359 683 397 poenas
707 344 809 384 sumi
830 343 1012 390 sentient,
1034 351 1076 381 ut
1097 356 1138 381 se
1159 343 1293 392 inique
1314 349 1352 380 et
1373 340 1516 379 iniuste

121 402 259 442 fecisse
289 401 475 440 omnibus
505 401 634 439 testari
665 407 824 450 queant.
883 401 1028 436 Actum
1050 396 1185 447 Tiguri
1215 395 1386 434 Ianuarii
1417 394 1513 433 xxix.

123 459 242 496 Anno
264 468 451 495 MDxxm.

167 573 258 616 No.
282 583 368 626 191.
412 570 520 614 The
553 570 789 623 Bishop’s
820 567 1070 619 Pastoral,
1102 577 1155 608 10
1187 565 1308 619 July
1338 575 1459 618 1523.

179 695 186 703 .
218 695 225 703 .
258 695 265 703 .
290 665 341 702 Et
371 664 463 713 quia
489 660 667 712 quotidie
695 661 879 698 audimus
906 659 1119 697 nonnullos
1146 671 1231 696 esse
1261 656 1328 707 qui
1355 657 1406 694 de
1428 654 1520 694 fidei

123 718 306 766 articulis,
329 719 380 757 de
411 716 501 756 diva
531 715 690 766 virgine,
724 715 775 753 de
817 714 1070 752 sacramentis
1102 719 1140 751 et
1174 712 1292 750 etiam
1324 709 1520 749 damnatis

124 772 351 813 haeresibus
371 784 416 810 ac
437 769 630 810 erroribus
650 768 770 819 impie
790 775 828 806 et
848 774 984 806 contra
1004 779 1259 805 communem
1281 777 1520 803 consensum

127 826 271 868 Christi
286 825 463 865 fidelium
479 823 660 870 sentiant,
677 824 937 872 haeresesque
950 829 1041 859 ante
1058 821 1181 858 multa
1195 820 1350 858 saecula
1363 819 1522 858 damna-

127 889 184 921 tas
205 880 317 932 quasi
338 880 388 919 ab
416 878 548 917 inferis
575 890 758 916 revocare
782 890 864 915 non
884 882 1102 921 vereantur,
1126 875 1233 913 unde
1254 873 1346 911 huie
1366 880 1447 911 tam
1468 872 1522 909 in-

127 936 269 986 dignae
294 935 347 974 rei
373 946 576 973 occurrere
597 933 773 971 volentes
801 929 1071 979 ecclesiaeque
1095 926 1375 966 consuetudini
1404 934 1523 976 atque

127 990 246 1030 etiarn
260 987 462 1030 Caesareis
485 985 680 1025 mandatis
702 985 834 1031 innixi,
851 983 1076 1022 inhibemus
1096 982 1282 1022 omnibus
1304 989 1341 1021 et
1362 979 1523 1031 singulis

128 1044 243 1083 nobis
270 1043 466 1089 subiectis,
490 1050 532 1080 ut
558 1041 608 1079 ab
642 1039 714 1078 illis
746 1038 820 1078 sibi
852 1045 1015 1077 caveant
1043 1045 1080 1076 et
1105 1038 1311 1076 damnatas
1343 1036 1523 1074 haereses

128 1112 209 1137 non
223 1097 450 1148 praedicent
472 1103 537 1134 aut
553 1096 647 1133 alias
664 1092 911 1144 pertinaciter
927 1093 1143 1131 defendant
1159 1106 1169 1138 ;
1197 1090 1373 1140 alioquin
1390 1097 1525 1128 contra

128 1153 215 1191 illos
236 1151 381 1190 iustitia
402 1149 601 1189 mediante
622 1147 863 1187 strictissime
884 1147 1157 1197 procedemus.
1207 1146 1311 1182 Nam
1333 1150 1524 1194 quantum

129 1221 176 1246 ex
195 1208 275 1245 alto
291 1206 460 1252 dabitur,
474 1205 575 1242 hanc
593 1204 631 1241 in
653 1203 729 1241 fide
744 1215 790 1240 ac
803 1200 987 1251 religione
1002 1199 1147 1240 Christi
1166 1198 1345 1236 iniuriam
1363 1197 1528 1236 omnino

130 1261 277 1301 diutius
301 1261 406 1299 nolle
430 1258 511 1309 pati
535 1257 813 1308 proposuimus
831 1270 840 1303 3
870 1268 989 1305 quare
1018 1252 1290 1303 unusquisque
1316 1253 1367 1290 ab
1392 1251 1465 1290 illis
1487 1251 1526 1288 in

131 1322 331 1366 posterum
356 1313 430 1352 sibi
449 1325 586 1351 cavere
607 1312 772 1350 studeat.
832 1311 915 1348 Vos
943 1308 1075 1358 itaque
1102 1320 1241 1346 omnes
1266 1314 1304 1344 et
1325 1305 1467 1356 singuli
1489 1307 1527 1343 in

132 1369 290 1410 Christo
306 1367 439 1407 dilecti
460 1368 558 1405 haec
579 1365 712 1405 omnia
734 1372 772 1403 et
793 1365 945 1414 singula
965 1362 1172 1413 diligenter
1191 1360 1351 1411 exsequi
1372 1361 1527 1405 curetis,

131 1431 246 1475 prout
267 1420 487 1473 Imperialis
505 1419 724 1459 Maiestatis
745 1427 783 1458 et
804 1425 977 1457 nostram
998 1430 1155 1467 gravem
1172 1417 1316 1455 evitare
1330 1413 1528 1454 volueritis

132 1476 456 1528 indignationem.
479 1506 485 1513 .
510 1507 516 1514 .
541 1506 547 1513 .

230 1602 320 1646 No.
343 1613 439 1656 192.
491 1599 598 1643 The
631 1599 787 1641 Form
819 1597 876 1640 of
899 1597 1132 1652 Baptism
1162 1597 1217 1639 at
1246 1594 1442 1645 zurich,

705 1657 827 1710 May
857 1667 978 1709 1525.

199 1755 238 1791 T
231 1753 275 1790 lte
296 1752 471 1789 mimkter
488 1749 534 1799 of
545 1749 605 1786 tlte
624 1749 760 1786 clmrclz
772 1747 871 1797 first
887 1759 974 1795 says
990 1761 1000 1784 .-

248 1807 297 1844 In
328 1806 395 1843 the
420 1816 535 1842 name
560 1804 604 1841 of
626 1803 731 1841 God.
779 1803 919 1839 Amen.
980 1801 1064 1839 Our
1087 1800 1179 1848 help
1200 1798 1382 1837 standeth
1406 1797 1443 1835 in
1466 1797 1532 1837 the

139 1873 255 1898 name
275 1861 319 1898 os
334 1860 400 1897 the
422 1859 540 1905 Lord,
562 1858 650 1895 who
670 1857 764 1894 hath
787 1856 902 1894 made
924 1855 1073 1893 heaven
1094 1854 1173 1891 and
1194 1854 1314 1892 earth.

201 1915 304 1953 leen
323 1914 367 1951 lze
388 1913 475 1951 asses
494 1912 554 1950 tlze
569 1910 791 1961 goaffatlzers
810 1911 893 1947 and
903 1908 1166 1958 godmotlzers:

248 1967 338 2006 Will
359 1981 405 2017 ye
425 1968 507 2005 that
527 1965 604 2004 this
624 1964 730 2004 child
750 1964 801 2003 be
822 1963 1004 2014 baptized
1025 1962 1114 2002 with
1136 1962 1202 2001 the
1218 1960 1387 2011 baptism
1405 1959 1449 1999 of
1465 1973 1536 1998 our

143 2024 249 2062 Lord
269 2024 383 2072 Jesus
405 2022 565 2060 Christ?

195 2078 387 2116 Answer:
414 2077 508 2114 Yea.

203 2131 305 2168 Then
326 2131 386 2168 tlze
402 2129 528 2180 priest
545 2140 655 2176 says:
684 2128 812 2165 Namc
834 2125 909 2164 this
930 2125 1048 2163 child.

203 2185 280 2224 The
293 2183 532 2233 godmotlzers
550 2195 617 2230 say
634 2196 644 2220 .·
675 2183 727 2220 N.

203 2241 242 2277 T
237 2239 307 2276 lzen
337 2239 396 2276 tlze
417 2238 542 2287 prl'est
566 2249 676 2284 says:
713 2237 786 2273 Let
815 2247 860 2272 us
890 2235 983 2272 then
1013 2234 1063 2271 all
1093 2245 1185 2283 pray
1215 2231 1305 2270 Gocl
1336 2229 1536 2279 together:

146 2293 193 2340 O,
211 2293 398 2343 almighty
413 2291 492 2330 and
513 2291 660 2329 eternal
674 2290 777 2336 God,
795 2290 882 2327 who
896 2288 1064 2337 through
1078 2288 1145 2325 the
1162 2286 1267 2324 flood
1281 2285 1386 2323 didst
1405 2284 1453 2333 by
1472 2284 1538 2332 thy

149 2346 296 2396 mighty
320 2347 552 2396 judgement
576 2345 776 2383 condemn
799 2344 864 2381 the
890 2340 1142 2390 unbelicving
1162 2339 1281 2378 world
1302 2338 1381 2376 and
1398 2338 1543 2386 thyself

147 2401 292 2440 deliver
313 2401 356 2439 of
372 2401 438 2449 thy
458 2407 564 2449 great
587 2411 714 2448 mercy
737 2397 888 2436 faithful
910 2397 1026 2435 Noah
1048 2410 1054 2432 ι
1085 2396 1170 2432 who
1192 2393 1297 2432 didst
1319 2393 1452 2430 drown
1473 2391 1540 2429 ol)-

149 2455 285 2493 durate
302 2455 479 2493 Pharaoh
496 2452 587 2491 with
608 2453 657 2490 all
680 2453 738 2490 his
760 2453 847 2489 host
865 2450 903 2487 in
923 2451 987 2488 thc
1006 2450 1093 2487 Rcd
1111 2450 1195 2494 Sca,
1211 2446 1290 2485 and
1307 2445 1412 2485 didst
1428 2445 1540 2493 bring
