1715 2780
229 70 301 107 108
615 68 837 106 ADRIAN
868 69 926 105 VI
956 68 1077 107 AND
1106 68 1226 106 THE
1568 70 1619 117 58

228 174 511 222 Imperatorem
534 171 647 210 electi
668 179 706 210 et
723 178 892 210 vestrum
910 170 1111 221 imperiale
1125 171 1299 210 edictum
1313 184 1430 222 super
1442 171 1620 211 eiusdem

226 225 446 265 sententiae
459 225 692 264 executione
706 226 745 263 in
760 225 947 276 proximis
962 224 1132 264 comitiis
1146 224 1385 264 Wormatiae
1397 224 1542 264 habitis
1556 226 1621 265 de-

227 288 379 319 cretum
395 294 476 319 non
498 281 620 319 modo
641 293 709 330 per
729 292 829 330 quos
846 280 1004 318 deceret
1025 292 1107 318 non
1123 279 1306 330 punitum
1321 309 1330 318 .
1348 310 1356 318 .
1372 311 1380 318 .
1396 280 1477 327 sed,
1500 279 1621 331 impie

227 341 561 381 contemnentem,
588 347 712 373 novos
742 333 920 384 quotidie
949 333 1070 372 libros
1098 364 1105 372 .
1128 364 1136 372 .
1159 363 1168 372 .
1197 333 1398 385 divulgare
1427 364 1437 373 .
1459 363 1468 371 .
1489 364 1497 372 .
1519 335 1621 373 adeo

226 396 269 427 ut
289 419 297 427 .
322 419 330 428 .
354 419 361 427 .
384 388 424 426 in
445 389 695 427 sacerdotum
714 389 822 426 bona
838 387 892 435 iri,
911 395 950 427 et
970 387 1239 427 obedientiam
1252 396 1333 427 tam
1349 387 1621 427 ecclesiasticis

227 456 347 493 quam
368 442 633 482 saecularibus
654 442 830 481 debitam
857 441 1047 492 vilipendi
1076 449 1262 492 coeptum
1289 442 1361 482 sit:
1390 450 1429 481 et
1458 443 1619 481 tandem

227 497 328 536 inter
347 498 560 536 nonnullos
581 504 753 536 vestrum
774 497 825 535 ad
846 495 976 535 civilia
995 496 1098 535 bella
1118 497 1344 536 deventum.

282 549 320 605 [ᾗ
341 549 479 602 LXII]
509 581 516 588 .
540 581 547 589 .
572 581 578 589 .
610 550 841 590 Omittimus
871 551 980 601 quod
1019 550 1338 590 enormissimum
1368 558 1436 598 est,
1471 558 1619 589 tantam

228 613 388 655 tamque
409 604 629 656 religiosam
650 604 851 643 nationem
874 618 942 655 per
965 618 1090 643 unum
1119 606 1369 647 fraterculum
1391 635 1398 643 .
1422 636 1429 644 .
1454 636 1461 643 .
1485 604 1621 644 seduci

226 661 277 698 ab
316 673 361 698 ea
399 659 460 697 via
495 672 600 709 qua.
630 690 636 696 .
667 690 674 697 .
715 666 773 697 tot
812 666 1009 709 martyres,
1044 666 1103 697 tot
1141 659 1327 710 praeclari
1366 658 1546 698 doctrina
1583 667 1621 698 et

227 713 433 752 sanctitate
463 713 532 751 viri
566 721 604 752 et
639 713 805 752 maiores
832 713 1005 763 denique
1033 713 1150 752 vestri
1181 727 1320 752 omnes
1352 715 1542 752 hactenus
1567 713 1622 751 in—

227 775 429 807 cesserunt
446 782 456 815 3
504 767 614 817 quasi
642 768 748 806 solus
782 769 977 806 Lutherus
1012 768 1136 818 sapiat
1168 775 1206 806 et
1238 767 1344 816 sciat,
1377 769 1483 807 solus
1514 781 1619 806 nunc

227 822 397 872 primurn
427 822 485 873 (ut
506 823 556 860 de
584 835 624 860 se
655 821 873 860 haereticus
902 823 1120 860 Montanus
1147 821 1401 872 gloriabatur)
1432 821 1618 872 Spiritum

228 878 418 915 Sanctum
447 876 652 926 acceperit,
677 883 714 914 et
737 875 916 914 Ecclesia
936 875 1020 926 ipsa
1041 906 1048 913 .
1069 906 1076 913 .
1094 906 1101 914 .
1125 875 1165 914 in
1186 876 1358 915 tenebris
1378 875 1620 926 ignorantiae

228 961 234 969 .
259 961 267 969 .
290 962 297 969 .
321 944 476 981 semper
496 930 688 977 erraverit,
711 931 841 969 donec
862 943 965 968 novo
987 930 1150 969 Lutheri
1169 930 1318 969 lumine
1339 931 1602 969 illustraretur.

283 983 317 1036 [ᾗ
332 983 492 1036 LXIII]
523 986 637 1033 Quae
651 985 794 1031 omnia,
810 997 1052 1034 quamquam
1065 985 1173 1034 apud
1189 998 1256 1023 eos
1273 984 1341 1035 qui
1362 984 1519 1035 sapiunt
1538 998 1620 1035 per-

229 1039 392 1077 ridicula
421 1038 655 1085 iudicantur,
689 1038 934 1088 simplicibus
964 1046 1097 1077 tamen
1120 1038 1262 1077 animis
1286 1039 1499 1089 plurimum
1529 1046 1619 1077 sunt

226 1093 459 1142 perniciosa,
473 1100 511 1131 et
525 1092 579 1130 eis
596 1092 663 1142 qui
684 1105 873 1131 novarum
892 1106 1019 1131 rerum
1033 1092 1249 1142 cupiditate
1265 1106 1425 1131 omnem
1440 1093 1619 1132 ordinem

226 1147 477 1185 immutatum
512 1148 666 1194 vellent,
700 1146 886 1197 plurimas
915 1148 967 1185 ad
1001 1160 1046 1185 ea
1080 1148 1341 1197 perpetranda
1375 1160 1476 1197 quae
1514 1160 1621 1185 nunc

227 1200 467 1252 experimini,
500 1214 637 1239 causas
672 1208 710 1240 et
744 1202 920 1240 fomenta
954 1200 1263 1240 subministrant.
1322 1203 1388 1239 An
1419 1214 1499 1240 non
1529 1214 1619 1239 con-

225 1255 414 1302 sideratis,
439 1255 625 1294 Germani
656 1254 851 1305 principes
875 1263 913 1293 et
940 1255 1085 1305 populi,
1116 1254 1363 1305 praeludium
1392 1268 1478 1294 esse
1498 1255 1621 1305 quod-

224 1310 317 1348 dam
351 1311 427 1347 hoc
462 1323 597 1347 eorum
631 1311 822 1347 malorum
850 1322 951 1359 quae
984 1310 1179 1348 Lutherus
1218 1317 1256 1348 et
1284 1309 1376 1349 *eius
1408 1317 1620 1349 sectatores

228 1364 472 1401 moliuntur?
502 1365 564 1401 An
587 1377 665 1401 non
696 1371 830 1413 aperte
856 1362 996 1401 videtis
1024 1363 1128 1402 istud
1154 1371 1404 1413 praetensum
1425 1363 1620 1414 principio

226 1431 248 1455 a
271 1417 505 1456 Lutheranis
527 1417 697 1455 veritatis
719 1417 967 1467 evangelicae
994 1417 1267 1467 patrocinium,
1291 1419 1490 1457 detectum
1514 1431 1619 1456 nunc

225 1485 310 1510 esse
345 1485 495 1509 merum
536 1485 661 1510 rerum
703 1478 915 1510 vestrarum
951 1471 1228 1510 latrocinium?
1267 1473 1330 1510 An
1365 1471 1509 1522 putatis
1542 1471 1621 1511 alio

227 1527 389 1564 tendere
410 1525 504 1564 istos
534 1525 749 1576 iniquitatis
769 1525 882 1573 filios,
906 1539 1025 1575 quam
1047 1533 1088 1564 ut
1118 1525 1307 1564 libertatis
1327 1525 1489 1565 nomine
1510 1525 1619 1564 omni

226 1579 453 1618 obedientia
488 1580 654 1627 sublata,
686 1581 794 1629 quod
834 1579 976 1629 cuique
1016 1579 1172 1618 libuerit
1210 1579 1380 1619 faciendi
1419 1579 1618 1619 licentiam

225 1633 446 1672 inducant?
495 1636 557 1671 An
590 1634 705 1672 ullius
744 1633 855 1684 pensi
885 1633 989 1672 iussa
1021 1642 1058 1672 et
1090 1635 1193 1684 leges
1232 1642 1378 1673 vestras
1417 1633 1619 1673 habituros

225 1688 394 1736 creditis,
418 1688 484 1738 qui
515 1701 645 1726 sacros
675 1701 848 1726 canones
879 1696 916 1726 et
943 1690 1100 1726 Patrum
1126 1690 1284 1727 decreta
1313 1701 1470 1727 necnon
1495 1701 1620 1727 sacro-

227 1750 361 1780 sancta
382 1741 559 1789 concilia,
579 1756 748 1792 quorum
773 1741 994 1780 auctoritati
1024 1744 1311 1793 Imperatorum
1339 1744 1444 1793 leges
1465 1756 1619 1792 semper

225 1804 263 1834 et
292 1795 459 1834 libenter
488 1804 688 1835 cesserunt
722 1827 730 1836 .
768 1827 774 1835 .
809 1827 816 1834 .
848 1810 929 1834 non
959 1797 1084 1835 solum
1116 1796 1376 1847 vilipendunt,
1403 1797 1473 1835 sed
1500 1796 1618 1835 etiam

225 1849 421 1888 diabolica
446 1850 553 1889 rabie
576 1852 744 1889 lacerare
769 1858 807 1889 et
833 1851 1064 1890 comburere
1091 1864 1171 1890 non
1198 1858 1406 1899 verentur3
1445 1849 1617 1901 denique

226 1903 293 1954 qui
317 1904 597 1951 sacerdotibus,
623 1904 690 1954 qui
715 1904 920 1955 episcopis,
953 1905 1020 1955 qui
1048 1904 1232 1943 Pontifici
1258 1918 1415 1944 summo
1441 1903 1614 1944 debitam

227 1957 496 1996 obedientiam
536 1959 785 1996 detrectant?
833 1959 897 1997 An
931 1959 1093 2009 speratis
1127 1966 1382 1998 contenturos
1412 1958 1617 2009 sacrilegas

227 2025 366 2050 manus
407 2025 429 2050 a
473 2013 662 2050 laicorum
707 2012 822 2051 bonis
861 2020 898 2051 et
940 2026 1022 2051 non
1060 2013 1194 2051 omnia
1231 2012 1362 2063 potius
1404 2012 1479 2051 sibi
1517 2026 1617 2063 quae

226 2073 410 2116 poterunt
448 2066 714 2104 vindicaturos
755 2066 823 2116 qui
862 2080 921 2105 res
970 2068 1058 2105 Deo
1097 2068 1246 2106 dicatas
1285 2066 1474 2117 quotidie,
1504 2066 1616 2105 vobis

227 2119 498 2170 praesentibus
537 2128 575 2158 et
613 2119 850 2167 videntibus,
883 2121 1011 2158 ferunt
1048 2122 1278 2171 aguntque?
1331 2122 1397 2158 An
1444 2121 1616 2171 denique

226 2175 361 2212 vestris
382 2173 598 2212 cervicibus
620 2187 800 2223 parsuros
822 2173 888 2224 qui
910 2187 990 2211 non
1011 2176 1231 2224 tangendos
1253 2173 1430 2214 Christos
1453 2173 1617 2212 Domini

225 2235 503 2274 contemerare,
536 2229 710 2273 caedere,
741 2227 933 2265 trucidare
959 2227 1043 2265 ausi
1069 2229 1191 2266 sunt?
1227 2229 1273 2266 In
1299 2241 1379 2274 VOS,
1404 2227 1445 2265 in
1471 2235 1616 2266 vestras

227 2295 297 2330 res,
316 2283 469 2329 domos,
492 2294 642 2327 uxores,
676 2281 830 2327 liberos,
862 2281 1043 2328 ditiones,
1075 2281 1314 2328 dominatus,
1341 2283 1488 2332 templa
1514 2295 1616 2332 quae
1672 2332 1674 2334 v
1698 2287 1699 2290 ’

225 2335 363 2383 colitis,
393 2337 491 2374 haec
522 2334 742 2374 miseranda
771 2335 970 2373 calamitas
1006 2335 1142 2382 tendit,
1175 2334 1247 2373 nisi
1279 2342 1429 2374 mature
1458 2335 1614 2374 obviarn

227 2398 334 2429 eatis.

281 2442 481 2496 [§LX1V]
505 2443 674 2483 Proinde
696 2474 702 2481 .
728 2474 734 2481 .
758 2473 764 2481 .
789 2443 1067 2494 requirimus..
1090 2452 1153 2482 ‚ut
1171 2473 1200 2481 ..
1222 2444 1294 2482 .ad
1311 2444 1387 2494 hoc
1403 2456 1615 2483 commune
