1715 2780
126 128 206 165 160
316 125 558 163 zwiNGLI
590 124 710 162 THE
744 125 1061 171 HUMANIsr,
1095 125 1168 163 To
1205 138 1304 175 1519
1447 139 1522 175 379

127 230 246 279 Quod
278 241 400 279 quum
437 229 604 278 legerem
642 240 731 265 mox
765 227 954 277 cogitavi:
1001 226 1177 266 Omnino
1211 227 1265 265 sic
1297 234 1354 265 est
1388 236 1427 265 ut
1460 229 1523 266 bic

124 282 229 334 legis.
277 284 357 322 Cur
371 295 462 332 ergo
479 294 549 332 pro
569 281 714 320 auxilio
730 283 780 320 ad
797 289 1013 320 creaturam
1030 281 1305 320 adcurrimus?
1348 282 1523 320 Tametsi

124 350 216 376 vero
254 344 292 376 et
329 336 405 375 alia
452 337 649 387 quaedam
699 336 851 374 Erasmi
899 335 1073 374 carmina
1111 348 1212 385 quae
1250 337 1300 374 ad
1342 336 1522 383 Mariam,

124 393 283 429 Annam
319 398 357 430 et
397 390 636 429 Michaelem
676 397 717 428 ut
756 398 943 440 patronos
974 389 1179 440 scripserat
1218 391 1410 440 legerem:
1444 404 1524 428 non

124 453 335 496 potuerunt
356 453 489 484 tamen
510 458 573 483 me
593 457 616 483 a
636 452 843 495 praecepta
873 444 1066 483 sententia
1095 445 1145 482 de
1167 444 1326 483 Christo
1346 446 1523 483 avellere.

126 501 249 538 Hunc
279 499 383 538 enim
415 499 495 538 vidi
524 500 685 537 unicum
717 512 802 537 esse
832 500 1058 537 thesaurum
1099 498 1152 548 pii
1193 498 1360 548 pectoris
1377 513 1386 545 3
1429 500 1524 548 quin

124 553 237 604 coepi
265 553 416 604 scriptis
445 553 655 591 bibliorum
684 566 883 591 sacrorum
905 561 1161 602 veterumque
1189 561 1342 603 patrum
1365 552 1526 602 diligen-

123 607 200 647 tius
221 607 436 655 intendere,
461 607 602 646 certius
624 607 815 657 quiddam
837 621 883 646 ex
904 607 963 645 his
980 608 1029 646 de
1046 607 1227 646 divorum
1245 607 1525 646 intercessione

124 670 344 701 venaturus.
405 662 450 699 In
472 661 603 699 bibliis
625 661 742 699 sacris
764 663 881 711 plane
902 661 999 699 nibil
1022 661 1145 711 reperi
1164 676 1171 706 ;
1200 663 1306 712 apud
1328 662 1523 711 quosdam

124 723 298 755 veterum
329 717 379 754 de
409 729 455 755 ea
484 729 524 754 re
554 715 696 762 inveni,
726 717 833 766 apud
863 715 960 754 alios
991 715 1100 753 nihil.
1161 716 1241 764 Qui
1270 717 1320 754 de
1344 715 1525 754 divorum

125 769 405 809 intercessione
426 770 687 817 affirmabant,
707 783 843 820 parum
868 783 929 808 me
958 778 1188 808 moverunt:
1220 770 1388 808 inermes
1418 770 1523 808 enim

125 832 233 864 erant
263 832 301 863 et
331 824 608 875 scripturarum
639 823 873 862 testimoniis
904 824 1069 862 omnino
1099 824 1287 862 destituti.
1348 825 1469 873 Quod
1496 824 1525 862 si

124 878 337 929 aliquando
385 892 431 917 ex
479 877 790 916 armamentariis
829 878 1106 928 scripturarum
1147 880 1223 916 tela
1263 879 1525 928 proferebant,

124 933 308 972 videbam
344 946 390 972 ea
425 933 564 971 misere
595 940 633 971 et
667 940 814 971 temere
848 933 1012 971 detorta.
1075 934 1239 970 Factum
1273 946 1364 982 ergo
1397 941 1454 971 est
1485 941 1526 970 ut

125 1000 205 1038 quo
238 986 359 1037 magis
394 988 444 1026 de
478 988 664 1037 dogmate
700 987 765 1025 illo
797 994 1001 1035 scrutarer,
1034 988 1109 1024 boc
1143 986 1271 1024 minus
1307 995 1526 1025 occurreret

124 1042 233 1091 quod
260 1041 458 1092 scripturis
486 1048 587 1079 esset
618 1048 953 1079 consentaneum:
993 1040 1087 1090 quin
1117 1048 1253 1079 contra
1286 1043 1395 1091 plura
1427 1054 1527 1091 quae

125 1103 354 1146 pugnarent.
380 1127 386 1133 .
407 1126 413 1133 .
438 1127 444 1133 .

394 1191 449 1241 (b)
481 1192 598 1229 From
620 1190 680 1228 his
700 1191 832 1228 Letter
848 1190 895 1239 of
910 1204 956 1240 29
978 1190 1102 1240 April
1130 1193 1240 1240 1516.

179 1271 422 1322 Scripturum
449 1273 499 1311 ad
530 1280 578 1319 te,
610 1273 659 1309 D.
703 1272 876 1318 Erasme,
900 1272 1070 1308 virorum
1101 1270 1262 1320 optime,
1292 1278 1406 1309 terret
1438 1270 1529 1309 binc

126 1326 357 1365 eruditionis
385 1334 474 1365 tuae
503 1327 690 1376 splendor
729 1325 804 1370 ille,
836 1324 1018 1375 capacior
1048 1338 1141 1363 sane
1173 1338 1292 1375 quam
1322 1325 1370 1363 sit
1409 1338 1527 1375 quem

127 1380 324 1420 cernimus
349 1380 498 1428 orbem,
522 1381 727 1430 postulans
761 1379 897 1418 invitat
919 1378 1025 1417 illinc
1047 1380 1278 1417 suavissima
1302 1379 1527 1417 humanitas

127 1443 194 1473 tua
214 1447 331 1485 quam
354 1442 393 1474 te
423 1434 583 1473 videndi
614 1447 741 1481 causa,
766 1447 854 1472 vere
880 1446 970 1471 mox
997 1441 1089 1472 ante
1116 1433 1400 1484 ingruescente,
1425 1433 1529 1471 Basi-

128 1490 228 1528 leam
249 1488 421 1528 venienti
447 1488 669 1536 exhibuisti,
692 1502 774 1527 non
804 1487 993 1527 mediocri
1022 1487 1275 1538 benignitatis
1296 1496 1529 1538 argumento

128 1544 237 1593 quod
267 1542 456 1582 infantem
501 1542 716 1590 hominem,
750 1542 927 1592 ignotum
964 1542 1212 1589 literatorem,
1247 1543 1353 1580 haud
1387 1555 1427 1580 es
1467 1543 1530 1580 de-

127 1598 323 1647 dignatus.
391 1598 470 1636 Sed
501 1598 617 1647 plane
648 1598 724 1635 hoc
758 1596 970 1635 Helvetico
1005 1596 1185 1646 sanguini
1220 1596 1348 1647 (cuius
1376 1596 1530 1645 ingenia

129 1652 317 1690 subolfeci
349 1664 427 1690 non
463 1653 565 1690 adeo
599 1652 768 1689 maxime
801 1650 869 1688 tibi
912 1649 1136 1701 displicere)
1171 1651 1314 1689 dedisti
1352 1651 1530 1688 Henrico

130 1705 353 1751 Glareano,¹
383 1718 501 1755 quem
533 1704 831 1743 familiarissime
861 1704 930 1742 tibi
962 1704 1219 1742 coniunctum
1251 1703 1432 1742 vidimus.

185 1759 318 1797 Mirari
348 1766 480 1798 autem
508 1760 763 1797 vehementer
793 1757 964 1808 potuisti,
997 1757 1143 1807 ecquid
1172 1771 1253 1795 non
1285 1757 1393 1796 domi
1426 1771 1532 1796 man—

130 1814 257 1859 serim,
282 1814 443 1863 quando
464 1814 612 1850 nullam
634 1812 788 1851 interim
811 1811 1052 1862 quaestionis
1074 1812 1365 1861 quantumlibet
1386 1813 1532 1850 arduae

132 1866 257 1918 (quod
283 1866 337 1905 tui
363 1868 490 1906 solent
520 1866 772 1916 mataeologi)
803 1865 1105 1904 dissolutionem
1137 1867 1285 1905 nedum
1317 1865 1531 1915 petiverim.

131 1922 279 1959 Verum
315 1921 382 1959 ubi
416 1934 488 1959 nos
519 1920 716 1971 energiam
750 1920 855 1958 illam
888 1919 926 1958 in
958 1928 995 1958 te
1023 1921 1222 1970 quaesisse
1260 1919 1533 1959 ratiocinando

132 1975 448 2024 deprehenderis,
471 1975 598 2013 mirari
629 1974 809 2013 desines:
842 1975 944 2012 hanc
974 1974 1092 2019 enim,
1115 1987 1178 2013 me
1206 1975 1412 2021 Hercules,
1441 1988 1530 2013 curn

133 2042 286 2067 morum
316 2029 502 2068 comitate
531 2029 713 2079 vitaeque
746 2028 1032 2067 commoditate
1061 2029 1371 2076 inconniventer,
1404 2028 1533 2066 minus

133 2082 250 2121 etiam
281 2084 504 2122 verecunde
538 2090 687 2121 tantam
722 2082 969 2132 suspeximus
999 2090 1041 2120 ut
1074 2089 1123 2129 tc,
1154 2082 1221 2121 ubi
1257 2089 1323 2120 tua
1354 2082 1530 2132 legimus,

133 2138 361 2186 loquentem
382 2137 515 2176 audire
536 2144 573 2175 et
590 2138 824 2187 corpusculo
846 2137 921 2174 hoc
943 2144 1012 2174 tuo
1032 2136 1196 2183 minuto,
1216 2149 1348 2175 verum
1372 2136 1534 2174 minime

134 2190 383 2238 inconcinno,
415 2190 675 2230 urbanissime
701 2190 933 2241 gestientem
967 2191 1098 2229 videre
1132 2168 1277 2229 videar.
1344 2191 1447 2228 Nam
1481 2191 1533 2240 (et

136 2244 256 2283 verbo
285 2244 386 2283 absit
416 2245 563 2283 invidia
582 2245 607 2296 l)
648 2252 689 2283 tu
729 2244 845 2283 nobis
883 2245 1054 2282 amasius
1096 2245 1159 2282 ille
1194 2258 1243 2291 es,
1278 2245 1339 2281 cui
1374 2245 1411 2281 ni
1445 2257 1535 2281 con-

134 2297 295 2337 fabulati
317 2300 448 2345 simus,
473 2312 658 2337 somnum
680 2312 758 2337 non
782 2297 970 2348 capimus.

189 2353 266 2391 Sed
305 2366 492 2402 quorsum
534 2354 694 2391 tandem
740 2352 911 2390 stridulis
953 2352 1060 2390 hisce
1099 2365 1212 2390 aures
1251 2350 1533 2389 eruditissimas

136 2405 283 2455 fatigo?
312 2419 401 2445 cum
422 2409 600 2456 graculos
617 2406 843 2445 humivesci
861 2406 1007 2445 debere
1021 2419 1100 2443 non
1118 2406 1302 2443 nesciam.
1344 2405 1535 2443 Istorsum

315 2504 321 2520 ¹
350 2504 509 2535 Heinrich
527 2505 641 2543 Loriti‚
661 2503 696 2535 os
710 2503 834 2539 Mollis,
851 2514 928 2534 near
945 2503 1065 2534 Glarus
1098 2501 1324 2541 14SS-†1563.
