1715 2780
209 64 285 109 446
425 62 545 100 THE
575 62 998 103 REFORMATION
1028 62 1378 103 COMPLETED
1516 65 1604 103 206

265 166 492 206 Diaconus:
528 167 636 216 Quae
665 168 743 205 iam
772 168 952 216 leguntur
964 168 1005 206 in
1033 169 1196 207 Ioannis
1223 169 1438 218 Evangelio
1462 170 1603 220 scripta

208 226 302 258 sunt
318 221 436 270 capite
454 226 567 259 sexte.
628 222 932 271 Respondetur:
967 222 1106 261 Gloria
1127 223 1204 270 tibi,
1227 224 1407 262 Domine.

266 273 491 313 Diaconus:
524 276 587 314 Sic
614 277 756 313 locutus
802 281 859 313 est
892 277 1025 314 Iesus:
1065 277 1202 323 Amen,
1239 289 1347 315 amen
1379 277 1460 316 dico
1487 278 1599 324 vobis,

208 329 279 378 qui
302 329 419 367 credit
445 330 486 367 in
513 343 569 367 me
597 330 710 367 liabet
735 330 856 368 vitam
885 335 1090 369 aeternam.
1148 332 1236 380 Ego
1254 344 1339 369 sum
1353 333 1470 380 panis
1489 332 1599 371 vitae.

207 384 349 421 Patres
387 384 508 421 vestri
539 385 778 421 comederunt
813 397 969 431 manna,
1010 392 1049 424 et
1087 392 1216 424 cetera
1248 398 1374 435 usque
1411 386 1462 425 ad
1496 386 1602 424 hunc

209 438 342 484 finem,
372 438 485 476 verba
514 451 610 486 quae
637 438 741 476 vobis
773 439 907 488 loquor
937 439 1097 489 spiritus
1126 444 1164 477 et
1188 440 1268 478 vita
1306 445 1399 478 sunt
1434 438 1511 493 [Io.
1552 439 1600 478 vi.

209 488 373 543 47-6³]·
697 545 703 551 .
740 546 746 552 .
872 545 878 552 .
1346 547 1352 554 .
1384 547 1391 554 .

264 547 358 584 Post
379 559 480 595 quae
505 546 623 584 verba
653 553 828 585 mlmster
854 547 998 585 librum
1028 549 1227 586 osculatur
1252 555 1291 587 et
1315 549 1411 587 dlclt
1440 550 1599 587 Pastor:

208 601 294 637 Deo
320 601 459 649 gloria,
492 601 562 649 qui
591 601 703 638 iuxta
737 602 890 640 verbum
927 614 1040 640 suum
1077 603 1257 651 dignetur
1285 603 1389 641 nobis
1416 603 1604 641 remittere

209 655 389 692 universa
401 659 554 703 peccata
575 660 718 693 nostra.
778 656 1042 705 Respondent
1062 655 1228 695 ministri
1247 671 1254 695 :
1283 657 1420 694 Amen.

264 709 425 746 Pastor:
463 709 584 747 Credo
612 709 653 747 in
685 722 804 747 unum
832 711 974 748 Deum.
1035 709 1264 749 Diaconus:
1296 712 1457 749 Patrem
1485 712 1602 750 omni-

199 766 390 811 potentem
402 768 604 800 creatorem
620 764 712 802 coeli
726 769 762 801 et
773 769 908 802 terrae.
973 764 1313 814 Hypodiaconus:
1342 766 1404 803 Et
1420 766 1461 804 in
1474 766 1601 803 Iesum

214 816 422 864 Christum,
463 824 550 864 ete,
590 830 715 867 usque
753 819 804 856 ad
843 819 963 858 finem
1006 818 1175 869 symboli
1203 820 1313 869 quod
1341 819 1602 869 apostolicum

209 877 364 918 vocant,
385 872 494 921 quod
521 870 684 921 perinde
713 872 871 911 alternis
901 873 1053 913 vicibus
1084 880 1290 912 recensent
1321 872 1487 912 ministri
1524 875 1602 912 alta

208 938 306 963 voce
326 932 446 975 atque
466 924 571 975 prius
592 926 785 975 hymnum
811 928 949 966 Gloria
970 929 1011 967 in
1032 928 1191 966 excelsis.

264 979 438 1018 Pastoris
458 979 638 1018 invitatio
659 981 710 1019 ad
728 980 908 1020 Coenam
925 982 1044 1033 digne
1064 982 1343 1021 celebrandam
1360 997 1366 1020 :
1387 983 1478 1020 Iam
1498 983 1599 1020 voln-

210 1046 304 1080 mns,
329 1034 523 1072 carissimi
535 1034 700 1082 fratres,
723 1035 841 1073 iuxta
866 1037 986 1075 ritum
1014 1041 1051 1074 et
1071 1037 1345 1075 institutionem
1372 1037 1430 1075 D.
1439 1037 1494 1075 N
1493 1038 1539 1074 .I.
1555 1037 1601 1075 C.

209 1088 310 1125 blanc
321 1094 466 1137 panem
492 1089 595 1126 edere
620 1095 657 1127 et
680 1090 781 1127 lzunc
797 1095 933 1139 potum
962 1092 1094 1139 bibere,
1113 1103 1209 1140 quae
1231 1091 1284 1128 sic
1296 1091 1494 1141 praecepit
1505 1091 1605 1140 fieri

209 1142 249 1179 in
281 1143 675 1190 commemorationem,
699 1144 740 1181 in
767 1145 918 1182 laudem
955 1151 993 1183 et
1015 1145 1239 1195 gratiarum
1271 1145 1450 1183 actionem
1483 1145 1599 1183 liuius

209 1197 311 1244 quod
337 1201 491 1233 mortem
511 1204 590 1246 pro
619 1199 722 1235 nobis
740 1205 883 1248 passus
901 1205 964 1247 est,
985 1200 1154 1249 quodque
1172 1199 1395 1248 sanguinem
1411 1211 1520 1236 suum
1549 1199 1605 1236 ad

209 1250 437 1287 abluendum
449 1256 602 1300 peccata
624 1257 756 1289 nostra
776 1252 917 1301 ffcdit.
981 1254 1165 1303 Quocirca
1183 1253 1322 1303 probet
1338 1257 1375 1290 et
1397 1253 1603 1302 interroget

209 1305 364 1352 quisque
389 1305 550 1354 seipsum
578 1306 690 1343 iuxta
720 1307 873 1344 verbum
899 1308 1026 1346 Pauli
1048 1308 1198 1356 qualem
1212 1307 1402 1356 fiduciam
1428 1320 1474 1345 ac
1497 1307 1600 1360 certi-

210 1358 378 1395 tudinem
413 1359 453 1395 in
480 1360 604 1397 DN
622 1361 658 1397 l.
679 1361 721 1398 C.
756 1361 903 1408 liabeat,
927 1375 971 1399 ne
998 1374 1036 1399 se
1062 1361 1264 1410 quisquam
1274 1367 1352 1411 pro
1359 1361 1476 1410 fideli
1487 1366 1601 1410 gerat

209 1411 279 1460 qui
303 1417 427 1449 tamen
449 1412 571 1461 fidem
606 1426 681 1450 non
715 1414 862 1461 habeat,
895 1421 931 1452 et
957 1416 1009 1453 sic
1036 1427 1122 1452 rens
1136 1415 1222 1464 fiat
1252 1416 1385 1453 mortis
1417 1415 1594 1453 Domini.

209 1464 343 1514 lVeque
369 1471 486 1503 totam
512 1467 696 1505 ecclesiam
721 1468 874 1506 Clzristi
889 1468 1002 1519 (quae
1020 1469 1128 1507 illius
1146 1474 1278 1518 corpus
1297 1468 1367 1519 est)
1387 1474 1602 1506 contemnat

208 1524 244 1556 et
274 1520 429 1558 subinde
461 1520 501 1558 in
535 1533 618 1558 eam
645 1527 771 1570 peccet.
829 1523 1000 1561 Proinde
1036 1524 1077 1561 in
1110 1535 1236 1572 genua
1267 1535 1331 1561 vos
1359 1523 1537 1561 dimittite
1566 1528 1603 1561 et

209 1579 324 1620 orate,
340 1575 464 1612 Pater
483 1580 609 1612 noster
625 1575 695 1624 qui
709 1588 745 1613 es
764 1576 805 1614 in
824 1578 930 1615 coelis
949 1583 1009 1617 etc.
1031 1584 1070 1616 et
1089 1584 1242 1615 caetera
1262 1577 1451 1627 usquead
1464 1578 1597 1616 finem.

210 1628 260 1665 Et
281 1640 372 1665 cum
393 1627 560 1666 ministri
580 1629 856 1680 responderint
875 1646 881 1668 :
913 1632 1049 1679 Amen,
1072 1630 1213 1670 iterum
1234 1638 1318 1670 oret
1340 1631 1486 1670 Pastor.

264 1681 401 1720 Oratio
418 1696 425 1720 ε
455 1683 624 1721 Domine
643 1685 754 1721 Deus
772 1685 1015 1734 omnipotens,
1036 1686 1106 1735 qui
1123 1698 1189 1723 nos
1195 1691 1272 1734 per
1282 1685 1473 1735 Spiritum
1489 1690 1596 1723 tuum

209 1736 250 1773 in
272 1737 418 1774 unitate
425 1736 528 1785 fidei
544 1738 584 1775 in
606 1750 724 1775 unum
749 1746 882 1788 corpus
902 1745 1010 1777 tuum
1036 1739 1352 1788 coagmentavisti,
1369 1740 1433 1777 cui
1453 1739 1603 1788 corpori

209 1795 273 1827 tuo
290 1791 520 1840 praecepisti
541 1797 586 1829 nt
610 1793 741 1829 laudes
759 1797 796 1829 et
814 1794 969 1842 gratias
989 1794 1060 1831 tibi
1076 1799 1198 1843 agant
1206 1799 1282 1842 pro
1301 1806 1344 1830 ea
1371 1793 1599 1832 liberalitate

209 1856 253 1881 ac
269 1844 437 1893 beneficio
455 1846 558 1893 quod
578 1846 813 1895 unigenitum
839 1848 985 1885 R'lium
1006 1852 1113 1884 tunm
1133 1848 1287 1886 D.lV.I.
1297 1848 1339 1886 C.
1351 1854 1429 1897 pro
1438 1847 1600 1897 peccatis

210 1898 349 1935 nostris
376 1899 417 1936 in
447 1904 602 1936 mortem
623 1901 830 1948 tradidisti,
852 1902 902 1938 da
924 1907 969 1939 ut
991 1902 1059 1939 lzoc
1074 1907 1183 1939 tuum
1201 1906 1445 1951 praeceptum
1465 1914 1507 1938 ea
1516 1901 1598 1950 fide

208 1951 433 2000 impleamus
455 1966 499 1989 ne
522 1958 554 1989 te
579 1953 821 2001 infallibilem
843 1956 1038 1993 veritatem
1064 1956 1145 1992 ulla
1169 1955 1341 1992 mendaci
1358 1955 1599 1993 simulatione

209 2004 443 2053 offi’ndamus
472 2011 543 2043 aut
569 2007 774 2046 irritemus.
830 2010 901 2046 Da
930 2022 1073 2058 quoque
1102 2014 1148 2046 ut
1173 2013 1252 2046 tam
1272 2014 1397 2046 sancte
1421 2009 1597 2047 vivamus

208 2064 319 2107 atque
347 2065 455 2096 tunm
485 2067 627 2109 corpus,
662 2066 744 2098 tuos
763 2061 874 2110 filios
893 2062 1168 2111 familiamque
1200 2067 1307 2100 tuam
1343 2064 1452 2100 decet.
1512 2064 1598 2111 Quo

209 2113 398 2150 increduli
427 2127 569 2163 quoque
615 2128 747 2152 nomen
786 2121 822 2152 et
851 2117 1017 2164 gloriam
1057 2122 1162 2153 tuam
1200 2129 1393 2165 agnoscere
1437 2117 1594 2155 discant.

214 2168 376 2205 Custodi
410 2180 485 2215 nos,
525 2169 704 2215 Domine,
746 2182 790 2206 ne
828 2183 960 2207 nomen
997 2175 1033 2207 et
1061 2171 1188 2219 gloria
1220 2176 1288 2208 tua
1309 2175 1471 2220 propter
1497 2171 1597 2209 vitae

209 2226 359 2258 nostrae
377 2222 616 2271 pravitatem
644 2223 686 2259 in
713 2225 976 2261 contumeliam
1006 2225 1198 2274 rapiatur.
1255 2225 1412 2273 Semper
1426 2237 1593 2270 oramus,

209 2274 373 2312 Domine
400 2289 495 2324 auge
523 2276 627 2314 nobis
642 2276 774 2325 fidem,
805 2278 872 2314 lzoc
898 2283 952 2316 est
976 2279 1234 2316 indubitatam
1250 2278 1439 2327 fiduciam
1467 2278 1508 2316 in
1534 2279 1595 2316 Te.

215 2329 272 2365 Tu
293 2330 362 2377 qui
378 2330 476 2367 vivis
495 2343 539 2367 ac
556 2343 702 2379 regnas,
723 2330 829 2368 Dens
848 2332 888 2369 in
907 2333 1066 2370 saecula.
1125 2332 1409 2382 Respondent:
1438 2332 1575 2370 Amen.

264 2382 422 2421 Deinde
443 2382 497 2421 sie
516 2383 595 2433 agit
615 2391 652 2422 et
673 2385 790 2423 verba
809 2398 917 2423 sacra
937 2386 1053 2423 simul
1073 2387 1209 2424 effatur
1229 2387 1366 2424 Pastor
1383 2400 1390 2423 :

263 2437 458 2474 Dominus
486 2439 603 2485 Iesus,
631 2451 673 2475 ea
708 2444 806 2476 nocte
835 2453 910 2488 qua
945 2441 1173 2478 tradebatur
1197 2441 1251 2477 ad
1277 2445 1441 2486 mortem,
1463 2439 1598 2489 accepit
