1715 2780
165 89 222 127 49
331 79 686 120 RADICALISM
717 83 790 119 AT
821 83 1217 123 WITTENBERG.
1254 94 1404 132 1521-2
1520 97 1568 132 99

221 185 265 225 C.
289 186 336 224 V.
360 184 593 225 deditissimi
705 187 841 236 Justus
863 187 1012 236 Jonasl
1038 186 1297 237 Praepositus.

708 240 913 290 Philippus
937 242 1236 279 Melanchthon.

706 296 744 333 N
749 295 896 333 icolaus
918 296 1207 335 Amsdorffius.2

707 351 912 400 Johannes
935 351 1054 389 Doltz
1073 364 1096 388 a
1116 350 1332 389 Veltkirch.

220 404 275 455 (b)
312 404 460 453 Synodi
485 405 524 443 A
529 404 865 454 ugustinianorum
895 406 939 442 de
958 406 1151 443 Libertate
1180 406 1462 444 Monaclwrum
1493 419 1569 444 sen-

165 459 296 496 tentia.

220 511 410 560 Vicarius,
422 512 574 551 Priores
588 520 626 552 et
642 514 777 552 fratres
792 513 953 552 Ordinis
963 515 999 552 S.
1011 513 1568 566 Augustini‚ll'⁷ittembergam

166 566 384 614 convocati,
411 568 462 606 de
482 567 583 606 votis
608 568 864 606 mendicitate
891 575 929 607 et
957 567 1042 606 aliis
1072 568 1224 618 legibus
1255 569 1483 608 monasticis
1514 570 1570 609 sic

166 620 525 672 pronunciavimus,
544 629 587 660 ut
603 621 779 673 sequitur
794 637 804 670 ,-
833 622 873 660 in
890 635 968 673 qua
989 623 1195 670 sententia,
1215 623 1307 674 quia
1328 625 1568 674 Scripturam

166 675 340 714 divinam
371 675 494 715 secuti
524 689 672 724 sumus,
703 678 889 715 nolumus
918 690 992 715 nos
1021 678 1196 715 humana
1225 678 1456 717 auctoritate
1491 681 1570 718 ulla

165 737 233 768 aut
248 730 432 768 humanis
453 730 731 769 traditionibus
752 731 877 781 premi
895 746 901 769 :
929 732 1044 770 decet
1066 731 1170 770 enim
1192 732 1312 771 verbo
1331 733 1407 772 Dei
1429 747 1568 772 omnes

166 792 361 823 creaturas
386 786 539 824 cedere.
612 786 853 835 Quanquam
885 785 1039 824 interim
1070 786 1334 836 permittimus
1364 787 1569 827 abundare

166 852 238 877 suo
267 852 396 887 sensu,
420 839 487 890 qui
516 847 583 878 aut
609 841 711 879 hanc
741 840 962 879 libertatem
988 854 1068 879 non
1090 840 1265 891 capiunt,
1285 849 1352 880 aut
1374 849 1569 892 potestate

165 906 236 932 sua
273 895 493 933 concedere
532 896 683 933 nolunt.
743 895 829 933 Nos
868 894 1060 933 rationem
1094 894 1228 935 iudicii
1260 896 1383 935 nostri
1422 896 1568 935 scimus

165 947 283 987 etiam
300 949 390 987 Deo
411 949 657 988 reddendam
679 962 777 996 esse,
794 956 947 987 tantum
964 950 1076 988 abest
1093 957 1135 988 ut
1155 950 1386 989 hominibus
1403 953 1568 990 reddere

166 1015 378 1041 vereamur.
439 1004 490 1041 Et
529 1003 621 1053 quia
659 1003 869 1042 consilium
904 1012 1083 1043 nostrum
1118 1011 1177 1043 est
1211 1004 1284 1055 piis
1315 1005 1568 1044 conscientiis

166 1056 325 1104 mederi,
349 1058 535 1096 nolumus
556 1057 791 1108 patrocinari
814 1066 991 1097 nostrum
1018 1058 1208 1098 iudicium
1239 1059 1285 1097 iis
1313 1060 1381 1110 qui
1402 1061 1567 1099 verbum

166 1111 243 1149 Dei
264 1112 315 1150 ad
335 1111 549 1162 perniciem
566 1111 748 1151 licentiae
768 1112 894 1151 carnis
916 1120 1157 1163 praetexunt.
1210 1115 1261 1152 Et
1282 1116 1391 1164 quod
1409 1116 1568 1154 Galatas

166 1166 321 1214 Paulus,
345 1165 450 1204 idem
472 1180 544 1205 nos
565 1180 774 1205 monemus
797 1180 935 1206 omnes
963 1167 1030 1217 qui
1060 1174 1193 1206 nostra
1223 1169 1320 1207 haec
1350 1169 1487 1208 lecturi
1508 1171 1568 1208 vel

163 1219 333 1258 audituri
374 1227 476 1268 sunt,
508 1222 617 1271 quod
657 1220 767 1259 liberi
803 1221 879 1260 sint
913 1223 1033 1261 modo
1066 1235 1116 1260 ne
1148 1223 1243 1261 dent
1275 1222 1496 1262 libertatem
1528 1224 1568 1262 in

163 1273 414 1313 occasionem
436 1274 553 1323 carni,
578 1276 647 1314 sed
669 1276 880 1314 satisfaciat
901 1289 971 1315 sua
993 1276 1136 1326 cuique
1157 1277 1411 1316 conscientia.
1463 1280 1567 1317 Nam

164 1329 273 1379 quod
304 1342 351 1368 ex
379 1329 458 1368 fide
488 1343 569 1368 non
600 1330 642 1368 fit
673 1338 881 1380 peccatum
912 1338 980 1369 est.
1043 1332 1224 1378 Proinde,
1260 1334 1422 1380 Fratres,
1447 1332 1568 1371 nolite

164 1395 314 1431 errare3
345 1385 455 1423 Deus
475 1397 557 1423 non
579 1383 770 1424 irridetur.

223 1446 273 1476 10.
306 1439 411 1489 Ergo
432 1438 694 1489 permittimus
715 1439 902 1479 omnibus
929 1441 990 1478 vel
1012 1453 1171 1479 manere
1198 1440 1237 1478 in
1267 1441 1487 1480 monastica
1508 1444 1568 1481 vel

164 1492 343 1531 deserere
365 1493 622 1540 monasticen,
639 1495 800 1544 quando
815 1494 882 1544 qui
904 1494 942 1532 in
962 1494 1120 1533 Christo
1137 1502 1228 1533 sunt
1242 1509 1315 1534 nec
1338 1496 1476 1535 Iudaei
1494 1510 1568 1536 nec

163 1546 304 1585 Graeci
334 1560 407 1586 nec
437 1548 623 1587 monachi
653 1562 727 1587 nec
756 1548 844 1587 laici
874 1557 975 1587 sunt.
1042 1550 1092 1587 Et
1121 1557 1257 1588 votum
1284 1558 1421 1589 contra
1443 1553 1569 1589 Evan-

162 1600 307 1651 gelium
329 1615 409 1640 non
431 1609 567 1640 votum
590 1604 659 1642 sed
680 1602 860 1653 impietas
881 1611 950 1642 est.

220 1663 272 1693 20.
307 1656 412 1705 Quia
428 1656 652 1696 Christiana
673 1657 830 1696 libertas
853 1658 1018 1708 Spiritus
1040 1658 1198 1697 libertas
1220 1666 1289 1706 est,
1308 1673 1409 1709 quae
1431 1673 1504 1699 nec
1528 1661 1567 1699 in

164 1722 254 1748 esca
271 1723 345 1749 nec
366 1710 405 1748 in
422 1711 560 1749 habitu
582 1711 709 1762 posita
731 1719 799 1759 est,
823 1713 952 1762 placet
974 1720 1015 1750 ut
1037 1712 1191 1751 interim
1214 1721 1321 1751 veste
1342 1721 1380 1752 et
1401 1715 1567 1765 vulgatis

164 1763 301 1802 ritibus
334 1766 621 1804 monachorum
652 1773 820 1813 utantur,
856 1766 923 1816 qui
953 1766 993 1804 in
1022 1767 1164 1806 nostris
1194 1768 1566 1818 congregationibus

163 1817 309 1865 vivunt,
327 1826 369 1857 ut
385 1819 571 1858 omnibus
592 1820 726 1858 omnia
743 1821 898 1868 fiamus,
915 1821 1025 1859 Pauli
1042 1823 1224 1871 exemplo
1251 1835 1265 1859 1
1290 1823 1379 1861 Cor.
1396 1823 1432 1860 ix
1450 1821 1552 1876 [22]

216 1880 270 1921 30.
302 1874 380 1912 Sed
410 1873 464 1912 ita
493 1875 744 1913 moderemur
772 1875 1015 1913 ceremonias
1046 1884 1129 1914 tum
1160 1877 1310 1915 utendo
1340 1885 1423 1915 tum
1457 1878 1568 1916 abro-

161 1927 292 1976 gando
323 1928 467 1966 necubi
502 1930 563 1967 vel
598 1929 695 1968 fides
729 1929 963 1979 cuiusquam
998 1931 1176 1969 laedatur
1204 1932 1265 1969 vel
1295 1932 1334 1968 in
1364 1931 1566 1971 caritatem

160 1988 355 2030 peccetur.
406 1984 499 2021 Non
520 1990 579 2021 est
599 1983 704 2022 enim
727 1997 890 2033 regnum
913 1984 989 2023 Dei
1010 1998 1099 2023 esca
1120 1992 1158 2024 et
1179 1993 1306 2035 potuS‚
1331 1987 1399 2024 sed
1422 1986 1567 2025 iustitia

160 2047 235 2084 pax
254 2042 292 2074 et
311 2036 499 2086 gaudium
528 2037 568 2075 in
589 2037 733 2088 Spiritu
755 2046 902 2076 sancto.

215 2097 270 2136 40.
303 2090 605 2130 Mendicitatem
627 2091 909 2140 interdicimus,
934 2106 1052 2143 quam
1075 2094 1190 2133 toties
1211 2093 1333 2132 vetuit
1354 2094 1564 2145 Scriptura,

165 2156 183 2180 2
207 2144 346 2183 Thess.
369 2144 409 2182 iii
431 2143 532 2198 [12].
558 2176 564 2183 .
591 2176 597 2183 .
622 2176 629 2184 .
656 2146 935 2185 Interdicimus
956 2155 994 2186 et
1017 2147 1151 2186 Missis
1173 2147 1505 2198 votivis,quando
1526 2158 1564 2188 et

160 2196 210 2235 ab
231 2197 339 2236 omni
360 2199 491 2250 specie
512 2201 614 2238 mala
633 2200 831 2240 abstinere
852 2214 924 2240 nos
945 2203 1162 2252 Apostolus
1183 2201 1316 2241 voluit.

205 2266 217 2286 ¹
239 2267 350 2308 Justus
376 2269 490 2310 Jonas,
519 2271 753 2312 1493-†1555;
786 2280 878 2312 1521,
905 2272 1044 2304 Provost
1068 2273 1106 2303 of
1124 2272 1180 2304 the
1204 2272 1318 2304 Castle
1342 2272 1474 2304 Chureh
1499 2274 1563 2304 and

162 2310 327 2384 grofessor
344 2312 381 2343 of
394 2313 509 2363 Canon
530 2314 609 2363 ξων
627 2315 657 2345 ἰη
675 2315 902 2356 Wittenberg3
931 2315 1068 2357 1541-6‚
1088 2315 1248 2347 Preacher
1263 2316 1296 2347 in
1316 2316 1417 2347 IIalle
1431 2327 1438 2354 ;
1468 2326 1478 2346 1
1488 2327 1504 2357 5
1510 2326 1561 2357 52,

186 2365 230 2415 1121)
232 2356 640 2439 eNnsstoelxggeaenxzklglfflzlss
661 2402 720 2442 148
726 2402 807 2441 3-†1
815 2402 896 2443 565:
924 2403 1018 2444 1508,
1032 2403 1147 2435 Canon
1166 2403 1203 2435 of
1214 2403 1269 2434 the
1285 2403 1397 2434 Castle
1411 2402 1562 2441 Church;

162 2440 343 2481 Reformer,
370 2452 463 2484 1524,
489 2444 528 2475 of
548 2444 775 2486 Magdeburg;
810 2447 970 2486 1528—31‚
997 2447 1034 2478 os
1055 2447 1196 2485 Goslar;
1226 2446 1365 2487 1542-6‚
1393 2446 1558 2489 ‘Bishop’

163 2484 200 2514 of
213 2484 408 2527 Naumburg
423 2498 429 2524 ;
456 2496 539 2529 1550
555 2490 585 2519 in
604 2489 774 2520 Eisenach.

824 2545 852 2569 H
877 2547 895 2570 2
