1715 2780
137 118 203 156 161
337 114 580 154 ZWINGLI
611 113 730 151 THE
762 112 1081 157 HUMANIST,
1114 111 1189 149 TO
1226 122 1325 160 1519
1458 110 1529 158 381

137 221 302 272 piorum,
324 220 395 259 sed
414 232 496 258 non
516 230 642 268 usque
670 217 772 256 adeo
799 216 1007 255 doctorum
1038 213 1257 260 hominum,
1280 226 1377 262 quas
1403 212 1456 250 illi
1479 213 1538 251 vel

136 273 294 325 publice
309 274 370 312 vel
384 271 564 325 privatim
579 271 813 317 effuderunt,
829 282 914 308 esse
935 267 1246 319 congestionem.
1297 266 1406 316 Quid
1422 264 1538 316 igitur

135 328 275 367 attinet
316 328 351 366 ei
390 334 470 366 tam
512 324 779 377 superstitiose
818 325 988 370 haerere,
1028 335 1119 361 cum
1159 321 1376 361 etiamnum
1424 319 1540 358 liceat

137 381 371 422 Insubribus
405 380 607 420 Ambrosii
638 379 696 418 sui
728 377 968 429 praescripto
1002 377 1069 425 uti,
1109 375 1176 427 qui
1211 374 1394 426 nunquid
1429 373 1538 414 Chri-

136 438 250 476 stiani
280 449 361 475 non
391 437 514 474 sunt?
570 434 795 474 Christiano
818 432 933 483 igitur
960 438 998 471 et
1028 430 1124 469 mihi
1153 429 1287 469 licebit
1312 428 1538 469 Christiano

115 530 119 532 ,
136 492 302 532 Canone
322 490 378 529 uti
399 489 494 529 citra
514 502 674 528 omnem
691 489 751 527 vel
773 486 864 526 fidei
885 487 946 526 vel
967 485 1138 524 nominis
1159 484 1361 523 iacturam.
1384 514 1391 522 .
1416 514 1422 521 .
1449 513 1455 521 .

281 594 371 638 No.
394 595 487 636 162.
540 591 758 645 Zwingli
788 593 843 634 at
874 589 1181 640 Einsiedeln,
1202 588 1397 641 1516-18.

321 671 439 709 From
459 682 482 707 a
502 669 634 707 Letter
653 673 688 705 to
698 666 877 718 Joaclzim
913 666 1027 712 Walt,
1055 678 1100 714 13
1122 666 1226 714 June
1251 674 1362 713 1517.

191 766 198 775 .
232 766 240 774 .
273 765 280 774 .
314 736 465 774 Locum
496 731 734 771 mutavimus
764 744 845 768 non
873 729 1069 780 cupidinis
1093 735 1160 767 aut
1189 726 1415 778 cupiditatis
1442 725 1540 765 moti

136 788 314 836 stimulis,
332 801 467 827 verum
489 788 693 826 Gallorum
721 784 899 832 technis;
927 792 966 823 et
992 796 1099 822 nunc
1121 782 1278 822 Eremi¹
1300 793 1446 820 sumus.
1469 810 1476 818 .
1503 809 1511 817 .
1535 809 1541 817 .

137 843 246 891 Quid
275 842 397 882 cladis
427 840 542 880 nobis
571 838 743 878 attulerit
772 839 933 877 tandem
964 837 1083 876 factio
1109 836 1174 875 illa
1200 835 1362 881 Gallica,
1386 835 1538 873 dudum

137 900 265 937 famae
284 904 424 936 ventus
445 897 495 935 ad
516 908 585 934 vos
606 894 783 945 perflavit
799 907 807 940 3
831 891 965 931 omnia
986 899 1129 938 tamen,
1148 890 1223 928 nisi
1244 891 1397 929 dudum
1420 887 1540 927 scisse

139 960 176 991 te
205 965 287 990 non
317 949 550 997 dubitarem,
574 960 860 999 percenserem.
932 945 1096 984 Fuimus
1126 944 1231 983 enim
1262 957 1350 994 pars
1380 955 1541 993 quoque

137 1019 265 1045 rerum
284 1012 481 1056 gestarum
500 1019 507 1042 :
538 1002 779 1042 calamitates
800 1000 906 1040 enirn
928 1002 1071 1039 multas
1092 1000 1153 1039 vel
1173 997 1335 1037 tulimus
1355 998 1416 1036 vel
1441 997 1540 1035 ferre

138 1059 362 1100 didicimus.
396 1089 402 1095 .
434 1089 440 1097 .
474 1088 480 1096 .

216 1163 306 1207 No.
327 1162 423 1216 163.
485 1159 990 1259 BeatusssRgenanug
1022 1169 1088 1200 on
1119 1157 1467 1210 Indulgences‚

794 1228 864 1260 ee.
888 1227 955 1269 151
988 1248 998 1259 .

196 1308 321 1345 Recte
342 1304 478 1351 fecisti,
503 1304 559 1342 vir
585 1302 745 1354 optime,
775 1303 841 1352 qui
864 1299 994 1339 statim
1024 1312 1096 1338 nos
1121 1299 1240 1338 literis
1261 1298 1336 1337 tuis
1358 1296 1541 1336 certiores

141 1359 358 1400 reddideris
379 1359 569 1409 quidnam
592 1357 631 1395 in
652 1370 692 1396 re
713 1356 777 1394 illa
798 1369 916 1406 quam
939 1363 976 1393 te
997 1352 1296 1404 diligentissime
1317 1359 1540 1391 curaturum

141 1427 354 1465 receperas,
377 1412 532 1463 egisses.
592 1413 696 1450 Nam
723 1410 797 1449 scis
823 1422 942 1460 quam
967 1407 1083 1447 nobis
1113 1421 1229 1446 curae
1259 1406 1308 1446 sit
1338 1420 1383 1445 ea
1410 1419 1481 1453 res,
1504 1412 1543 1444 et

142 1476 184 1507 ut
227 1470 281 1516 fit,
321 1481 412 1507 cum
446 1465 567 1506 animi
605 1466 810 1516 pendetur,
847 1462 1049 1513 negotium
1084 1461 1276 1501 infelicius
1308 1459 1543 1499 successisse

142 1529 401 1574 putassemus,
442 1521 517 1559 nisi
555 1520 671 1559 nobis
705 1532 795 1558 euni
835 1518 1063 1568 scrupulum
1101 1515 1330 1555 ademisses.
1398 1512 1442 1551 ‘O
1477 1516 1545 1564 μὲν

143 1577 398 1628 κοιρδινάλιος2
419 1577 461 1615 οὕ
480 1593 544 1626 μοι
563 1575 658 1613 πάνυ
678 1574 811 1614 πιστὸς
831 1572 921 1611 εἶναι
945 1572 1054 1610 δοκεῖ·
1077 1572 1208 1611 καύτὸς
1230 1572 1302 1622 ’γὰρ
1323 1569 1461 1618 ἐκείνης
1480 1570 1545 1618 τῆς

145 1632 331 1683 κωμῳδίας
351 1630 399 1670 εἷς
420 1634 510 1677 ἐστι,
534 1630 578 1668 ἂν
597 1630 649 1679 μὴ
669 1630 692 1678 ἡ
713 1628 846 1679 ἀτυχία
872 1628 983 1665 αὐτοῦ
1004 1626 1069 1665 τὸν
1092 1628 1177 1664 νοῦν
1199 1625 1421 1674 μετέβαλεν.
1482 1623 1544 1661 De

145 1684 334 1725 Lutherio
355 1683 452 1722 nihil
472 1685 568 1723 dum
589 1681 781 1733 comperti
801 1680 1005 1719 habemus.
1049 1678 1226 1717 Risimus
1242 1678 1402 1716 abunde
1417 1675 1546 1715 venia·

145 1752 231 1778 rum
271 1737 520 1784 institorem,⁸
557 1749 676 1786 quem
716 1735 755 1773 in
803 1733 922 1773 literis
964 1733 1040 1771 tuis
1088 1731 1273 1783 graphice
1320 1728 1542 1780 depinxisti.

147 1795 256 1831 Dant
276 1791 367 1831 belli
388 1791 557 1831 ducibus
584 1789 713 1828 literas
743 1802 813 1838 pro
843 1787 1022 1837 perituris
1047 1786 1086 1824 in
1116 1786 1234 1824 bello.
1293 1785 1425 1831 Quam
1456 1790 1547 1822 sunt

146 1847 245 1885 haec
264 1845 400 1885 frivola
420 1852 458 1884 et
479 1843 695 1883 Pontificiis
721 1842 877 1892 Legatis
902 1840 1075 1891 indigna.
1133 1840 1243 1888 Quid
1273 1852 1354 1877 non
1385 1838 1547 1877 tandem

146 1899 440 1951 excogitabitur,
472 1906 515 1937 ut
548 1896 720 1936 nummis
751 1894 892 1934 nostris
922 1894 1091 1945 potiatur
1123 1893 1267 1931 Italia?
1335 1895 1421 1931 Nec
1456 1905 1547 1930 vero

147 1954 225 1992 risu
246 1955 343 1992 haec
364 1952 483 2004 digna
503 1959 611 2002 puto,
634 1951 703 1989 sed
724 1948 893 1988 lacrimis
913 1948 1055 1999 potius.
1115 1949 1219 1985 Nam
1242 1946 1338 1984 nihil
1358 1954 1417 1985 est
1437 1946 1546 1995 quod

149 2007 270 2058 magis
303 2007 397 2045 mihi
418 2007 551 2046 doleat
581 2018 699 2055 quam
739 2004 848 2054 quod
882 2002 998 2041 video
1039 2001 1307 2041 Christianum
1355 2001 1546 2050 populum

148 2060 293 2112 passim
322 2059 579 2100 caeremoniis
613 2058 710 2096 nihil
743 2058 795 2096 ad
833 2070 915 2095 rem
947 2055 1234 2107 pertinentibus
1272 2053 1435 2099 onerari,
1468 2053 1548 2091 imo

150 2114 265 2161 meris
286 2114 446 2154 naeniis.
496 2116 547 2152 Et
567 2125 725 2151 causam
747 2124 827 2150 non
848 2109 964 2149 aliam
985 2111 1136 2160 reperio
1156 2122 1275 2158 quam
1297 2109 1407 2158 quod
1428 2120 1547 2145 sacer-

150 2169 264 2207 dotes
293 2182 361 2219 per
389 2165 665 2207 summularios
699 2165 793 2203 istos
824 2172 862 2202 et
891 2163 1126 2213 sophisticos
1157 2163 1362 2212 theologos
1393 2159 1548 2209 decepti

151 2221 348 2261 ethnicam
378 2229 445 2261 aut
475 2220 679 2260 Iudaicam
714 2218 934 2257 doctrinam
969 2218 1126 2256 docent.
1187 2218 1248 2254 De
1278 2216 1394 2265 vulgo
1429 2226 1550 2251 sacer-

152 2277 289 2315 dotum
311 2277 463 2326 loquor.
520 2275 662 2324 Neque
692 2272 798 2311 enim
827 2285 890 2310 me
916 2272 1010 2310 latet
1037 2278 1075 2309 te
1101 2269 1238 2320 tuique
1262 2268 1407 2307 similes
1429 2266 1549 2317 puris-

154 2328 292 2368 simam
306 2328 453 2370 Christi
469 2325 761 2380 philosophiam
779 2338 825 2364 ex
841 2324 934 2376 ipsis
952 2324 1126 2364 fontibus
1147 2324 1296 2374 populo
1318 2333 1549 2372 proponere,

372 2410 380 2427 ¹
406 2411 452 2442 At
468 2407 666 2442 Einsiedeln.
713 2405 895 2438 Einsiedler
912 2420 940 2432 =
958 2416 976 2436 a
993 2406 1120 2438 hermit.

373 2452 384 2472 2
410 2453 569 2484 Matthew
585 2451 752 2488 Seffinner,
770 2448 894 2490 Bishop
911 2449 947 2480 of
960 2448 1063 2481 Sitten
1083 2447 1308 2489 1499-†1522.

372 2496 384 2514 ³
408 2495 607 2527 Bernhardin
625 2494 774 2525 Samson.
