<?xml version="1.0" encoding="UTF-8"?>
<!DOCTYPE html PUBLIC "-//W3C//DTD XHTML 1.0 Transitional//EN"
    "http://www.w3.org/TR/xhtml1/DTD/xhtml1-transitional.dtd">
<html xmlns="http://www.w3.org/1999/xhtml" xml:lang="en" lang="en">
 <head>
  <title>
</title>
<meta http-equiv="Content-Type" content="text/html;charset=utf-8" />
  <meta name='ocr-system' content='tesseract 3.04.00' />
  <meta name='ocr-capabilities' content='ocr_page ocr_carea ocr_par ocr_line ocrx_word'/>
</head>
<body>
  <div class='ocr_page' id='page_1' title='image "./docreform00kidd_0071.png"; bbox 0 0 1715 2780; ppageno 0'>
   <div class='ocr_carea' id='block_1_1' title="bbox 105 63 1500 128">
    <p class='ocr_par' dir='ltr' id='par_1_1' title="bbox 105 63 1500 128">
     <span class='ocr_line' id='line_1_1' title="bbox 105 63 1500 128; baseline -0.011 -9"><span class='ocrx_word' id='word_1_1' title='bbox 105 90 157 128; x_wconf 83' lang='lat'>23</span> <span class='ocrx_word' id='word_1_2' title='bbox 610 74 859 119; x_wconf 84' lang='lat' dir='ltr'>MILTITZ,</span> <span class='ocrx_word' id='word_1_3' title='bbox 896 83 940 122; x_wconf 88' lang='lat'>15</span> <span class='ocrx_word' id='word_1_4' title='bbox 951 86 965 109; x_wconf 93' lang='lat'>1</span> <span class='ocrx_word' id='word_1_5' title='bbox 975 86 996 121; x_wconf 86' lang='lat'>9</span> <span class='ocrx_word' id='word_1_6' title='bbox 1142 63 1147 67; x_wconf 43' lang='lat'>⁵</span> <span class='ocrx_word' id='word_1_7' title='bbox 1451 81 1500 118; x_wconf 82' lang='lat'>43</span> 
     </span>
    </p>
   </div>
   <div class='ocr_carea' id='block_1_2' title="bbox 103 174 1523 2511">
    <p class='ocr_par' dir='ltr' id='par_1_2' title="bbox 105 174 1502 285">
     <span class='ocr_line' id='line_1_2' title="bbox 105 174 1502 224; baseline -0.01 -1"><span class='ocrx_word' id='word_1_8' title='bbox 105 183 282 224; x_wconf 90' lang='lat' dir='ltr'>oviculae</span> <span class='ocrx_word' id='word_1_9' title='bbox 303 189 393 221; x_wconf 90' lang='lat' dir='ltr'>tuae</span> <span class='ocrx_word' id='word_1_10' title='bbox 413 179 569 220; x_wconf 84' lang='lat' dir='ltr'><strong>interim</strong></span> <span class='ocrx_word' id='word_1_11' title='bbox 587 176 894 217; x_wconf 87' lang='lat' dir='ltr'>clementissime</span> <span class='ocrx_word' id='word_1_12' title='bbox 914 175 1219 214; x_wconf 87' lang='lat' dir='ltr'>accommodare</span> <span class='ocrx_word' id='word_1_13' title='bbox 1240 174 1421 223; x_wconf 81' lang='lat' dir='ltr'>dignetur</span> <span class='ocrx_word' id='word_1_14' title='bbox 1439 175 1502 211; x_wconf 82' lang='grc' dir='ltr'>ΒΟ.</span> 
     </span>
     <span class='ocr_line' id='line_1_3' title="bbox 105 229 1162 285; baseline -0.011 -7"><span class='ocrx_word' id='word_1_15' title='bbox 105 246 182 285; x_wconf 87' lang='lat' dir='ltr'>tua,</span> <span class='ocrx_word' id='word_1_16' title='bbox 204 245 242 276; x_wconf 85' lang='lat' dir='ltr'>et</span> <span class='ocrx_word' id='word_1_17' title='bbox 263 237 439 275; x_wconf 88' lang='lat' dir='ltr'>balatum</span> <span class='ocrx_word' id='word_1_18' title='bbox 460 247 593 273; x_wconf 89' lang='lat' dir='ltr'>meum</span> <span class='ocrx_word' id='word_1_19' title='bbox 614 234 721 271; x_wconf 90' lang='lat' dir='ltr'>hunc</span> <span class='ocrx_word' id='word_1_20' title='bbox 742 232 917 270; x_wconf 88' lang='lat' dir='ltr'>officiose</span> <span class='ocrx_word' id='word_1_21' title='bbox 937 229 1162 279; x_wconf 87' lang='lat' dir='ltr'>intelligere.</span> 
     </span>
    </p>

    <p class='ocr_par' dir='ltr' id='par_1_3' title="bbox 103 282 1507 776">
     <span class='ocr_line' id='line_1_4' title="bbox 159 282 1505 341; baseline -0.008 -11"><span class='ocrx_word' id='word_1_22' title='bbox 159 291 249 330; x_wconf 87' lang='lat' dir='ltr'>Fuit</span> <span class='ocrx_word' id='word_1_23' title='bbox 282 291 388 341; x_wconf 87' lang='lat' dir='ltr'>apud</span> <span class='ocrx_word' id='word_1_24' title='bbox 419 302 493 328; x_wconf 91' lang='lat' dir='ltr'>nos</span> <span class='ocrx_word' id='word_1_25' title='bbox 523 289 713 326; x_wconf 88' lang='lat' dir='ltr'>honestus</span> <span class='ocrx_word' id='word_1_26' title='bbox 745 285 810 324; x_wconf 91' lang='lat' dir='ltr'>hic</span> <span class='ocrx_word' id='word_1_27' title='bbox 848 286 904 323; x_wconf 89' lang='lat' dir='ltr'>vir</span> <span class='ocrx_word' id='word_1_28' title='bbox 937 285 1103 324; x_wconf 82' lang='lat' dir='ltr'>Carolus</span> <span class='ocrx_word' id='word_1_29' title='bbox 1138 282 1290 329; x_wconf 85' lang='lat' dir='ltr'>Miltitz,</span> <span class='ocrx_word' id='word_1_30' title='bbox 1324 283 1383 319; x_wconf 60' lang='grc' dir='ltr'>ΒΞ.</span> <span class='ocrx_word' id='word_1_31' title='bbox 1415 288 1505 319; x_wconf 88' lang='lat' dir='ltr'>tuae</span> 
     </span>
     <span class='ocr_line' id='line_1_5' title="bbox 105 336 1506 391; baseline -0.009 -5"><span class='ocrx_word' id='word_1_32' title='bbox 105 346 342 386; x_wconf 89' lang='lat' dir='ltr'>Secretarius</span> <span class='ocrx_word' id='word_1_33' title='bbox 370 343 656 388; x_wconf 90' lang='lat' dir='ltr'>Cubicularius,</span> <span class='ocrx_word' id='word_1_34' title='bbox 679 340 906 391; x_wconf 90' lang='lat' dir='ltr'>gravissime</span> <span class='ocrx_word' id='word_1_35' title='bbox 935 346 1118 377; x_wconf 79' lang='lat' dir='ltr'>causatus</span> <span class='ocrx_word' id='word_1_36' title='bbox 1146 336 1308 375; x_wconf 90' lang='lat' dir='ltr'>nomine</span> <span class='ocrx_word' id='word_1_37' title='bbox 1335 338 1393 374; x_wconf 61' lang='grc' dir='ltr'>ΒΞ.</span> <span class='ocrx_word' id='word_1_38' title='bbox 1416 343 1506 374; x_wconf 85' lang='lat' dir='ltr'>tuae</span> 
     </span>
     <span class='ocr_line' id='line_1_6' title="bbox 104 391 1505 451; baseline -0.01 -11"><span class='ocrx_word' id='word_1_39' title='bbox 104 401 210 451; x_wconf 88' lang='lat' dir='ltr'>apud</span> <span class='ocrx_word' id='word_1_40' title='bbox 225 398 530 438; x_wconf 89' lang='lat' dir='ltr'>illustrissimum</span> <span class='ocrx_word' id='word_1_41' title='bbox 546 395 769 445; x_wconf 82' lang='lat' dir='ltr'>Principem</span> <span class='ocrx_word' id='word_1_42' title='bbox 787 394 1030 432; x_wconf 89' lang='lat' dir='ltr'>Fridericum</span> <span class='ocrx_word' id='word_1_43' title='bbox 1047 393 1097 431; x_wconf 92' lang='lat' dir='ltr'>de</span> <span class='ocrx_word' id='word_1_44' title='bbox 1115 405 1202 430; x_wconf 91' lang='lat' dir='ltr'>mea</span> <span class='ocrx_word' id='word_1_45' title='bbox 1222 391 1262 429; x_wconf 92' lang='lat' dir='ltr'>in</span> <span class='ocrx_word' id='word_1_46' title='bbox 1280 392 1505 428; x_wconf 76' lang='lat' dir='ltr'>Romanam</span> 
     </span>
     <span class='ocr_line' id='line_1_7' title="bbox 105 445 1506 495; baseline -0.009 -2"><span class='ocrx_word' id='word_1_47' title='bbox 105 455 324 493; x_wconf 81' lang='lat' dir='ltr'>Ecclesiam</span> <span class='ocrx_word' id='word_1_48' title='bbox 345 460 384 492; x_wconf 92' lang='lat' dir='ltr'>et</span> <span class='ocrx_word' id='word_1_49' title='bbox 406 454 483 491; x_wconf 82' lang='lat' dir='ltr'>Bm.</span> <span class='ocrx_word' id='word_1_50' title='bbox 497 459 605 489; x_wconf 89' lang='lat' dir='ltr'>tuam</span> <span class='ocrx_word' id='word_1_51' title='bbox 627 458 665 488; x_wconf 86' lang='lat' dir='ltr'>et</span> <span class='ocrx_word' id='word_1_52' title='bbox 684 448 933 488; x_wconf 78' lang='lat' dir='ltr'>irreverentia</span> <span class='ocrx_word' id='word_1_53' title='bbox 954 455 992 486; x_wconf 92' lang='lat' dir='ltr'>et</span> <span class='ocrx_word' id='word_1_54' title='bbox 1012 445 1232 485; x_wconf 83' lang='lat' dir='ltr'>temeritate</span> <span class='ocrx_word' id='word_1_55' title='bbox 1253 445 1506 495; x_wconf 75' lang='lat' dir='ltr'>expostulans</span> 
     </span>
     <span class='ocr_line' id='line_1_8' title="bbox 104 497 1507 556; baseline -0.009 -8"><span class='ocrx_word' id='word_1_56' title='bbox 104 507 423 548; x_wconf 88' lang='lat' dir='ltr'>satisfactionem.</span> <span class='ocrx_word' id='word_1_57' title='bbox 483 507 569 556; x_wconf 88' lang='lat' dir='ltr'>Ego</span> <span class='ocrx_word' id='word_1_58' title='bbox 599 504 672 542; x_wconf 91' lang='lat' dir='ltr'>ista</span> <span class='ocrx_word' id='word_1_59' title='bbox 696 503 862 542; x_wconf 86' lang='lat' dir='ltr'>audiens</span> <span class='ocrx_word' id='word_1_60' title='bbox 890 502 1104 552; x_wconf 89' lang='lat' dir='ltr'>plurimum</span> <span class='ocrx_word' id='word_1_61' title='bbox 1134 499 1244 539; x_wconf 90' lang='lat' dir='ltr'>dolui</span> <span class='ocrx_word' id='word_1_62' title='bbox 1273 497 1507 537; x_wconf 86' lang='lat' dir='ltr'>officiosissi-</span> 
     </span>
     <span class='ocr_line' id='line_1_9' title="bbox 105 554 1507 605; baseline -0.009 -3"><span class='ocrx_word' id='word_1_63' title='bbox 105 576 214 602; x_wconf 91' lang='lat' dir='ltr'>mum</span> <span class='ocrx_word' id='word_1_64' title='bbox 228 561 399 601; x_wconf 89' lang='lat' dir='ltr'>officium</span> <span class='ocrx_word' id='word_1_65' title='bbox 416 573 549 599; x_wconf 90' lang='lat' dir='ltr'>meum</span> <span class='ocrx_word' id='word_1_66' title='bbox 566 567 645 598; x_wconf 90' lang='lat' dir='ltr'>tam</span> <span class='ocrx_word' id='word_1_67' title='bbox 662 557 795 596; x_wconf 89' lang='lat' dir='ltr'>infelix</span> <span class='ocrx_word' id='word_1_68' title='bbox 811 569 897 595; x_wconf 88' lang='lat' dir='ltr'>esse</span> <span class='ocrx_word' id='word_1_69' title='bbox 912 564 966 603; x_wconf 83' lang='lat' dir='ltr'>ut,</span> <span class='ocrx_word' id='word_1_70' title='bbox 982 556 1091 605; x_wconf 91' lang='lat' dir='ltr'>quod</span> <span class='ocrx_word' id='word_1_71' title='bbox 1105 568 1175 605; x_wconf 91' lang='lat' dir='ltr'>pro</span> <span class='ocrx_word' id='word_1_72' title='bbox 1190 554 1340 592; x_wconf 88' lang='lat' dir='ltr'>tuendo</span> <span class='ocrx_word' id='word_1_73' title='bbox 1355 554 1507 591; x_wconf 88' lang='lat' dir='ltr'>honore</span> 
     </span>
     <span class='ocr_line' id='line_1_10' title="bbox 103 607 1507 662; baseline -0.009 -6"><span class='ocrx_word' id='word_1_74' title='bbox 103 616 305 656; x_wconf 85' lang='lat' dir='ltr'>Ecclesiae</span> <span class='ocrx_word' id='word_1_75' title='bbox 334 618 542 654; x_wconf 87' lang='lat' dir='ltr'>Romanae</span> <span class='ocrx_word' id='word_1_76' title='bbox 571 625 831 662; x_wconf 84' lang='lat' dir='ltr'>susceperam,</span> <span class='ocrx_word' id='word_1_77' title='bbox 864 610 904 648; x_wconf 92' lang='lat' dir='ltr'>in</span> <span class='ocrx_word' id='word_1_78' title='bbox 932 608 1222 648; x_wconf 81' lang='lat' dir='ltr'>irreverentiam</span> <span class='ocrx_word' id='word_1_79' title='bbox 1253 607 1370 646; x_wconf 90' lang='lat' dir='ltr'>etiam</span> <span class='ocrx_word' id='word_1_80' title='bbox 1400 608 1507 657; x_wconf 89' lang='lat' dir='ltr'>apud</span> 
     </span>
     <span class='ocr_line' id='line_1_11' title="bbox 104 661 1507 722; baseline -0.009 -12"><span class='ocrx_word' id='word_1_81' title='bbox 104 671 233 722; x_wconf 89' lang='lat' dir='ltr'>ipsum</span> <span class='ocrx_word' id='word_1_82' title='bbox 260 669 446 709; x_wconf 91' lang='lat' dir='ltr'>verticem</span> <span class='ocrx_word' id='word_1_83' title='bbox 473 668 651 707; x_wconf 90' lang='lat' dir='ltr'>eiusdem</span> <span class='ocrx_word' id='word_1_84' title='bbox 680 665 882 704; x_wconf 83' lang='lat' dir='ltr'>Ecclesiae</span> <span class='ocrx_word' id='word_1_85' title='bbox 909 678 954 702; x_wconf 89' lang='lat' dir='ltr'>ac</span> <span class='ocrx_word' id='word_1_86' title='bbox 984 666 1142 714; x_wconf 85' lang='lat' dir='ltr'>plenam</span> <span class='ocrx_word' id='word_1_87' title='bbox 1171 662 1299 701; x_wconf 89' lang='lat' dir='ltr'>omnis</span> <span class='ocrx_word' id='word_1_88' title='bbox 1326 661 1416 699; x_wconf 90' lang='lat' dir='ltr'>mali</span> <span class='ocrx_word' id='word_1_89' title='bbox 1449 674 1507 699; x_wconf 88' lang='lat' dir='ltr'>su-</span> 
     </span>
     <span class='ocr_line' id='line_1_12' title="bbox 105 723 504 776; baseline -0.008 -12"><span class='ocrx_word' id='word_1_90' title='bbox 105 725 323 776; x_wconf 89' lang='lat' dir='ltr'>spicionem</span> <span class='ocrx_word' id='word_1_91' title='bbox 344 723 504 763; x_wconf 89' lang='lat' dir='ltr'>venerit.</span> 
     </span>
    </p>

    <p class='ocr_par' dir='ltr' id='par_1_4' title="bbox 105 770 1514 1471">
     <span class='ocr_line' id='line_1_13' title="bbox 159 770 1507 830; baseline -0.009 -11"><span class='ocrx_word' id='word_1_92' title='bbox 159 781 240 819; x_wconf 87' lang='lat' dir='ltr'>Sed</span> <span class='ocrx_word' id='word_1_93' title='bbox 279 778 376 830; x_wconf 91' lang='lat' dir='ltr'>quid</span> <span class='ocrx_word' id='word_1_94' title='bbox 415 791 540 828; x_wconf 86' lang='lat' dir='ltr'>agam,</span> <span class='ocrx_word' id='word_1_95' title='bbox 584 778 628 815; x_wconf 82' lang='lat' dir='ltr'>B.</span> <span class='ocrx_word' id='word_1_96' title='bbox 662 776 728 814; x_wconf 74' lang='lat' dir='ltr'>R?</span> <span class='ocrx_word' id='word_1_97' title='bbox 786 776 943 813; x_wconf 86' lang='lat' dir='ltr'>Desunt</span> <span class='ocrx_word' id='word_1_98' title='bbox 983 772 1079 810; x_wconf 85' lang='lat' dir='ltr'>mihi</span> <span class='ocrx_word' id='word_1_99' title='bbox 1119 770 1284 810; x_wconf 86' lang='lat' dir='ltr'>consilia</span> <span class='ocrx_word' id='word_1_100' title='bbox 1323 783 1507 820; x_wconf 88' lang='lat' dir='ltr'>prorsus:</span> 
     </span>
     <span class='ocr_line' id='line_1_14' title="bbox 105 823 1509 886; baseline -0.009 -13"><span class='ocrx_word' id='word_1_101' title='bbox 105 840 339 886; x_wconf 88' lang='lat' dir='ltr'>potestatem</span> <span class='ocrx_word' id='word_1_102' title='bbox 372 832 450 871; x_wconf 89' lang='lat' dir='ltr'>irae</span> <span class='ocrx_word' id='word_1_103' title='bbox 485 839 575 870; x_wconf 89' lang='lat' dir='ltr'>tuae</span> <span class='ocrx_word' id='word_1_104' title='bbox 609 832 707 869; x_wconf 87' lang='lat' dir='ltr'>ferre</span> <span class='ocrx_word' id='word_1_105' title='bbox 739 842 819 867; x_wconf 91' lang='lat' dir='ltr'>non</span> <span class='ocrx_word' id='word_1_106' title='bbox 853 841 1028 879; x_wconf 85' lang='lat' dir='ltr'>possum,</span> <span class='ocrx_word' id='word_1_107' title='bbox 1062 834 1100 866; x_wconf 91' lang='lat' dir='ltr'>et</span> <span class='ocrx_word' id='word_1_108' title='bbox 1134 826 1340 876; x_wconf 90' lang='lat' dir='ltr'>quomodo</span> <span class='ocrx_word' id='word_1_109' title='bbox 1370 823 1509 873; x_wconf 86' lang='lat' dir='ltr'>eripiar</span> 
     </span>
     <span class='ocr_line' id='line_1_15' title="bbox 106 878 1509 940; baseline -0.009 -12"><span class='ocrx_word' id='word_1_110' title='bbox 106 889 253 940; x_wconf 81' lang='lat' dir='ltr'>ignoro.</span> <span class='ocrx_word' id='word_1_111' title='bbox 313 886 626 926; x_wconf 85' lang='lat' dir='ltr'>Revocationem</span> <span class='ocrx_word' id='word_1_112' title='bbox 662 884 888 934; x_wconf 76' lang='lat' dir='ltr'>expostulor</span> <span class='ocrx_word' id='word_1_113' title='bbox 923 879 1223 932; x_wconf 86' lang='lat' dir='ltr'>disputationis:</span> <span class='ocrx_word' id='word_1_114' title='bbox 1268 892 1369 929; x_wconf 85' lang='lat' dir='ltr'>quae</span> <span class='ocrx_word' id='word_1_115' title='bbox 1402 880 1432 917; x_wconf 90' lang='lat' dir='ltr'>si</span> <span class='ocrx_word' id='word_1_116' title='bbox 1469 878 1509 917; x_wconf 91' lang='lat' dir='ltr'>id</span> 
     </span>
     <span class='ocr_line' id='line_1_16' title="bbox 107 935 1511 994; baseline -0.009 -11"><span class='ocrx_word' id='word_1_117' title='bbox 107 950 239 994; x_wconf 88' lang='lat' dir='ltr'>posset</span> <span class='ocrx_word' id='word_1_118' title='bbox 259 949 465 994; x_wconf 90' lang='lat' dir='ltr'>praestare,</span> <span class='ocrx_word' id='word_1_119' title='bbox 489 941 599 991; x_wconf 90' lang='lat' dir='ltr'>quod</span> <span class='ocrx_word' id='word_1_120' title='bbox 622 953 690 990; x_wconf 89' lang='lat' dir='ltr'>per</span> <span class='ocrx_word' id='word_1_121' title='bbox 717 951 804 976; x_wconf 90' lang='lat' dir='ltr'>eam</span> <span class='ocrx_word' id='word_1_122' title='bbox 825 936 1034 988; x_wconf 90' lang='lat' dir='ltr'>quaeritur,</span> <span class='ocrx_word' id='word_1_123' title='bbox 1058 935 1142 974; x_wconf 88' lang='lat' dir='ltr'>sine</span> <span class='ocrx_word' id='word_1_124' title='bbox 1172 948 1283 973; x_wconf 89' lang='lat' dir='ltr'>mora</span> <span class='ocrx_word' id='word_1_125' title='bbox 1306 947 1379 984; x_wconf 87' lang='lat' dir='ltr'>ego</span> <span class='ocrx_word' id='word_1_126' title='bbox 1404 946 1511 983; x_wconf 89' lang='lat' dir='ltr'>prae-</span> 
     </span>
     <span class='ocr_line' id='line_1_17' title="bbox 107 987 1510 1039; baseline -0.008 -3"><span class='ocrx_word' id='word_1_127' title='bbox 107 1005 249 1036; x_wconf 88' lang='lat' dir='ltr'>starem</span> <span class='ocrx_word' id='word_1_128' title='bbox 279 1010 377 1035; x_wconf 90' lang='lat' dir='ltr'>eam.</span> <span class='ocrx_word' id='word_1_129' title='bbox 437 997 557 1034; x_wconf 91' lang='lat' dir='ltr'>Nunc</span> <span class='ocrx_word' id='word_1_130' title='bbox 580 1001 713 1032; x_wconf 91' lang='lat' dir='ltr'>autem</span> <span class='ocrx_word' id='word_1_131' title='bbox 744 1006 846 1039; x_wconf 89' lang='lat' dir='ltr'>cum,</span> <span class='ocrx_word' id='word_1_132' title='bbox 877 990 1148 1030; x_wconf 88' lang='lat' dir='ltr'>resistentibus</span> <span class='ocrx_word' id='word_1_133' title='bbox 1176 997 1214 1027; x_wconf 89' lang='lat' dir='ltr'>et</span> <span class='ocrx_word' id='word_1_134' title='bbox 1238 987 1510 1038; x_wconf 82' lang='lat' dir='ltr'>prementibus</span> 
     </span>
     <span class='ocr_line' id='line_1_18' title="bbox 107 1047 1511 1100; baseline -0.009 -9"><span class='ocrx_word' id='word_1_135' title='bbox 107 1050 350 1098; x_wconf 87' lang='lat' dir='ltr'>adversariis,</span> <span class='ocrx_word' id='word_1_136' title='bbox 377 1051 520 1100; x_wconf 86' lang='lat' dir='ltr'>scripta</span> <span class='ocrx_word' id='word_1_137' title='bbox 548 1062 636 1087; x_wconf 90' lang='lat' dir='ltr'>mea</span> <span class='ocrx_word' id='word_1_138' title='bbox 665 1047 780 1086; x_wconf 84' lang='lat' dir='ltr'>latius</span> <span class='ocrx_word' id='word_1_139' title='bbox 810 1053 999 1096; x_wconf 85' lang='lat' dir='ltr'>vagentur</span> <span class='ocrx_word' id='word_1_140' title='bbox 1027 1058 1147 1095; x_wconf 86' lang='lat' dir='ltr'>quam</span> <span class='ocrx_word' id='word_1_141' title='bbox 1178 1056 1354 1092; x_wconf 89' lang='lat' dir='ltr'>unquam</span> <span class='ocrx_word' id='word_1_142' title='bbox 1385 1055 1511 1093; x_wconf 86' lang='lat' dir='ltr'>spera-</span> 
     </span>
     <span class='ocr_line' id='line_1_19' title="bbox 107 1096 1509 1154; baseline -0.009 -9"><span class='ocrx_word' id='word_1_143' title='bbox 107 1119 262 1145; x_wconf 85' lang='lat' dir='ltr'>veram:</span> <span class='ocrx_word' id='word_1_144' title='bbox 295 1104 411 1143; x_wconf 87' lang='lat' dir='ltr'>simul</span> <span class='ocrx_word' id='word_1_145' title='bbox 441 1104 674 1154; x_wconf 89' lang='lat' dir='ltr'>profundius</span> <span class='ocrx_word' id='word_1_146' title='bbox 704 1100 901 1140; x_wconf 87' lang='lat' dir='ltr'>haeserint</span> <span class='ocrx_word' id='word_1_147' title='bbox 930 1099 1188 1149; x_wconf 90' lang='lat' dir='ltr'>plurimorum</span> <span class='ocrx_word' id='word_1_148' title='bbox 1219 1096 1360 1136; x_wconf 90' lang='lat' dir='ltr'>animis</span> <span class='ocrx_word' id='word_1_149' title='bbox 1391 1110 1509 1146; x_wconf 90' lang='lat' dir='ltr'>quam</span> 
     </span>
     <span class='ocr_line' id='line_1_20' title="bbox 109 1150 1511 1208; baseline -0.009 -9"><span class='ocrx_word' id='word_1_150' title='bbox 109 1168 150 1199; x_wconf 91' lang='lat' dir='ltr'>ut</span> <span class='ocrx_word' id='word_1_151' title='bbox 183 1158 356 1199; x_wconf 87' lang='lat' dir='ltr'>revocari</span> <span class='ocrx_word' id='word_1_152' title='bbox 388 1158 562 1208; x_wconf 89' lang='lat' dir='ltr'>possint:</span> <span class='ocrx_word' id='word_1_153' title='bbox 605 1157 701 1207; x_wconf 87' lang='lat' dir='ltr'>quin</span> <span class='ocrx_word' id='word_1_154' title='bbox 733 1168 825 1194; x_wconf 92' lang='lat' dir='ltr'>cum</span> <span class='ocrx_word' id='word_1_155' title='bbox 859 1153 1071 1193; x_wconf 86' lang='lat' dir='ltr'>Germania</span> <span class='ocrx_word' id='word_1_156' title='bbox 1103 1160 1236 1190; x_wconf 88' lang='lat' dir='ltr'>nostra</span> <span class='ocrx_word' id='word_1_157' title='bbox 1264 1151 1384 1190; x_wconf 88' lang='lat' dir='ltr'>hodie</span> <span class='ocrx_word' id='word_1_158' title='bbox 1416 1150 1511 1188; x_wconf 90' lang='lat' dir='ltr'>mire</span> 
     </span>
     <span class='ocr_line' id='line_1_21' title="bbox 108 1204 1512 1264; baseline -0.009 -10"><span class='ocrx_word' id='word_1_159' title='bbox 108 1215 243 1254; x_wconf 89' lang='lat' dir='ltr'>floreat</span> <span class='ocrx_word' id='word_1_160' title='bbox 277 1212 454 1264; x_wconf 88' lang='lat' dir='ltr'>ingeniis,</span> <span class='ocrx_word' id='word_1_161' title='bbox 491 1211 722 1258; x_wconf 89' lang='lat' dir='ltr'>eruditione,</span> <span class='ocrx_word' id='word_1_162' title='bbox 760 1208 931 1248; x_wconf 88' lang='lat' dir='ltr'>iudicio:</span> <span class='ocrx_word' id='word_1_163' title='bbox 972 1209 1003 1246; x_wconf 90' lang='lat' dir='ltr'>si</span> <span class='ocrx_word' id='word_1_164' title='bbox 1036 1209 1261 1246; x_wconf 89' lang='lat' dir='ltr'>Romanam</span> <span class='ocrx_word' id='word_1_165' title='bbox 1292 1204 1512 1244; x_wconf 87' lang='lat' dir='ltr'>Ecclesiam</span> 
     </span>
     <span class='ocr_line' id='line_1_22' title="bbox 109 1259 1514 1316; baseline -0.008 -8"><span class='ocrx_word' id='word_1_166' title='bbox 109 1270 199 1308; x_wconf 91' lang='lat' dir='ltr'>volo</span> <span class='ocrx_word' id='word_1_167' title='bbox 229 1269 448 1307; x_wconf 89' lang='lat' dir='ltr'>honorare:</span> <span class='ocrx_word' id='word_1_168' title='bbox 493 1268 532 1305; x_wconf 92' lang='lat' dir='ltr'>id</span> <span class='ocrx_word' id='word_1_169' title='bbox 565 1279 683 1316; x_wconf 87' lang='lat' dir='ltr'>quam</span> <span class='ocrx_word' id='word_1_170' title='bbox 719 1265 887 1302; x_wconf 83' lang='lat' dir='ltr'>maxime</span> <span class='ocrx_word' id='word_1_171' title='bbox 922 1261 1018 1300; x_wconf 90' lang='lat' dir='ltr'>mihi</span> <span class='ocrx_word' id='word_1_172' title='bbox 1053 1262 1271 1300; x_wconf 89' lang='lat' dir='ltr'>curandum</span> <span class='ocrx_word' id='word_1_173' title='bbox 1303 1259 1433 1306; x_wconf 87' lang='lat' dir='ltr'>video,</span> <span class='ocrx_word' id='word_1_174' title='bbox 1463 1272 1514 1297; x_wconf 88' lang='lat' dir='ltr'>ne</span> 
     </span>
     <span class='ocr_line' id='line_1_23' title="bbox 110 1313 1513 1374; baseline -0.009 -12"><span class='ocrx_word' id='word_1_175' title='bbox 110 1323 206 1374; x_wconf 88' lang='lat' dir='ltr'>quid</span> <span class='ocrx_word' id='word_1_176' title='bbox 226 1324 306 1361; x_wconf 92' lang='lat' dir='ltr'>ullo</span> <span class='ocrx_word' id='word_1_177' title='bbox 328 1322 449 1361; x_wconf 90' lang='lat' dir='ltr'>modo</span> <span class='ocrx_word' id='word_1_178' title='bbox 470 1334 663 1360; x_wconf 83' lang='lat' dir='ltr'>revocem.</span> <span class='ocrx_word' id='word_1_179' title='bbox 723 1321 827 1357; x_wconf 87' lang='lat' dir='ltr'>Nam</span> <span class='ocrx_word' id='word_1_180' title='bbox 848 1318 953 1356; x_wconf 88' lang='lat' dir='ltr'>istud</span> <span class='ocrx_word' id='word_1_181' title='bbox 974 1329 1156 1355; x_wconf 82' lang='lat' dir='ltr'>revocare</span> <span class='ocrx_word' id='word_1_182' title='bbox 1177 1314 1274 1353; x_wconf 86' lang='lat' dir='ltr'>nihil</span> <span class='ocrx_word' id='word_1_183' title='bbox 1297 1316 1414 1360; x_wconf 86' lang='lat' dir='ltr'>fieret,</span> <span class='ocrx_word' id='word_1_184' title='bbox 1439 1313 1513 1351; x_wconf 89' lang='lat' dir='ltr'>nisi</span> 
     </span>
     <span class='ocr_line' id='line_1_24' title="bbox 111 1368 1511 1424; baseline -0.008 -8"><span class='ocrx_word' id='word_1_185' title='bbox 111 1378 330 1416; x_wconf 89' lang='lat' dir='ltr'>Ecclesiam</span> <span class='ocrx_word' id='word_1_186' title='bbox 354 1378 577 1415; x_wconf 89' lang='lat' dir='ltr'>Romanam</span> <span class='ocrx_word' id='word_1_187' title='bbox 599 1373 722 1424; x_wconf 86' lang='lat' dir='ltr'>magis</span> <span class='ocrx_word' id='word_1_188' title='bbox 743 1386 788 1411; x_wconf 93' lang='lat' dir='ltr'>ac</span> <span class='ocrx_word' id='word_1_189' title='bbox 811 1371 932 1422; x_wconf 87' lang='lat' dir='ltr'>magis</span> <span class='ocrx_word' id='word_1_190' title='bbox 945 1371 1104 1410; x_wconf 87' lang='lat' dir='ltr'>foedare</span> <span class='ocrx_word' id='word_1_191' title='bbox 1126 1378 1163 1409; x_wconf 90' lang='lat' dir='ltr'>et</span> <span class='ocrx_word' id='word_1_192' title='bbox 1185 1371 1224 1407; x_wconf 87' lang='lat' dir='ltr'>in</span> <span class='ocrx_word' id='word_1_193' title='bbox 1246 1382 1312 1407; x_wconf 88' lang='lat' dir='ltr'>ora</span> <span class='ocrx_word' id='word_1_194' title='bbox 1333 1368 1511 1407; x_wconf 91' lang='lat' dir='ltr'>omnium</span> 
     </span>
     <span class='ocr_line' id='line_1_25' title="bbox 110 1429 789 1471; baseline -0.009 0"><span class='ocrx_word' id='word_1_195' title='bbox 110 1431 316 1471; x_wconf 90' lang='lat' dir='ltr'>hominum</span> <span class='ocrx_word' id='word_1_196' title='bbox 337 1431 602 1469; x_wconf 89' lang='lat' dir='ltr'>accusandam</span> <span class='ocrx_word' id='word_1_197' title='bbox 624 1429 789 1467; x_wconf 89' lang='lat' dir='ltr'>tradere.</span> 
     </span>
    </p>

    <p class='ocr_par' dir='ltr' id='par_1_5' title="bbox 111 1476 1516 1915">
     <span class='ocr_line' id='line_1_26' title="bbox 166 1476 1515 1533; baseline -0.007 -9"><span class='ocrx_word' id='word_1_198' title='bbox 166 1485 229 1524; x_wconf 91' lang='lat' dir='ltr'>Illi</span> <span class='ocrx_word' id='word_1_199' title='bbox 262 1485 330 1533; x_wconf 91' lang='lat' dir='ltr'>illi,</span> <span class='ocrx_word' id='word_1_200' title='bbox 360 1486 437 1523; x_wconf 91' lang='lat' dir='ltr'>heu</span> <span class='ocrx_word' id='word_1_201' title='bbox 468 1486 582 1531; x_wconf 82' lang='lat' dir='ltr'>B.P.,</span> <span class='ocrx_word' id='word_1_202' title='bbox 615 1484 717 1521; x_wconf 89' lang='lat' dir='ltr'>hanc</span> <span class='ocrx_word' id='word_1_203' title='bbox 747 1480 950 1520; x_wconf 86' lang='lat' dir='ltr'>Ecclesiae</span> <span class='ocrx_word' id='word_1_204' title='bbox 981 1481 1186 1518; x_wconf 89' lang='lat' dir='ltr'>Romanae</span> <span class='ocrx_word' id='word_1_205' title='bbox 1217 1478 1432 1516; x_wconf 89' lang='lat' dir='ltr'>intulerunt</span> <span class='ocrx_word' id='word_1_206' title='bbox 1462 1476 1515 1514; x_wconf 89' lang='lat' dir='ltr'>in-</span> 
     </span>
     <span class='ocr_line' id='line_1_27' title="bbox 111 1532 1514 1589; baseline -0.008 -10"><span class='ocrx_word' id='word_1_207' title='bbox 111 1539 249 1579; x_wconf 88' lang='lat' dir='ltr'>iuriam</span> <span class='ocrx_word' id='word_1_208' title='bbox 278 1547 317 1579; x_wconf 87' lang='lat' dir='ltr'>et</span> <span class='ocrx_word' id='word_1_209' title='bbox 341 1552 467 1589; x_wconf 87' lang='lat' dir='ltr'>paene</span> <span class='ocrx_word' id='word_1_210' title='bbox 497 1537 699 1576; x_wconf 87' lang='lat' dir='ltr'>infamiam</span> <span class='ocrx_word' id='word_1_211' title='bbox 723 1538 830 1587; x_wconf 88' lang='lat' dir='ltr'>apud</span> <span class='ocrx_word' id='word_1_212' title='bbox 861 1548 933 1573; x_wconf 90' lang='lat' dir='ltr'>nos</span> <span class='ocrx_word' id='word_1_213' title='bbox 961 1534 1000 1573; x_wconf 90' lang='lat' dir='ltr'>in</span> <span class='ocrx_word' id='word_1_214' title='bbox 1023 1532 1247 1580; x_wconf 88' lang='lat' dir='ltr'>Germania,</span> <span class='ocrx_word' id='word_1_215' title='bbox 1271 1532 1415 1582; x_wconf 89' lang='lat' dir='ltr'>quibus</span> <span class='ocrx_word' id='word_1_216' title='bbox 1442 1545 1514 1581; x_wconf 88' lang='lat' dir='ltr'>ego</span> 
     </span>
     <span class='ocr_line' id='line_1_28' title="bbox 112 1585 1515 1643; baseline -0.009 -9"><span class='ocrx_word' id='word_1_217' title='bbox 112 1594 244 1642; x_wconf 84' lang='lat' dir='ltr'>restiti,</span> <span class='ocrx_word' id='word_1_218' title='bbox 276 1595 317 1633; x_wconf 89' lang='lat' dir='ltr'>id</span> <span class='ocrx_word' id='word_1_219' title='bbox 347 1602 416 1640; x_wconf 88' lang='lat' dir='ltr'>est,</span> <span class='ocrx_word' id='word_1_220' title='bbox 449 1592 515 1643; x_wconf 91' lang='lat' dir='ltr'>qui</span> <span class='ocrx_word' id='word_1_221' title='bbox 547 1591 814 1631; x_wconf 87' lang='lat' dir='ltr'>insulsissimis</span> <span class='ocrx_word' id='word_1_222' title='bbox 845 1590 924 1628; x_wconf 89' lang='lat' dir='ltr'>suis</span> <span class='ocrx_word' id='word_1_223' title='bbox 955 1588 1215 1634; x_wconf 84' lang='lat' dir='ltr'>sermonibus,</span> <span class='ocrx_word' id='word_1_224' title='bbox 1248 1587 1321 1625; x_wconf 87' lang='lat' dir='ltr'>sub</span> <span class='ocrx_word' id='word_1_225' title='bbox 1353 1585 1515 1624; x_wconf 89' lang='lat' dir='ltr'>nomine</span> 
     </span>
     <span class='ocr_line' id='line_1_29' title="bbox 114 1639 1516 1695; baseline -0.008 -7"><span class='ocrx_word' id='word_1_226' title='bbox 114 1651 173 1688; x_wconf 66' lang='grc' dir='ltr'>ΒΞ.</span> <span class='ocrx_word' id='word_1_227' title='bbox 195 1656 296 1695; x_wconf 89' lang='lat' dir='ltr'>tuae,</span> <span class='ocrx_word' id='word_1_228' title='bbox 319 1661 400 1687; x_wconf 89' lang='lat' dir='ltr'>non</span> <span class='ocrx_word' id='word_1_229' title='bbox 422 1647 496 1685; x_wconf 91' lang='lat' dir='ltr'>nisi</span> <span class='ocrx_word' id='word_1_230' title='bbox 516 1646 766 1686; x_wconf 88' lang='lat' dir='ltr'>deterrimam</span> <span class='ocrx_word' id='word_1_231' title='bbox 787 1643 987 1682; x_wconf 87' lang='lat' dir='ltr'>avaritiam</span> <span class='ocrx_word' id='word_1_232' title='bbox 1009 1644 1227 1688; x_wconf 87' lang='lat' dir='ltr'>coluerunt,</span> <span class='ocrx_word' id='word_1_233' title='bbox 1244 1649 1281 1679; x_wconf 91' lang='lat' dir='ltr'>et</span> <span class='ocrx_word' id='word_1_234' title='bbox 1303 1639 1516 1690; x_wconf 90' lang='lat' dir='ltr'>opprobrio</span> 
     </span>
     <span class='ocr_line' id='line_1_30' title="bbox 113 1694 1516 1754; baseline -0.009 -12"><span class='ocrx_word' id='word_1_235' title='bbox 113 1702 281 1754; x_wconf 84' lang='lat' dir='ltr'>Aegypti</span> <span class='ocrx_word' id='word_1_236' title='bbox 301 1701 611 1741; x_wconf 89' lang='lat' dir='ltr'>contaminatam</span> <span class='ocrx_word' id='word_1_237' title='bbox 633 1708 670 1739; x_wconf 91' lang='lat' dir='ltr'>et</span> <span class='ocrx_word' id='word_1_238' title='bbox 691 1699 1003 1738; x_wconf 88' lang='lat' dir='ltr'>abominandam</span> <span class='ocrx_word' id='word_1_239' title='bbox 1021 1696 1278 1735; x_wconf 88' lang='lat' dir='ltr'>reddiderunt</span> <span class='ocrx_word' id='word_1_240' title='bbox 1300 1694 1516 1732; x_wconf 86' lang='lat' dir='ltr'>sanctifica-</span> 
     </span>
     <span class='ocr_line' id='line_1_31' title="bbox 116 1747 1516 1806; baseline -0.009 -9"><span class='ocrx_word' id='word_1_241' title='bbox 116 1757 288 1796; x_wconf 88' lang='lat' dir='ltr'>tionem:</span> <span class='ocrx_word' id='word_1_242' title='bbox 330 1764 368 1796; x_wconf 90' lang='lat' dir='ltr'>et</span> <span class='ocrx_word' id='word_1_243' title='bbox 398 1755 509 1806; x_wconf 84' lang='lat' dir='ltr'>quasi</span> <span class='ocrx_word' id='word_1_244' title='bbox 539 1757 579 1794; x_wconf 87' lang='lat' dir='ltr'>id</span> <span class='ocrx_word' id='word_1_245' title='bbox 610 1768 690 1793; x_wconf 92' lang='lat' dir='ltr'>non</span> <span class='ocrx_word' id='word_1_246' title='bbox 721 1752 930 1792; x_wconf 88' lang='lat' dir='ltr'>satisfuerit</span> <span class='ocrx_word' id='word_1_247' title='bbox 961 1753 1166 1797; x_wconf 82' lang='lat' dir='ltr'>malorum,</span> <span class='ocrx_word' id='word_1_248' title='bbox 1193 1762 1267 1796; x_wconf 90' lang='lat' dir='ltr'>me,</span> <span class='ocrx_word' id='word_1_249' title='bbox 1301 1748 1367 1799; x_wconf 90' lang='lat' dir='ltr'>qui</span> <span class='ocrx_word' id='word_1_250' title='bbox 1399 1747 1516 1786; x_wconf 88' lang='lat' dir='ltr'>tantis</span> 
     </span>
     <span class='ocr_line' id='line_1_32' title="bbox 117 1803 1514 1856; baseline -0.008 -5"><span class='ocrx_word' id='word_1_251' title='bbox 117 1825 251 1851; x_wconf 89' lang='lat' dir='ltr'>eorum</span> <span class='ocrx_word' id='word_1_252' title='bbox 283 1810 466 1850; x_wconf 87' lang='lat' dir='ltr'>monstris</span> <span class='ocrx_word' id='word_1_253' title='bbox 497 1809 658 1856; x_wconf 86' lang='lat' dir='ltr'>occurri,</span> <span class='ocrx_word' id='word_1_254' title='bbox 682 1815 883 1847; x_wconf 79' lang='lat' dir='ltr'>auctorem</span> <span class='ocrx_word' id='word_1_255' title='bbox 916 1819 1009 1844; x_wconf 88' lang='lat' dir='ltr'>suae</span> <span class='ocrx_word' id='word_1_256' title='bbox 1039 1803 1267 1844; x_wconf 86' lang='lat' dir='ltr'>temeritatis</span> <span class='ocrx_word' id='word_1_257' title='bbox 1298 1804 1405 1853; x_wconf 81' lang='lat' dir='ltr'>apud</span> <span class='ocrx_word' id='word_1_258' title='bbox 1437 1804 1514 1840; x_wconf 74' lang='lat' dir='ltr'>Bm.</span> 
     </span>
     <span class='ocr_line' id='line_1_33' title="bbox 117 1865 469 1915; baseline -0.009 -10"><span class='ocrx_word' id='word_1_259' title='bbox 117 1874 225 1906; x_wconf 88' lang='lat' dir='ltr'>tuam</span> <span class='ocrx_word' id='word_1_260' title='bbox 255 1865 469 1915; x_wconf 90' lang='lat' dir='ltr'>inculpant.</span> 
     </span>
    </p>

    <p class='ocr_par' dir='ltr' id='par_1_6' title="bbox 118 1918 1520 2338">
     <span class='ocr_line' id='line_1_34' title="bbox 171 1918 1517 1968; baseline -0.007 -9"><span class='ocrx_word' id='word_1_261' title='bbox 171 1922 301 1968; x_wconf 90' lang='lat' dir='ltr'>Nunc,</span> <span class='ocrx_word' id='word_1_262' title='bbox 339 1921 381 1958; x_wconf 90' lang='lat' dir='ltr'>B.</span> <span class='ocrx_word' id='word_1_263' title='bbox 402 1921 457 1966; x_wconf 66' lang='lat' dir='ltr'>P„</span> <span class='ocrx_word' id='word_1_264' title='bbox 493 1931 625 1957; x_wconf 86' lang='lat' dir='ltr'>coram</span> <span class='ocrx_word' id='word_1_265' title='bbox 661 1919 748 1956; x_wconf 90' lang='lat' dir='ltr'>Deo</span> <span class='ocrx_word' id='word_1_266' title='bbox 787 1924 824 1954; x_wconf 88' lang='lat' dir='ltr'>et</span> <span class='ocrx_word' id='word_1_267' title='bbox 858 1923 940 1954; x_wconf 80' lang='lat' dir='ltr'>tota</span> <span class='ocrx_word' id='word_1_268' title='bbox 978 1921 1154 1953; x_wconf 88' lang='lat' dir='ltr'>creatura</span> <span class='ocrx_word' id='word_1_269' title='bbox 1185 1926 1255 1951; x_wconf 89' lang='lat' dir='ltr'>sua</span> <span class='ocrx_word' id='word_1_270' title='bbox 1288 1918 1419 1958; x_wconf 85' lang='lat' dir='ltr'>testor,</span> <span class='ocrx_word' id='word_1_271' title='bbox 1455 1925 1517 1949; x_wconf 89' lang='lat' dir='ltr'>me</span> 
     </span>
     <span class='ocr_line' id='line_1_35' title="bbox 118 1967 1516 2025; baseline -0.008 -11"><span class='ocrx_word' id='word_1_272' title='bbox 118 1988 247 2025; x_wconf 89' lang='lat' dir='ltr'>neque</span> <span class='ocrx_word' id='word_1_273' title='bbox 276 1973 446 2012; x_wconf 87' lang='lat' dir='ltr'>voluisse</span> <span class='ocrx_word' id='word_1_274' title='bbox 477 1986 607 2023; x_wconf 89' lang='lat' dir='ltr'>neque</span> <span class='ocrx_word' id='word_1_275' title='bbox 637 1971 756 2010; x_wconf 88' lang='lat' dir='ltr'>hodie</span> <span class='ocrx_word' id='word_1_276' title='bbox 786 1971 884 2009; x_wconf 88' lang='lat' dir='ltr'>velle</span> <span class='ocrx_word' id='word_1_277' title='bbox 916 1970 1118 2007; x_wconf 85' lang='lat' dir='ltr'>Ecclesiae</span> <span class='ocrx_word' id='word_1_278' title='bbox 1149 1970 1357 2006; x_wconf 88' lang='lat' dir='ltr'>Romanae</span> <span class='ocrx_word' id='word_1_279' title='bbox 1387 1980 1432 2004; x_wconf 91' lang='lat' dir='ltr'>ac</span> <span class='ocrx_word' id='word_1_280' title='bbox 1458 1967 1516 2003; x_wconf 52' lang='grc' dir='ltr'>ΒΞ.</span> 
     </span>
     <span class='ocr_line' id='line_1_36' title="bbox 119 2021 1520 2079; baseline -0.008 -11"><span class='ocrx_word' id='word_1_281' title='bbox 119 2037 208 2068; x_wconf 89' lang='lat' dir='ltr'>tuae</span> <span class='ocrx_word' id='word_1_282' title='bbox 242 2035 479 2079; x_wconf 87' lang='lat' dir='ltr'>potestatem</span> <span class='ocrx_word' id='word_1_283' title='bbox 514 2028 594 2065; x_wconf 92' lang='lat' dir='ltr'>ullo</span> <span class='ocrx_word' id='word_1_284' title='bbox 629 2027 751 2065; x_wconf 87' lang='lat' dir='ltr'>modo</span> <span class='ocrx_word' id='word_1_285' title='bbox 783 2032 941 2074; x_wconf 85' lang='lat' dir='ltr'>tangere</span> <span class='ocrx_word' id='word_1_286' title='bbox 975 2031 1042 2061; x_wconf 88' lang='lat' dir='ltr'>aut</span> <span class='ocrx_word' id='word_1_287' title='bbox 1076 2035 1315 2072; x_wconf 83' lang='lat' dir='ltr'>quacunque</span> <span class='ocrx_word' id='word_1_288' title='bbox 1350 2021 1520 2059; x_wconf 82' lang='lat' dir='ltr'>versutia</span> 
     </span>
     <span class='ocr_line' id='line_1_37' title="bbox 119 2076 1519 2132; baseline -0.007 -10"><span class='ocrx_word' id='word_1_289' title='bbox 119 2082 298 2122; x_wconf 91' lang='lat' dir='ltr'>demoliri</span> <span class='ocrx_word' id='word_1_290' title='bbox 316 2098 322 2121; x_wconf 95' lang='lat'>:</span> <span class='ocrx_word' id='word_1_291' title='bbox 351 2082 447 2132; x_wconf 89' lang='lat' dir='ltr'>quin</span> <span class='ocrx_word' id='word_1_292' title='bbox 468 2080 694 2132; x_wconf 86' lang='lat' dir='ltr'>plenissime</span> <span class='ocrx_word' id='word_1_293' title='bbox 710 2080 902 2118; x_wconf 89' lang='lat' dir='ltr'>confiteor</span> <span class='ocrx_word' id='word_1_294' title='bbox 921 2078 1037 2116; x_wconf 89' lang='lat' dir='ltr'>huius</span> <span class='ocrx_word' id='word_1_295' title='bbox 1060 2076 1262 2115; x_wconf 87' lang='lat' dir='ltr'>Ecclesiae</span> <span class='ocrx_word' id='word_1_296' title='bbox 1284 2082 1519 2125; x_wconf 86' lang='lat' dir='ltr'>potestatem</span> 
     </span>
     <span class='ocr_line' id='line_1_38' title="bbox 121 2129 1520 2188; baseline -0.009 -11"><span class='ocrx_word' id='word_1_297' title='bbox 121 2151 205 2176; x_wconf 88' lang='lat' dir='ltr'>esse</span> <span class='ocrx_word' id='word_1_298' title='bbox 226 2150 341 2188; x_wconf 88' lang='lat' dir='ltr'>super</span> <span class='ocrx_word' id='word_1_299' title='bbox 362 2136 518 2175; x_wconf 90' lang='lat' dir='ltr'>omnia:</span> <span class='ocrx_word' id='word_1_300' title='bbox 550 2148 623 2174; x_wconf 89' lang='lat' dir='ltr'>nec</span> <span class='ocrx_word' id='word_1_301' title='bbox 637 2134 672 2174; x_wconf 89' lang='lat' dir='ltr'>ei</span> <span class='ocrx_word' id='word_1_302' title='bbox 693 2133 993 2184; x_wconf 85' lang='lat' dir='ltr'>praeferendum</span> <span class='ocrx_word' id='word_1_303' title='bbox 1009 2131 1227 2182; x_wconf 81' lang='lat' dir='ltr'>quidquam</span> <span class='ocrx_word' id='word_1_304' title='bbox 1245 2130 1325 2168; x_wconf 87' lang='lat' dir='ltr'>sive</span> <span class='ocrx_word' id='word_1_305' title='bbox 1346 2129 1385 2167; x_wconf 93' lang='lat' dir='ltr'>in</span> <span class='ocrx_word' id='word_1_306' title='bbox 1407 2130 1520 2167; x_wconf 88' lang='lat' dir='ltr'>coelo</span> 
     </span>
     <span class='ocr_line' id='line_1_39' title="bbox 122 2184 1518 2241; baseline -0.008 -11"><span class='ocrx_word' id='word_1_307' title='bbox 122 2192 202 2230; x_wconf 89' lang='lat' dir='ltr'>sive</span> <span class='ocrx_word' id='word_1_308' title='bbox 222 2193 262 2230; x_wconf 91' lang='lat' dir='ltr'>in</span> <span class='ocrx_word' id='word_1_309' title='bbox 278 2199 389 2238; x_wconf 87' lang='lat' dir='ltr'>terra,</span> <span class='ocrx_word' id='word_1_310' title='bbox 405 2197 556 2241; x_wconf 88' lang='lat' dir='ltr'>praeter</span> <span class='ocrx_word' id='word_1_311' title='bbox 572 2203 696 2228; x_wconf 91' lang='lat' dir='ltr'>unum</span> <span class='ocrx_word' id='word_1_312' title='bbox 715 2190 846 2227; x_wconf 90' lang='lat' dir='ltr'>Iesum</span> <span class='ocrx_word' id='word_1_313' title='bbox 867 2186 1067 2227; x_wconf 83' lang='lat' dir='ltr'>Christum</span> <span class='ocrx_word' id='word_1_314' title='bbox 1084 2184 1304 2223; x_wconf 90' lang='lat' dir='ltr'>Dominum</span> <span class='ocrx_word' id='word_1_315' title='bbox 1322 2184 1518 2222; x_wconf 88' lang='lat' dir='ltr'>omnium:</span> 
     </span>
     <span class='ocr_line' id='line_1_40' title="bbox 123 2238 1520 2290; baseline -0.006 -7"><span class='ocrx_word' id='word_1_316' title='bbox 123 2259 196 2284; x_wconf 88' lang='lat' dir='ltr'>nec</span> <span class='ocrx_word' id='word_1_317' title='bbox 218 2247 283 2285; x_wconf 81' lang='lat' dir='ltr'>Bo,</span> <span class='ocrx_word' id='word_1_318' title='bbox 304 2253 371 2283; x_wconf 89' lang='lat' dir='ltr'>tua</span> <span class='ocrx_word' id='word_1_319' title='bbox 391 2244 479 2283; x_wconf 88' lang='lat' dir='ltr'>ullis</span> <span class='ocrx_word' id='word_1_320' title='bbox 501 2243 611 2282; x_wconf 87' lang='lat' dir='ltr'>malis</span> <span class='ocrx_word' id='word_1_321' title='bbox 641 2244 743 2281; x_wconf 84' lang='lat' dir='ltr'>dolis</span> <span class='ocrx_word' id='word_1_322' title='bbox 770 2242 915 2288; x_wconf 88' lang='lat' dir='ltr'>credat,</span> <span class='ocrx_word' id='word_1_323' title='bbox 939 2240 1004 2290; x_wconf 89' lang='lat' dir='ltr'>qui</span> <span class='ocrx_word' id='word_1_324' title='bbox 1032 2239 1142 2278; x_wconf 82' lang='lat' dir='ltr'>aliter</span> <span class='ocrx_word' id='word_1_325' title='bbox 1169 2240 1220 2277; x_wconf 85' lang='lat' dir='ltr'>(le</span> <span class='ocrx_word' id='word_1_326' title='bbox 1242 2239 1417 2276; x_wconf 80' lang='lat' dir='ltr'>Luthero</span> <span class='ocrx_word' id='word_1_327' title='bbox 1445 2238 1520 2274; x_wconf 88' lang='lat' dir='ltr'>hoc</span> 
     </span>
     <span class='ocr_line' id='line_1_41' title="bbox 123 2299 408 2338; baseline 0 0"><span class='ocrx_word' id='word_1_328' title='bbox 123 2299 408 2338; x_wconf 87' lang='lat' dir='ltr'>machinantur.</span> 
     </span>
    </p>

    <p class='ocr_par' dir='ltr' id='par_1_7' title="bbox 126 2345 1523 2511">
     <span class='ocr_line' id='line_1_42' title="bbox 179 2345 1523 2404; baseline -0.009 -11"><span class='ocrx_word' id='word_1_329' title='bbox 179 2356 229 2392; x_wconf 91' lang='lat' dir='ltr'>Et</span> <span class='ocrx_word' id='word_1_330' title='bbox 249 2354 358 2404; x_wconf 92' lang='lat' dir='ltr'>quod</span> <span class='ocrx_word' id='word_1_331' title='bbox 379 2366 502 2391; x_wconf 92' lang='lat' dir='ltr'>unum</span> <span class='ocrx_word' id='word_1_332' title='bbox 525 2353 563 2390; x_wconf 91' lang='lat' dir='ltr'>in</span> <span class='ocrx_word' id='word_1_333' title='bbox 585 2351 658 2390; x_wconf 87' lang='lat' dir='ltr'>ista</span> <span class='ocrx_word' id='word_1_334' title='bbox 678 2364 796 2389; x_wconf 88' lang='lat' dir='ltr'>causa</span> <span class='ocrx_word' id='word_1_335' title='bbox 816 2351 943 2388; x_wconf 87' lang='lat' dir='ltr'>facere</span> <span class='ocrx_word' id='word_1_336' title='bbox 964 2361 1136 2399; x_wconf 87' lang='lat' dir='ltr'>possum,</span> <span class='ocrx_word' id='word_1_337' title='bbox 1155 2346 1380 2398; x_wconf 87' lang='lat' dir='ltr'>promittam</span> <span class='ocrx_word' id='word_1_338' title='bbox 1402 2345 1523 2383; x_wconf 84' lang='lat' dir='ltr'>liben-</span> 
     </span>
     <span class='ocr_line' id='line_1_43' title="bbox 126 2399 1522 2455; baseline -0.009 -8"><span class='ocrx_word' id='word_1_339' title='bbox 126 2407 273 2446; x_wconf 88' lang='lat' dir='ltr'>tissime</span> <span class='ocrx_word' id='word_1_340' title='bbox 306 2406 361 2446; x_wconf 79' lang='grc' dir='ltr'>Βῐ.</span> <span class='ocrx_word' id='word_1_341' title='bbox 385 2415 474 2446; x_wconf 86' lang='lat' dir='ltr'>tuae</span> <span class='ocrx_word' id='word_1_342' title='bbox 503 2406 617 2445; x_wconf 88' lang='lat' dir='ltr'>istam</span> <span class='ocrx_word' id='word_1_343' title='bbox 647 2406 697 2444; x_wconf 89' lang='lat' dir='ltr'>de</span> <span class='ocrx_word' id='word_1_344' title='bbox 727 2404 981 2455; x_wconf 85' lang='lat' dir='ltr'>indulgentiis</span> <span class='ocrx_word' id='word_1_345' title='bbox 1013 2402 1214 2441; x_wconf 84' lang='lat' dir='ltr'>materiam</span> <span class='ocrx_word' id='word_1_346' title='bbox 1241 2414 1302 2438; x_wconf 81' lang='lat' dir='ltr'>me</span> <span class='ocrx_word' id='word_1_347' title='bbox 1334 2399 1522 2447; x_wconf 83' lang='lat' dir='ltr'>deinceps</span> 
     </span>
     <span class='ocr_line' id='line_1_44' title="bbox 126 2452 1523 2511; baseline -0.007 -12"><span class='ocrx_word' id='word_1_348' title='bbox 126 2461 347 2501; x_wconf 89' lang='lat' dir='ltr'>relicturum</span> <span class='ocrx_word' id='word_1_349' title='bbox 370 2461 606 2511; x_wconf 85' lang='lat' dir='ltr'>penitusque</span> <span class='ocrx_word' id='word_1_350' title='bbox 634 2459 841 2498; x_wconf 85' lang='lat' dir='ltr'>taciturum</span> <span class='ocrx_word' id='word_1_351' title='bbox 862 2457 1004 2508; x_wconf 88' lang='lat' dir='ltr'>(modo</span> <span class='ocrx_word' id='word_1_352' title='bbox 1031 2464 1067 2495; x_wconf 91' lang='lat' dir='ltr'>et</span> <span class='ocrx_word' id='word_1_353' title='bbox 1095 2454 1303 2495; x_wconf 85' lang='lat' dir='ltr'>adversarii</span> <span class='ocrx_word' id='word_1_354' title='bbox 1334 2452 1409 2491; x_wconf 90' lang='lat' dir='ltr'>mei</span> <span class='ocrx_word' id='word_1_355' title='bbox 1435 2465 1523 2490; x_wconf 89' lang='lat' dir='ltr'>suas</span> 
     </span>
    </p>
   </div>
  </div>
 </body>
</html>
