1715 2780
176 115 251 151 628
449 113 567 150 THE
599 111 1074 151 ECCLESIASTICAL
1103 111 1277 150 STATE
1485 119 1564 158 305

176 218 242 257 ubi
265 218 346 268 ipse
367 216 528 265 habitat,
552 216 826 267 ingrediantur.
886 215 986 254 Satis
1018 227 1109 265 ergo
1139 214 1367 261 habeamus,
1391 214 1422 252 si
1451 214 1562 264 panis

175 286 220 312 ac
241 272 375 311 vinum
396 271 512 310 nobis
532 284 602 321 pro
623 279 717 309 nota
737 279 774 309 et
804 271 916 321 signo
943 271 1097 316 dentur,
1121 268 1324 307 veritatem
1352 268 1392 307 in
1419 268 1562 319 Spiritu

175 326 464 377 investigantes,
495 325 563 364 ubi
592 326 769 364 Verbum
801 324 979 363 divinum
1007 336 1095 363 eam
1128 336 1201 362 nos
1226 330 1447 373 reperturos
1473 336 1563 363 eon-

176 383 313 420 firmat.

238 437 313 474 Ubi
316 435 438 484 finem
458 434 606 472 dicendi
627 434 878 473 Concionator
883 433 988 482 fecit,
1006 438 1086 470 tum
1097 439 1240 483 panem
1253 432 1362 471 verbi
1369 431 1562 478 Ministri,

174 492 319 528 calicem
349 503 434 528 vero
458 490 632 527 Seniores
657 488 854 534 Ecclesiae,
886 487 956 536 qui
986 500 1133 524 morum
1164 498 1340 524 censurae
1359 491 1561 536 praesunt,

164 546 308 595 populo
327 543 572 589 distribuunt,
586 543 704 592 prins
718 542 999 579 commonitione
1005 541 1118 589 facta
1135 546 1180 578 ut
1191 540 1338 578 honeste
1352 545 1389 578 et
1400 541 1566 577 decenter

173 613 211 637 eo
241 599 396 649 quisque
427 598 549 634 adeat.
607 597 761 634 Interea
791 596 946 633 canitur
972 596 1156 633 Psalmus
1184 595 1336 644 aliquis,
1368 600 1440 632 aut
1464 596 1564 632 locus

175 654 397 702 Scripturae
431 652 494 697 rei,
528 664 623 700 quae
662 651 906 689 Sacramenta
943 649 1176 698 designatur,
1216 661 1420 697 congruens
1453 653 1564 697 atque

171 707 387 746 conveniens
405 708 511 743 clara
531 710 568 742 et
585 717 728 753 magna
748 717 829 743 voce
848 705 1038 742 recitatur.

226 763 296 799 Ad
329 765 538 798 extremum
586 760 776 797 habentur
814 758 1037 807 gratiarum
1085 758 1255 804 actiones,
1303 769 1399 806 quas
1444 762 1564 806 supra

171 816 443 866 descripsimus.

225 872 319 908 Non
347 870 570 919 ignoramus
588 868 787 918 plerosque
815 867 995 905 maiorem
1026 866 1066 904 in
1095 866 1246 904 modum
1269 863 1424 914 offensos
1439 863 1564 913 finisse

171 926 273 975 quod
290 929 369 962 tam
391 924 513 961 multa
533 923 574 960 in
603 922 670 959 lzoc
691 934 823 971 genere
843 922 890 958 ab
911 933 980 959 usu
1001 921 1133 958 multis
1152 921 1229 958 iam
1249 919 1408 957 saeculis
1427 923 1564 968 recepto

172 980 299 1017 aliena
330 992 353 1015 a
386 978 490 1015 nobis
520 977 676 1014 inducta
707 977 794 1013 sint.
858 976 973 1024 Quod
999 975 1097 1012 enim
1127 974 1256 1012 slsissa
1285 974 1423 1011 multos
1442 985 1563 1010 annos

172 1039 277 1071 tanto
298 1033 338 1070 in
350 1032 476 1082 pretio
496 1031 627 1068 liubila
648 1035 710 1076 est,
734 1035 779 1067 ut
804 1042 926 1067 omnes
954 1042 1034 1066 eam
1062 1028 1326 1066 existimam‘nt
1341 1027 1564 1076 disciplinae

172 1088 435 1136 religionisque
450 1085 698 1124 Christianae
712 1089 827 1134 caput
839 1097 921 1130 esse,
941 1096 1014 1120 non
1030 1083 1249 1120 dubitamus
1261 1081 1563 1131 quamplurimos

172 1142 317 1180 mirari
358 1141 461 1190 quod
494 1152 576 1177 eam
614 1139 734 1189 plane
772 1151 816 1175 ac
848 1138 1035 1186 funditus
1082 1137 1285 1175 tollendam
1331 1135 1560 1174 curavimus.

171 1198 349 1244 Eamque
368 1196 410 1232 ob
431 1207 507 1232 rem
526 1193 661 1243 quibus
679 1192 827 1230 consilii
843 1193 966 1229 nostri
977 1192 1079 1229 ratio
1099 1191 1225 1229 minus
1234 1193 1430 1239 perspecta
1449 1194 1511 1233 est,
1533 1189 1567 1227 ii

170 1251 320 1288 sublata
351 1263 374 1287 a
405 1248 508 1286 nobis
523 1247 648 1296 fuisse
677 1247 925 1285 Sacramenta
954 1246 1190 1284 existimant.
1259 1245 1394 1282 Verum
1421 1243 1458 1280 si
1479 1243 1564 1292 quis

170 1304 342 1342 instituti
376 1302 499 1340 nostri
535 1302 719 1340 rationem
756 1301 975 1349 diligentius
1003 1300 1227 1350 pe7pendat,
1268 1298 1301 1336 is
1335 1297 1414 1335 sine
1450 1297 1563 1334 dubio

170 1359 354 1406 intelliget
380 1357 554 1394 restituta
575 1356 707 1406 potius
736 1360 848 1403 atque
876 1355 916 1392 in
948 1367 1057 1391 usum
1086 1354 1208 1390 relata
1239 1365 1264 1390 a
1294 1352 1400 1400 nobis
1424 1350 1559 1400 fin'sse.

175 1413 290 1461 Quod
326 1417 370 1448 ut
396 1410 564 1459 perspici
593 1423 616 1446 a
655 1410 786 1457 quovis
813 1409 946 1458 possit,
978 1408 1232 1445 consideretur
1266 1410 1413 1455 quanta
1461 1405 1564 1442 inter

171 1466 336 1504 Affissam
356 1470 393 1502 et
415 1464 564 1502 Cliristi
579 1463 852 1500 institutionem
880 1462 1088 1500 similitudo
1111 1461 1171 1498 sit.
1233 1459 1331 1508 Quis
1359 1471 1433 1496 non
1462 1458 1565 1496 videt

172 1533 245 1557 non
267 1520 393 1557 minus
418 1518 520 1555 inter
548 1522 748 1565 utramque
776 1529 891 1565 quam
919 1516 1022 1552 inter
1048 1516 1161 1552 lucem
1190 1519 1227 1551 et
1253 1514 1422 1551 tenebras
1449 1512 1562 1549 inter-

170 1576 271 1612 esse?
333 1572 502 1610 Tametsi
533 1584 606 1609 non
638 1575 692 1608 est
723 1571 789 1608 lioc
819 1571 967 1619 quidem
1002 1571 1075 1606 loco
1096 1567 1289 1618 propositi
1323 1567 1562 1614 institutique

172 1628 294 1666 nostri
329 1627 508 1675 copiosius
545 1626 644 1663 lianc
678 1625 971 1674 disputationem
1006 1622 1192 1673 persequi.
1261 1622 1396 1659 Verum
1434 1625 1479 1657 ut
1514 1621 1562 1657 iis

169 1682 471 1730 satisfaceremus
498 1680 568 1728 qm·
586 1686 662 1729 per
691 1679 952 1727 ignorantiam
983 1690 1022 1715 eo
1055 1677 1204 1714 nomine
1233 1675 1375 1724 offendi
1394 1679 1558 1724 possent,

170 1744 303 1786 operae
330 1736 501 1785 pretium
535 1734 638 1771 nobis
670 1735 794 1772 visum
825 1737 879 1769 est
908 1731 1089 1769 nonnihil
1114 1731 1233 1768 obiter
1260 1730 1303 1767 de
1331 1741 1374 1766 ea
1405 1741 1444 1765 re
1471 1740 1560 1765 com-

170 1802 388 1829 memorare.
451 1789 580 1836 Quum
618 1789 714 1826 enim
758 1787 1047 1825 Sacramentum
1094 1784 1263 1822 Domini
1305 1788 1384 1820 tam
1432 1781 1563 1819 multis

169 1844 390 1894 corruptelis
413 1855 456 1880 ac
477 1842 582 1881 vitiis
602 1842 847 1890 inquinatum
873 1853 918 1877 ac
932 1838 1133 1888 foedatum
1159 1850 1231 1876 esse
1254 1837 1490 1875 videremus:
1519 1840 1564 1872 ut

170 1900 265 1936 hisce
309 1898 420 1935 malis
463 1897 667 1933 remedimn
705 1895 975 1940 adhiberemus,
1020 1904 1153 1930 necesse
1191 1891 1392 1929 babuimus
1438 1890 1560 1926 multa

170 1954 373 1991 immutare
398 1963 493 1999 quae
512 1956 717 1999 perperam
747 1961 790 1986 ac
816 1948 943 1986 vitiose
974 1947 1188 1984 introducta
1207 1944 1383 1993 fueraut,
1406 1948 1498 1981 certe
1520 1943 1560 1980 in

159 2013 385 2056 perversum
419 2017 463 2041 ac
484 2009 774 2052 praeposterum
806 2014 916 2040 usum
954 2002 1110 2038 detorta.
1184 1999 1299 2047 Quod
1325 2010 1398 2047 quo
1428 1996 1561 2034 rectius

157 2061 382 2110 faceremus,
422 2070 518 2106 quae
556 2058 706 2094 tandem
737 2056 869 2106 potius
905 2055 1090 2103 sequenda
1121 2066 1194 2091 esse
1227 2052 1327 2090 ratio
1360 2051 1562 2089 videbatur

169 2127 283 2164 quam
304 2113 341 2151 si
355 2113 408 2149 ad
416 2119 563 2161 purum
584 2116 620 2147 et
637 2111 896 2159 incorruptum
922 2109 1071 2147 Christi
1086 2107 1303 2145 institutum
1325 2117 1402 2142 rem
1416 2116 1560 2141 omnem

170 2168 454 2206 revocaremus?
483 2165 586 2214 quod
610 2177 700 2202 sane
729 2163 896 2211 relzgri‘ose
925 2176 969 2200 ac
995 2163 1090 2199 bona
1111 2161 1194 2210 fide
1232 2158 1560 2208 (quemadmodum

169 2223 263 2260 satis
292 2219 458 2268 intellegi
488 2218 584 2268 licet)
621 2217 772 2267 sequuti
797 2229 938 2254 stemus.
998 2217 1107 2253 Haec
1124 2214 1221 2251 enim
1250 2213 1332 2262 ipsa
1353 2211 1562 2249 emendatio

169 2282 223 2314 est
239 2288 354 2325 quam
376 2274 479 2311 nobis
498 2273 651 2310 Paulus
661 2270 919 2321 praescripsit.

257 2369 346 2411 No.
369 2369 482 2421 306.
533 2366 715 2411 Calvin
746 2364 971 2408 reviews
1001 2363 1082 2405 his
1111 2362 1332 2412 labours,
1361 2370 1484 2413 1542.

224 2445 340 2481 From
361 2457 384 2480 a
405 2444 513 2480 letter
532 2447 567 2480 to
588 2440 636 2493 (Ρ)
654 2441 853 2479 Sebastiam
878 2439 1059 2476 llsunster
1076 2442 1119 2474 at
1136 2437 1266 2483 Basel,
1278 2436 1375 2486 san.
1394 2444 1561 2484 1542.—

171 2498 226 2537 Ut
244 2498 292 2535 de
310 2497 425 2535 rebus
447 2495 543 2534 meis
558 2495 707 2546 aliquid
723 2493 792 2532 tibi
810 2494 983 2539 referam,
1000 2505 1048 2530 ne
1064 2498 1217 2530 tanturn
1233 2502 1279 2528 ex
1294 2487 1430 2527 auditu
1448 2488 1558 2532 sciaS‚

1678 1336 1695 1410 “-.ο.ςιι
