1715 2780
234 143 310 179 620
503 141 622 178 THE
655 136 1132 179 ECCLESIASTICAL
1161 137 1337 174 STATE
1546 139 1642 182 305'
1693 157 1695 164 ι

233 247 310 284 hoc
343 244 684 295 persuasissimum
723 243 928 288 habentes,
963 250 1000 280 te
1034 242 1134 280 velle
1167 240 1283 279 nobis
1322 239 1362 278 in
1392 246 1627 290 perpetuum
1679 236 1685 243 ’

235 302 391 338 Patrem
412 298 626 349 propitium
648 311 746 344 esse,
763 297 907 336 delicta
926 303 1060 335 nostra
1079 295 1195 334 nobis
1215 307 1298 333 non
1317 293 1566 344 imputando,
1581 306 1628 331 ac

234 361 423 403 tanquam
453 354 551 392 caris
582 353 670 390 filiis
699 360 737 390 et
767 350 1004 389 haeredibus
1039 349 1173 388 omnia
1206 356 1287 387 tam
1320 349 1476 387 animae
1507 361 1626 397 quam
1676 383 1706 397 Α,

234 408 388 457 corpori
421 406 641 445 necessaria
674 404 953 455 suppeditare3
989 410 1032 442 ut
1062 411 1101 442 te
1135 405 1219 442 sine
1249 403 1328 440 fine
1366 400 1550 441 laudibus
1589 408 1627 439 et

234 461 443 511 gratiarum
473 461 629 500 actione
659 472 956 510 prosequamur,
987 466 1180 508 tuumque
1211 469 1359 495 nomen
1393 458 1481 494 tum'
1512 455 1626 494 dictis

235 524 317 554 tum
350 515 462 553 factis
494 515 642 553 illustre
679 514 907 552 reddamus.
965 513 1088 550 Effice
1128 511 1243 561 igitur
1280 510 1401 549 hodie
1439 523 1512 548 nos
1550 510 1627 547 hoc

237 571 370 617 modo,
403 571 518 607 Pater
538 569 731 615 coelestis,
755 567 1017 605 celebrandae
1046 567 1196 604 faustae
1227 564 1315 602 Filii
1335 563 1393 602 tui
1412 563 1627 602 memoriae
1676 581 1697 610 e,

235 631 441 673 compotes
457 637 467 671 3
496 624 547 661 da
577 622 694 661 etiam
725 629 767 659 ut
795 635 867 660 nos
895 622 935 659 in
961 633 1008 658 ea
1034 633 1285 658 exerceamus
1315 631 1361 657 ac
1387 617 1523 656 mortis
1544 617 1627 655 eius
1676 631 1694 655 ¹.

235 677 475 716 beneficium
507 677 793 727 praedicemus,
826 688 907 725 quo
934 687 1081 713 novum
1113 674 1403 712 incrementum
1429 685 1476 710 ac
1508 671 1628 710 robur

236 740 315 770 tam
336 733 387 770 ad
408 732 528 770 fidem
550 744 670 780 quam
690 731 742 768 ad
767 730 876 768 aliud
897 728 1105 778 quodlibet
1130 728 1283 766 bonum
1303 725 1557 776 accipientes,
1581 737 1629 763 eo
1676 772 1678 775 Ι
1704 761 1707 775 ,

235 785 383 824 maiore
413 784 559 824 fiducia
587 797 660 823 nos
687 791 776 823 tuos
801 797 887 822 esse
915 784 1016 822 filios
1039 783 1294 832 profiteamur
1323 788 1362 819 et
1387 780 1428 818 in
1455 788 1492 818 te
1514 781 1628 818 Patre

234 839 455 890 gloriemur.

234 929 398 966 Peracta
420 932 546 966 autem
571 927 697 966 Coena
725 927 815 964 llaec
835 926 1061 975 gratiarnm
1087 925 1183 963 actio
1209 924 1272 962 vel
1286 922 1420 973 aliqua
1440 922 1477 960 ei
1491 921 1630 960 similis
1672 967 1676 969 λ
1695 935 1697 941 ’

827 980 1042 1018 adhibetur.

290 1047 474 1086 Laudum
507 1053 546 1084 et
585 1045 794 1096 gratiarum
837 1044 993 1083 actione
1026 1043 1237 1081 immortali
1270 1049 1309 1081 te
1343 1040 1628 1091 prosequimur,

238 1103 353 1139 Pater
384 1100 577 1148 coelestis,
610 1112 681 1149 pro
714 1107 824 1138 tanto
863 1099 972 1148 quod
1011 1099 1051 1136 in
1090 1110 1163 1136 nos
1201 1095 1364 1135 miseros
1402 1101 1630 1145 peccatores

237 1155 439 1193 contulisti
474 1155 682 1200 beneficio,
719 1154 814 1192 dum
849 1153 901 1191 ad
934 1151 1275 1202 participationem
1315 1148 1402 1188 Filii
1441 1148 1498 1187 tui
1538 1149 1628 1186 Iesu

238 1209 383 1248 Christi
404 1222 477 1247 nos
497 1207 707 1255 adduxisti,
731 1220 849 1256 quem
871 1219 941 1256 pro
962 1205 1078 1245 nobis
1100 1205 1216 1244 morti
1236 1217 1374 1254 passus
1396 1216 1437 1241 es
1458 1202 1568 1249 tradi,
1591 1208 1629 1239 et

237 1276 343 1301 nunc
364 1264 404 1300 in
424 1262 526 1301 vitae
546 1270 730 1300 aeternae
750 1260 983 1299 alimentum
1005 1259 1225 1310 impertiris.
1284 1260 1370 1296 Iam
1399 1270 1492 1296 vero
1521 1264 1628 1295 tuam
1675 1255 1697 1298 'j

238 1318 276 1355 in
311 1330 383 1355 nos
415 1329 660 1367 prosequens
692 1315 1010 1361 beneficentiam,
1042 1327 1092 1352 ne
1123 1326 1299 1362 unquam
1334 1313 1434 1349 haec
1462 1324 1486 1349 a
1513 1309 1629 1348 nobis
1687 1316 1695 1355 ,ζ

237 1371 425 1409 oblivioni
446 1370 530 1409 dari
550 1371 763 1420 permittas,
781 1371 851 1407 sed
872 1370 932 1406 fac
953 1369 1083 1418 potius
1105 1375 1147 1406 ut
1167 1380 1214 1405 ea
1229 1366 1415 1405 cordibus
1436 1364 1631 1413 insculpta

239 1432 419 1474 gerentes
441 1424 691 1473 proficiamus
714 1430 752 1461 et
778 1435 1001 1461 crescamus
1021 1421 1061 1459 in
1083 1422 1174 1467 fide,
1197 1433 1298 1470 quae
1318 1420 1370 1458 ad
1390 1431 1509 1457 omne
1530 1430 1630 1467 opus
1680 1450 1689 1470 s..

239 1479 388 1517 bonum
411 1477 459 1516 sit
481 1478 627 1515 efficax.
679 1477 800 1516 Unde
826 1478 943 1514 etiam
972 1477 1039 1514 fiat
1065 1482 1107 1513 ut
1137 1475 1329 1523 reliquum
1352 1474 1453 1511 vitae
1475 1480 1631 1510 nostrae
1686 1486 1690 1492 ’

238 1545 395 1571 cursum
426 1530 699 1581 propagationi
728 1531 873 1580 gloriae
901 1538 991 1568 tuae
1017 1537 1055 1567 et
1075 1528 1341 1567 aedificationi
1361 1526 1628 1576 proximorum

237 1586 492 1624 dedicemus:
523 1598 591 1635 per
622 1584 731 1622 illum
764 1586 893 1634 ipsum
927 1585 1060 1622 Iesum
1095 1583 1297 1623 Christum
1330 1581 1472 1619 Filium
1503 1588 1628 1626 tuum,
1687 1580 1695 1629 j]

237 1640 304 1690 qui
325 1639 365 1677 in
386 1639 535 1678 unitate
557 1638 681 1677 sancti
702 1637 867 1688 Spiritus
883 1637 975 1676 vivit
992 1646 1123 1676 tecum
1141 1644 1179 1675 et
1194 1642 1330 1686 regnat
1350 1634 1390 1673 in
1409 1641 1627 1673 aeternum.
1692 1631 1695 1634 ’

238 1697 379 1732 Amen.

255 1771 472 1808 Benedictio
491 1783 605 1819 qnam
626 1769 815 1806 flffinister
823 1768 969 1818 populo
987 1768 1191 1806 discessuro
1197 1771 1392 1816 precatur,
1413 1765 1612 1803 secundum

658 1824 812 1861 divinae
831 1823 943 1871 Legis
953 1826 1208 1872 praeceptum.

294 1895 510 1933 Benedicat
531 1894 642 1932 vobis
666 1893 863 1931 Dominus
883 1905 1033 1942 vosque
1060 1899 1186 1931 servet
1215 1891 1444 1929 incolumes.
1495 1889 1631 1928 Domi·
1674 1910 1687 1922 s

239 1962 312 1986 nus
341 1962 410 1986 vos
441 1949 649 1997 splendore
683 1949 812 1985 vultus
843 1946 901 1985 sui
932 1946 1097 1985 illustret
1126 1945 1318 1995 vobisque
1347 1944 1395 1983 sit
1426 1943 1628 1994 propitius.

239 2002 454 2042 Convertat
490 2001 686 2039 Dominus
717 2001 857 2039 faciem
892 2013 1002 2038 suam
1032 2001 1083 2038 ad
1112 2013 1181 2038 vos
1216 2006 1254 2038 et
1282 1998 1416 2037 omnia
1445 2010 1630 2048 prospera

238 2056 349 2094 vobis
370 2055 562 2106 largiatur.

393 2133 453 2185 (2)
483 2133 667 2172 Formula
688 2133 1027 2171 Sacramentorum
1050 2130 1475 2170 Administrandorum.

526 2206 585 2258 (a)
614 2207 800 2244 Formnla
817 2206 1018 2256 Baptismz'
1034 2204 1348 2243 administrandi.

291 2283 343 2319 In
373 2281 518 2331 primis
550 2280 653 2318 illud
685 2279 776 2317 scire
804 2283 954 2329 oportet,
988 2278 1244 2328 apportandos
1275 2289 1346 2314 esse
1375 2275 1542 2326 infantes
1579 2276 1633 2313 ad
1691 2287 1693 2321 ς

243 2336 487 2384 Baptismum
515 2340 587 2372 ant
612 2333 828 2371 Dominicis
855 2333 982 2370 diebus
1015 2331 1244 2370 Cateclzismi
1269 2335 1428 2380 tempore
1447 2336 1518 2368 ant
1541 2330 1631 2368 aliis

238 2390 365 2427 diebus
401 2390 456 2426 ad
497 2388 712 2434 concionem,
753 2393 805 2433 nt,
847 2387 1158 2435 quemadmodum
1204 2385 1432 2434 Baptismus
1468 2383 1631 2421 solennis
1662 2390 1692 2428 ,¹

239 2444 424 2492 quaedam
455 2448 510 2480 est
539 2442 720 2491 cooptatio
751 2441 793 2478 in
827 2440 1044 2486 Ecclesiam,
1077 2440 1132 2477 ita
1163 2439 1203 2477 in
1234 2443 1420 2487 conspectu
1453 2443 1490 2475 et
1517 2437 1630 2475 oculis
1664 2487 1666 2489 Ι

239 2497 352 2534 totius
370 2496 551 2534 concionis
568 2496 772 2533 celebretur.
