<?xml version="1.0" encoding="UTF-8"?>
<!DOCTYPE html PUBLIC "-//W3C//DTD XHTML 1.0 Transitional//EN"
    "http://www.w3.org/TR/xhtml1/DTD/xhtml1-transitional.dtd">
<html xmlns="http://www.w3.org/1999/xhtml" xml:lang="en" lang="en">
 <head>
  <title>
</title>
<meta http-equiv="Content-Type" content="text/html;charset=utf-8" />
  <meta name='ocr-system' content='tesseract 3.04.00' />
  <meta name='ocr-capabilities' content='ocr_page ocr_carea ocr_par ocr_line ocrx_word'/>
</head>
<body>
  <div class='ocr_page' id='page_1' title='image "./docreform00kidd_0664.png"; bbox 0 0 1715 2780; ppageno 0'>
   <div class='ocr_carea' id='block_1_1' title="bbox 245 112 1635 167">
    <p class='ocr_par' dir='ltr' id='par_1_1' title="bbox 245 112 1635 167">
     <span class='ocr_line' id='line_1_1' title="bbox 245 112 1635 167; baseline -0.005 -11"><span class='ocrx_word' id='word_1_1' title='bbox 245 120 321 167; x_wconf 84' lang='lat'>636</span> <span class='ocrx_word' id='word_1_2' title='bbox 405 119 525 157; x_wconf 86' lang='lat' dir='ltr'>THE</span> <span class='ocrx_word' id='word_1_3' title='bbox 558 115 883 157; x_wconf 83' lang='lat' dir='ltr'>DISCIPLINE</span> <span class='ocrx_word' id='word_1_4' title='bbox 915 114 973 153; x_wconf 83' lang='lat' dir='ltr'>IN</span> <span class='ocrx_word' id='word_1_5' title='bbox 1006 112 1248 160; x_wconf 81' lang='lat' dir='ltr'>GENEVA,</span> <span class='ocrx_word' id='word_1_6' title='bbox 1284 113 1465 162; x_wconf 85' lang='lat'>1542-64</span> <span class='ocrx_word' id='word_1_7' title='bbox 1551 118 1635 158; x_wconf 85' lang='lat'>309</span> 
     </span>
    </p>
   </div>
   <div class='ocr_carea' id='block_1_2' title="bbox 243 214 1685 486">
    <p class='ocr_par' dir='ltr' id='par_1_2' title="bbox 243 214 1693 491">
     <span class='ocr_line' id='line_1_2' title="bbox 243 214 1636 267; baseline -0.006 -5"><span class='ocrx_word' id='word_1_8' title='bbox 243 222 338 262; x_wconf 87' lang='lat' dir='ltr'>vitio</span> <span class='ocrx_word' id='word_1_9' title='bbox 362 230 570 267; x_wconf 82' lang='lat' dir='ltr'>vertamus,</span> <span class='ocrx_word' id='word_1_10' title='bbox 601 221 632 260; x_wconf 86' lang='lat' dir='ltr'>si</span> <span class='ocrx_word' id='word_1_11' title='bbox 661 228 728 259; x_wconf 87' lang='lat' dir='ltr'>aut</span> <span class='ocrx_word' id='word_1_12' title='bbox 756 220 1036 266; x_wconf 86' lang='lat' dir='ltr'>Ecclesiasten,</span> <span class='ocrx_word' id='word_1_13' title='bbox 1065 225 1131 256; x_wconf 91' lang='lat' dir='ltr'>aut</span> <span class='ocrx_word' id='word_1_14' title='bbox 1159 214 1380 265; x_wconf 83' lang='lat' dir='ltr'>Proverbia,</span> <span class='ocrx_word' id='word_1_15' title='bbox 1402 222 1469 255; x_wconf 91' lang='lat' dir='ltr'>aut</span> <span class='ocrx_word' id='word_1_16' title='bbox 1499 228 1636 254; x_wconf 90' lang='lat' dir='ltr'>unum-</span> 
     </span>
     <span class='ocr_line' id='line_1_3' title="bbox 243 271 1636 328; baseline -0.006 -12"><span class='ocrx_word' id='word_1_17' title='bbox 243 290 445 328; x_wconf 83' lang='lat' dir='ltr'>quemque</span> <span class='ocrx_word' id='word_1_18' title='bbox 461 276 604 315; x_wconf 90' lang='lat' dir='ltr'>librum</span> <span class='ocrx_word' id='word_1_19' title='bbox 619 289 665 314; x_wconf 81' lang='lat' dir='ltr'>ex</span> <span class='ocrx_word' id='word_1_20' title='bbox 681 273 839 324; x_wconf 86' lang='lat' dir='ltr'>reliquis</span> <span class='ocrx_word' id='word_1_21' title='bbox 855 272 1035 323; x_wconf 80' lang='lat' dir='ltr'><strong>repudiet</strong></span> <span class='ocrx_word' id='word_1_22' title='bbox 1052 289 1058 311; x_wconf 91' lang='lat'>:</span> <span class='ocrx_word' id='word_1_23' title='bbox 1084 271 1158 311; x_wconf 89' lang='lat' dir='ltr'>nisi</span> <span class='ocrx_word' id='word_1_24' title='bbox 1175 273 1273 310; x_wconf 93' lang='lat' dir='ltr'>forte</span> <span class='ocrx_word' id='word_1_25' title='bbox 1289 271 1328 309; x_wconf 91' lang='lat' dir='ltr'>in</span> <span class='ocrx_word' id='word_1_26' title='bbox 1344 272 1420 309; x_wconf 91' lang='lat' dir='ltr'>hoc</span> <span class='ocrx_word' id='word_1_27' title='bbox 1437 277 1636 308; x_wconf 89' lang='lat' dir='ltr'>certamen</span> 
     </span>
     <span class='ocr_line' id='line_1_4' title="bbox 243 325 1685 379; baseline -0.006 -8"><span class='ocrx_word' id='word_1_28' title='bbox 243 332 489 371; x_wconf 81' lang='lat' dir='ltr'><strong>descendere</strong></span> <span class='ocrx_word' id='word_1_29' title='bbox 508 331 640 378; x_wconf 84' lang='lat' dir='ltr'>libeat,</span> <span class='ocrx_word' id='word_1_30' title='bbox 664 328 751 379; x_wconf 90' lang='lat' dir='ltr'>quis</span> <span class='ocrx_word' id='word_1_31' title='bbox 772 327 917 378; x_wconf 80' lang='lat' dir='ltr'>Spiritu</span> <span class='ocrx_word' id='word_1_32' title='bbox 939 328 1084 366; x_wconf 89' lang='lat' dir='ltr'>Sancto</span> <span class='ocrx_word' id='word_1_33' title='bbox 1105 325 1246 377; x_wconf 85' lang='lat' dir='ltr'>dignus</span> <span class='ocrx_word' id='word_1_34' title='bbox 1273 326 1322 364; x_wconf 90' lang='lat' dir='ltr'>sit</span> <span class='ocrx_word' id='word_1_35' title='bbox 1344 332 1411 364; x_wconf 89' lang='lat' dir='ltr'>aut</span> <span class='ocrx_word' id='word_1_36' title='bbox 1438 325 1634 375; x_wconf 86' lang='lat' dir='ltr'>indignus.</span> <span class='ocrx_word' id='word_1_37' title='bbox 1682 347 1685 354; x_wconf 67' lang='lat'>=</span> 
     </span>
     <span class='ocr_line' id='line_1_5' title="bbox 245 377 1636 436; baseline -0.006 -11"><span class='ocrx_word' id='word_1_38' title='bbox 245 387 308 425; x_wconf 93' lang='lat' dir='ltr'>Ne</span> <span class='ocrx_word' id='word_1_39' title='bbox 323 385 410 436; x_wconf 87' lang='lat' dir='ltr'>quis</span> <span class='ocrx_word' id='word_1_40' title='bbox 431 398 522 435; x_wconf 84' lang='lat' dir='ltr'>ergo</span> <span class='ocrx_word' id='word_1_41' title='bbox 542 385 650 423; x_wconf 89' lang='lat' dir='ltr'>aliud</span> <span class='ocrx_word' id='word_1_42' title='bbox 665 382 870 433; x_wconf 82' lang='lat' dir='ltr'><strong>quidpiam</strong></span> <span class='ocrx_word' id='word_1_43' title='bbox 886 393 1027 420; x_wconf 87' lang='lat' dir='ltr'>causae</span> <span class='ocrx_word' id='word_1_44' title='bbox 1043 393 1128 419; x_wconf 89' lang='lat' dir='ltr'>esse</span> <span class='ocrx_word' id='word_1_45' title='bbox 1145 381 1372 430; x_wconf 87' lang='lat' dir='ltr'>suspicetur,</span> <span class='ocrx_word' id='word_1_46' title='bbox 1391 392 1459 417; x_wconf 88' lang='lat' dir='ltr'>cur</span> <span class='ocrx_word' id='word_1_47' title='bbox 1479 392 1502 417; x_wconf 91' lang='lat' dir='ltr'>a</span> <span class='ocrx_word' id='word_1_48' title='bbox 1520 377 1636 417; x_wconf 88' lang='lat' dir='ltr'>nobis</span> 
     </span>
     <span class='ocr_line' id='line_1_6' title="bbox 244 433 1637 486; baseline -0.006 -7"><span class='ocrx_word' id='word_1_49' title='bbox 244 441 422 479; x_wconf 86' lang='lat' dir='ltr'>discedat</span> <span class='ocrx_word' id='word_1_50' title='bbox 438 439 702 484; x_wconf 80' lang='lat' dir='ltr'>Sebastianus,</span> <span class='ocrx_word' id='word_1_51' title='bbox 718 438 794 475; x_wconf 90' lang='lat' dir='ltr'>hoc</span> <span class='ocrx_word' id='word_1_52' title='bbox 811 448 1051 486; x_wconf 87' lang='lat' dir='ltr'>quocunque</span> <span class='ocrx_word' id='word_1_53' title='bbox 1066 435 1214 473; x_wconf 89' lang='lat' dir='ltr'>venerit</span> <span class='ocrx_word' id='word_1_54' title='bbox 1229 441 1413 473; x_wconf 90' lang='lat' dir='ltr'>testatum</span> <span class='ocrx_word' id='word_1_55' title='bbox 1431 446 1515 472; x_wconf 91' lang='lat' dir='ltr'>esse</span> <span class='ocrx_word' id='word_1_56' title='bbox 1531 433 1637 471; x_wconf 92' lang='lat' dir='ltr'>volu-</span> 
     </span>
    </p>
   </div>
   <div class='ocr_carea' id='block_1_3' title="bbox 245 486 1715 542">
    <p class='ocr_par' dir='ltr' id='par_1_3' title="bbox 245 486 1715 542">
     <span class='ocr_line' id='line_1_7' title="bbox 245 486 1715 542; baseline -0.003 -10"><span class='ocrx_word' id='word_1_57' title='bbox 245 507 356 532; x_wconf 89' lang='lat' dir='ltr'>mus:</span> <span class='ocrx_word' id='word_1_58' title='bbox 391 495 558 532; x_wconf 88' lang='lat' dir='ltr'>Scholae</span> <span class='ocrx_word' id='word_1_59' title='bbox 589 490 811 542; x_wconf 88' lang='lat' dir='ltr'>magisterio</span> <span class='ocrx_word' id='word_1_60' title='bbox 840 497 981 540; x_wconf 87' lang='lat' dir='ltr'>sponte</span> <span class='ocrx_word' id='word_1_61' title='bbox 1011 502 1052 527; x_wconf 87' lang='lat' dir='ltr'>se</span> <span class='ocrx_word' id='word_1_62' title='bbox 1081 488 1290 527; x_wconf 86' lang='lat' dir='ltr'>abdicavit.</span> <span class='ocrx_word' id='word_1_63' title='bbox 1357 489 1404 526; x_wconf 91' lang='lat' dir='ltr'>In</span> <span class='ocrx_word' id='word_1_64' title='bbox 1435 500 1483 526; x_wconf 91' lang='lat' dir='ltr'>eo</span> <span class='ocrx_word' id='word_1_65' title='bbox 1513 486 1565 525; x_wconf 87' lang='lat' dir='ltr'>ita</span> <span class='ocrx_word' id='word_1_66' title='bbox 1594 499 1636 525; x_wconf 88' lang='lat' dir='ltr'>se</span> <span class='ocrx_word' id='word_1_67' title='bbox 1692 498 1715 527; x_wconf 65' lang='lat'>:¹</span> 
     </span>
    </p>
   </div>
   <div class='ocr_carea' id='block_1_4' title="bbox 242 536 1693 1139">
    <p class='ocr_par' dir='ltr' id='par_1_4' title="bbox 242 536 1693 760">
     <span class='ocr_line' id='line_1_8' title="bbox 242 536 1693 598; baseline -0.006 -11"><span class='ocrx_word' id='word_1_68' title='bbox 242 556 414 598; x_wconf 81' lang='lat' dir='ltr'><strong>gesserat</strong></span> <span class='ocrx_word' id='word_1_69' title='bbox 444 554 487 586; x_wconf 91' lang='lat' dir='ltr'>ut</span> <span class='ocrx_word' id='word_1_70' title='bbox 517 560 626 585; x_wconf 90' lang='lat' dir='ltr'>sacro</span> <span class='ocrx_word' id='word_1_71' title='bbox 655 547 730 584; x_wconf 91' lang='lat' dir='ltr'>hoc</span> <span class='ocrx_word' id='word_1_72' title='bbox 761 544 977 583; x_wconf 87' lang='lat' dir='ltr'>ministerio</span> <span class='ocrx_word' id='word_1_73' title='bbox 1003 543 1167 594; x_wconf 88' lang='lat' dir='ltr'>dignum</span> <span class='ocrx_word' id='word_1_74' title='bbox 1197 542 1470 581; x_wconf 81' lang='lat' dir='ltr'>indicaremus.</span> <span class='ocrx_word' id='word_1_75' title='bbox 1531 542 1637 589; x_wconf 86' lang='lat' dir='ltr'>Quo·</span> <span class='ocrx_word' id='word_1_76' title='bbox 1679 536 1693 566; x_wconf 52' lang='grc' dir='ltr'>’ἶ</span> 
     </span>
     <span class='ocr_line' id='line_1_9' title="bbox 245 596 1634 650; baseline -0.005 -10"><span class='ocrx_word' id='word_1_77' title='bbox 245 603 374 640; x_wconf 87' lang='lat' dir='ltr'>minus</span> <span class='ocrx_word' id='word_1_78' title='bbox 408 609 541 640; x_wconf 85' lang='lat' dir='ltr'>autem</span> <span class='ocrx_word' id='word_1_79' title='bbox 573 608 751 650; x_wconf 88' lang='lat' dir='ltr'>receptus</span> <span class='ocrx_word' id='word_1_80' title='bbox 786 598 910 645; x_wconf 90' lang='lat' dir='ltr'>fuerit,</span> <span class='ocrx_word' id='word_1_81' title='bbox 943 611 1025 636; x_wconf 88' lang='lat' dir='ltr'>non</span> <span class='ocrx_word' id='word_1_82' title='bbox 1058 598 1190 647; x_wconf 87' lang='lat' dir='ltr'>aliqua</span> <span class='ocrx_word' id='word_1_83' title='bbox 1221 596 1321 635; x_wconf 84' lang='lat' dir='ltr'>vitae</span> <span class='ocrx_word' id='word_1_84' title='bbox 1355 596 1519 643; x_wconf 86' lang='lat' dir='ltr'>macula,</span> <span class='ocrx_word' id='word_1_85' title='bbox 1553 607 1634 633; x_wconf 88' lang='lat' dir='ltr'>non</span> 
     </span>
     <span class='ocr_line' id='line_1_10' title="bbox 244 651 1636 706; baseline -0.006 -11"><span class='ocrx_word' id='word_1_86' title='bbox 244 655 408 706; x_wconf 90' lang='lat' dir='ltr'>impium</span> <span class='ocrx_word' id='word_1_87' title='bbox 430 656 593 706; x_wconf 76' lang='lat' dir='ltr'>aliquod</span> <span class='ocrx_word' id='word_1_88' title='bbox 614 656 654 692; x_wconf 87' lang='lat' dir='ltr'>in</span> <span class='ocrx_word' id='word_1_89' title='bbox 674 654 765 693; x_wconf 89' lang='lat' dir='ltr'>fidei</span> <span class='ocrx_word' id='word_1_90' title='bbox 787 660 943 691; x_wconf 89' lang='lat' dir='ltr'>nostrae</span> <span class='ocrx_word' id='word_1_91' title='bbox 963 651 1156 702; x_wconf 84' lang='lat' dir='ltr'>capitibus</span> <span class='ocrx_word' id='word_1_92' title='bbox 1177 652 1331 701; x_wconf 83' lang='lat' dir='ltr'><strong>dogma,</strong></span> <span class='ocrx_word' id='word_1_93' title='bbox 1350 651 1420 689; x_wconf 90' lang='lat' dir='ltr'>sed</span> <span class='ocrx_word' id='word_1_94' title='bbox 1441 651 1538 688; x_wconf 87' lang='lat' dir='ltr'>haec</span> <span class='ocrx_word' id='word_1_95' title='bbox 1558 662 1636 687; x_wconf 89' lang='lat' dir='ltr'>una</span> 
     </span>
     <span class='ocr_line' id='line_1_11' title="bbox 244 706 959 760; baseline -0.007 -11"><span class='ocrx_word' id='word_1_96' title='bbox 244 724 362 760; x_wconf 84' lang='lat' dir='ltr'>quam</span> <span class='ocrx_word' id='word_1_97' title='bbox 385 709 638 760; x_wconf 85' lang='lat' dir='ltr'>exposuimus</span> <span class='ocrx_word' id='word_1_98' title='bbox 659 721 777 747; x_wconf 86' lang='lat' dir='ltr'>causa</span> <span class='ocrx_word' id='word_1_99' title='bbox 797 706 959 745; x_wconf 83' lang='lat' dir='ltr'>obstitit.</span> 
     </span>
    </p>

    <p class='ocr_par' dir='ltr' id='par_1_5' title="bbox 243 756 1636 867">
     <span class='ocr_line' id='line_1_12' title="bbox 299 756 1636 803; baseline -0.006 0"><span class='ocrx_word' id='word_1_100' title='bbox 299 764 470 803; x_wconf 90' lang='lat' dir='ltr'>Ministri</span> <span class='ocrx_word' id='word_1_101' title='bbox 489 762 691 802; x_wconf 85' lang='lat' dir='ltr'>Ecclesiae</span> <span class='ocrx_word' id='word_1_102' title='bbox 709 762 963 801; x_wconf 83' lang='lat' dir='ltr'>Genevensis.</span> <span class='ocrx_word' id='word_1_103' title='bbox 1001 761 1060 799; x_wconf 87' lang='lat' dir='ltr'>Io.</span> <span class='ocrx_word' id='word_1_104' title='bbox 1075 760 1263 799; x_wconf 86' lang='lat' dir='ltr'>Calvinus</span> <span class='ocrx_word' id='word_1_105' title='bbox 1280 759 1457 798; x_wconf 88' lang='lat' dir='ltr'>omnium</span> <span class='ocrx_word' id='word_1_106' title='bbox 1475 756 1636 797; x_wconf 86' lang='lat' dir='ltr'>nomine</span> 
     </span>
     <span class='ocr_line' id='line_1_13' title="bbox 243 816 743 867; baseline -0.004 -11"><span class='ocrx_word' id='word_1_107' title='bbox 243 832 289 856; x_wconf 83' lang='lat' dir='ltr'>ac</span> <span class='ocrx_word' id='word_1_108' title='bbox 311 820 499 857; x_wconf 87' lang='lat' dir='ltr'>mandato</span> <span class='ocrx_word' id='word_1_109' title='bbox 520 816 743 867; x_wconf 86' lang='lat' dir='ltr'>subscripsi.</span> 
     </span>
    </p>

    <p class='ocr_par' dir='ltr' id='par_1_6' title="bbox 243 867 1637 1139">
     <span class='ocr_line' id='line_1_14' title="bbox 300 867 1636 923; baseline -0.005 -12"><span class='ocrx_word' id='word_1_110' title='bbox 300 872 347 923; x_wconf 83' lang='lat' dir='ltr'>(c)</span> <span class='ocrx_word' id='word_1_111' title='bbox 379 875 495 910; x_wconf 72' lang='lat' dir='ltr'>From</span> <span class='ocrx_word' id='word_1_112' title='bbox 525 874 614 921; x_wconf 79' lang='lat' dir='ltr'>Reg.</span> <span class='ocrx_word' id='word_1_113' title='bbox 640 873 691 909; x_wconf 81' lang='lat' dir='ltr'>du</span> <span class='ocrx_word' id='word_1_114' title='bbox 725 871 882 918; x_wconf 80' lang='lat' dir='ltr'>Conseil‚</span> <span class='ocrx_word' id='word_1_115' title='bbox 906 882 952 908; x_wconf 78' lang='lat'>12</span> <span class='ocrx_word' id='word_1_116' title='bbox 964 870 1072 919; x_wconf 77' lang='lat' dir='ltr'>smee</span> <span class='ocrx_word' id='word_1_117' title='bbox 1096 879 1277 918; x_wconf 76' lang='lat'>1544.—.</span> <span class='ocrx_word' id='word_1_118' title='bbox 1301 897 1308 905; x_wconf 93' lang='lat'>.</span> <span class='ocrx_word' id='word_1_119' title='bbox 1330 897 1339 906; x_wconf 94' lang='lat'>.</span> <span class='ocrx_word' id='word_1_120' title='bbox 1363 867 1415 905; x_wconf 91' lang='lat' dir='ltr'>Et</span> <span class='ocrx_word' id='word_1_121' title='bbox 1444 867 1636 916; x_wconf 89' lang='lat' dir='ltr'>dempuys</span> 
     </span>
     <span class='ocr_line' id='line_1_15' title="bbox 243 919 1637 975; baseline -0.005 -10"><span class='ocrx_word' id='word_1_122' title='bbox 243 940 266 964; x_wconf 81' lang='lat' dir='ltr'>a</span> <span class='ocrx_word' id='word_1_123' title='bbox 287 926 368 965; x_wconf 81' lang='lat' dir='ltr'>este</span> <span class='ocrx_word' id='word_1_124' title='bbox 381 926 515 965; x_wconf 78' lang='lat' dir='ltr'>advise</span> <span class='ocrx_word' id='word_1_125' title='bbox 532 934 570 964; x_wconf 90' lang='lat' dir='ltr'>et</span> <span class='ocrx_word' id='word_1_126' title='bbox 587 925 765 964; x_wconf 88' lang='lat' dir='ltr'>ordonne&#39;</span> <span class='ocrx_word' id='word_1_127' title='bbox 780 937 857 975; x_wconf 85' lang='lat' dir='ltr'>que</span> <span class='ocrx_word' id='word_1_128' title='bbox 878 925 1068 963; x_wconf 82' lang='lat' dir='ltr'>d&#39;aultant</span> <span class='ocrx_word' id='word_1_129' title='bbox 1085 925 1148 961; x_wconf 76' lang='lat' dir='ltr'>Me</span> <span class='ocrx_word' id='word_1_130' title='bbox 1167 921 1327 960; x_wconf 88' lang='lat' dir='ltr'>Bastian</span> <span class='ocrx_word' id='word_1_131' title='bbox 1343 922 1433 960; x_wconf 86' lang='lat' dir='ltr'>n&#39;ha</span> <span class='ocrx_word' id='word_1_132' title='bbox 1449 919 1637 971; x_wconf 79' lang='lat' dir='ltr'>proceder</span> 
     </span>
     <span class='ocr_line' id='line_1_16' title="bbox 244 975 1636 1031; baseline -0.005 -13"><span class='ocrx_word' id='word_1_133' title='bbox 244 981 382 1031; x_wconf 86' lang='lat' dir='ltr'>ainsyn</span> <span class='ocrx_word' id='word_1_134' title='bbox 404 980 495 1030; x_wconf 90' lang='lat' dir='ltr'>qu⁷il</span> <span class='ocrx_word' id='word_1_135' title='bbox 516 980 700 1030; x_wconf 88' lang='lat' dir='ltr'>debvoyt,</span> <span class='ocrx_word' id='word_1_136' title='bbox 722 987 759 1018; x_wconf 87' lang='lat' dir='ltr'>et</span> <span class='ocrx_word' id='word_1_137' title='bbox 781 991 857 1029; x_wconf 86' lang='lat' dir='ltr'>que</span> <span class='ocrx_word' id='word_1_138' title='bbox 878 985 1001 1028; x_wconf 84' lang='lat' dir='ltr'>quant</span> <span class='ocrx_word' id='word_1_139' title='bbox 1029 984 1340 1016; x_wconf 87' lang='lat' dir='ltr'>remonstrances</span> <span class='ocrx_word' id='word_1_140' title='bbox 1361 983 1399 1014; x_wconf 94' lang='lat' dir='ltr'>et</span> <span class='ocrx_word' id='word_1_141' title='bbox 1420 975 1636 1014; x_wconf 86' lang='lat' dir='ltr'>correction</span> 
     </span>
     <span class='ocr_line' id='line_1_17' title="bbox 246 1029 1637 1084; baseline -0.005 -11"><span class='ocrx_word' id='word_1_142' title='bbox 246 1048 290 1073; x_wconf 91' lang='lat' dir='ltr'>ce</span> <span class='ocrx_word' id='word_1_143' title='bbox 312 1036 395 1073; x_wconf 87' lang='lat' dir='ltr'>font</span> <span class='ocrx_word' id='word_1_144' title='bbox 424 1037 479 1073; x_wconf 92' lang='lat' dir='ltr'>les</span> <span class='ocrx_word' id='word_1_145' title='bbox 504 1048 602 1084; x_wconf 84' lang='lat' dir='ltr'>ungs</span> <span class='ocrx_word' id='word_1_146' title='bbox 624 1047 761 1073; x_wconf 82' lang='lat' dir='ltr'>envers</span> <span class='ocrx_word' id='word_1_147' title='bbox 787 1035 842 1071; x_wconf 92' lang='lat' dir='ltr'>les</span> <span class='ocrx_word' id='word_1_148' title='bbox 869 1034 1012 1071; x_wconf 87' lang='lat' dir='ltr'>aultres</span> <span class='ocrx_word' id='word_1_149' title='bbox 1039 1032 1115 1070; x_wconf 89' lang='lat' dir='ltr'>l&#39;on</span> <span class='ocrx_word' id='word_1_150' title='bbox 1138 1031 1273 1081; x_wconf 91' lang='lat' dir='ltr'>doybd</span> <span class='ocrx_word' id='word_1_151' title='bbox 1293 1030 1482 1080; x_wconf 79' lang='lat' dir='ltr'>proce&#39;der</span> <span class='ocrx_word' id='word_1_152' title='bbox 1501 1029 1637 1067; x_wconf 86' lang='lat' dir='ltr'>aultre-</span> 
     </span>
     <span class='ocr_line' id='line_1_18' title="bbox 245 1083 1637 1139; baseline -0.004 -13"><span class='ocrx_word' id='word_1_153' title='bbox 245 1097 353 1128; x_wconf 85' lang='lat' dir='ltr'>ment</span> <span class='ocrx_word' id='word_1_154' title='bbox 371 1088 462 1139; x_wconf 82' lang='lat' dir='ltr'>qu’il</span> <span class='ocrx_word' id='word_1_155' title='bbox 477 1090 567 1127; x_wconf 81' lang='lat' dir='ltr'>n&#39;ha</span> <span class='ocrx_word' id='word_1_156' title='bbox 588 1090 688 1138; x_wconf 80' lang='lat' dir='ltr'>fayct</span> <span class='ocrx_word' id='word_1_157' title='bbox 710 1095 747 1127; x_wconf 92' lang='lat' dir='ltr'>et</span> <span class='ocrx_word' id='word_1_158' title='bbox 769 1087 862 1137; x_wconf 89' lang='lat' dir='ltr'>qu&#39;il</span> <span class='ocrx_word' id='word_1_159' title='bbox 883 1088 973 1125; x_wconf 81' lang='lat' dir='ltr'>n’ha</span> <span class='ocrx_word' id='word_1_160' title='bbox 994 1086 1279 1124; x_wconf 86' lang='lat' dir='ltr'>suffizamment</span> <span class='ocrx_word' id='word_1_161' title='bbox 1297 1083 1455 1134; x_wconf 86' lang='lat' dir='ltr'>justiffie&#39;</span> <span class='ocrx_word' id='word_1_162' title='bbox 1477 1095 1537 1122; x_wconf 87' lang='lat' dir='ltr'>ses</span> <span class='ocrx_word' id='word_1_163' title='bbox 1554 1095 1637 1132; x_wconf 74' lang='lat' dir='ltr'>pro-</span> 
     </span>
    </p>
   </div>
   <div class='ocr_carea' id='block_1_5' title="bbox 1697 508 1715 1218">
    <p class='ocr_par' dir='ltr' id='par_1_7' title="bbox 1697 508 1715 1218">
     <span class='ocr_line' id='line_1_19' title="bbox 1697 508 1715 1218; baseline 0 1562"><span class='ocrx_word' id='word_1_164' title='bbox 1697 508 1715 1218; x_wconf 95' lang='lat' dir='ltr'> </span> 
     </span>
    </p>
   </div>
   <div class='ocr_carea' id='block_1_6' title="bbox 244 1129 1715 1193">
    <p class='ocr_par' dir='ltr' id='par_1_8' title="bbox 244 1129 1715 1193">
     <span class='ocr_line' id='line_1_20' title="bbox 244 1129 1715 1193; baseline -0.006 -11"><span class='ocrx_word' id='word_1_165' title='bbox 244 1145 414 1193; x_wconf 90' lang='lat' dir='ltr'>posites:</span> <span class='ocrx_word' id='word_1_166' title='bbox 445 1151 632 1182; x_wconf 87' lang='lat' dir='ltr'>trouvons</span> <span class='ocrx_word' id='word_1_167' title='bbox 662 1144 832 1191; x_wconf 86' lang='lat' dir='ltr'>havoyer</span> <span class='ocrx_word' id='word_1_168' title='bbox 860 1142 936 1179; x_wconf 89' lang='lat' dir='ltr'>mal</span> <span class='ocrx_word' id='word_1_169' title='bbox 964 1141 1153 1191; x_wconf 81' lang='lat' dir='ltr'>proceder</span> <span class='ocrx_word' id='word_1_170' title='bbox 1179 1147 1216 1178; x_wconf 93' lang='lat' dir='ltr'>et</span> <span class='ocrx_word' id='word_1_171' title='bbox 1246 1140 1324 1177; x_wconf 87' lang='lat' dir='ltr'>mal</span> <span class='ocrx_word' id='word_1_172' title='bbox 1350 1138 1475 1188; x_wconf 90' lang='lat' dir='ltr'>parler</span> <span class='ocrx_word' id='word_1_173' title='bbox 1499 1143 1537 1176; x_wconf 91' lang='lat' dir='ltr'>et</span> <span class='ocrx_word' id='word_1_174' title='bbox 1564 1135 1638 1175; x_wconf 88' lang='lat' dir='ltr'>soit</span> <span class='ocrx_word' id='word_1_175' title='bbox 1694 1129 1715 1165; x_wconf 53' lang='lat'>&gt;³</span> 
     </span>
    </p>
   </div>
   <div class='ocr_carea' id='block_1_7' title="bbox 244 1191 1637 1356">
    <p class='ocr_par' dir='ltr' id='par_1_9' title="bbox 244 1191 1637 1356">
     <span class='ocr_line' id='line_1_21' title="bbox 244 1191 1635 1247; baseline -0.006 -11"><span class='ocrx_word' id='word_1_176' title='bbox 244 1198 381 1247; x_wconf 81' lang='lat' dir='ltr'>demys</span> <span class='ocrx_word' id='word_1_177' title='bbox 402 1198 456 1236; x_wconf 93' lang='lat' dir='ltr'>du</span> <span class='ocrx_word' id='word_1_178' title='bbox 479 1197 676 1235; x_wconf 74' lang='lat' dir='ltr'>ministere</span> <span class='ocrx_word' id='word_1_179' title='bbox 695 1198 858 1246; x_wconf 79' lang='lat' dir='ltr'>jusques</span> <span class='ocrx_word' id='word_1_180' title='bbox 879 1196 902 1233; x_wconf 69' lang='lat' dir='ltr'>a</span> <span class='ocrx_word' id='word_1_181' title='bbox 921 1197 957 1233; x_wconf 88' lang='lat' dir='ltr'>la</span> <span class='ocrx_word' id='word_1_182' title='bbox 979 1196 1082 1233; x_wconf 89' lang='lat' dir='ltr'>bone</span> <span class='ocrx_word' id='word_1_183' title='bbox 1100 1192 1258 1232; x_wconf 87' lang='lat' dir='ltr'>volonte&#39;</span> <span class='ocrx_word' id='word_1_184' title='bbox 1274 1194 1324 1232; x_wconf 94' lang='lat' dir='ltr'>de</span> <span class='ocrx_word' id='word_1_185' title='bbox 1344 1194 1381 1230; x_wconf 87' lang='lat' dir='ltr'>la</span> <span class='ocrx_word' id='word_1_186' title='bbox 1399 1191 1635 1241; x_wconf 87' lang='lat' dir='ltr'>Seigneurie.</span> 
     </span>
     <span class='ocr_line' id='line_1_22' title="bbox 246 1244 1637 1301; baseline -0.004 -13"><span class='ocrx_word' id='word_1_187' title='bbox 246 1253 434 1301; x_wconf 84' lang='lat' dir='ltr'>Laquelle</span> <span class='ocrx_word' id='word_1_188' title='bbox 456 1253 727 1299; x_wconf 83' lang='lat' dir='ltr'>ordonnance,</span> <span class='ocrx_word' id='word_1_189' title='bbox 752 1252 910 1300; x_wconf 74' lang='lat' dir='ltr'>present</span> <span class='ocrx_word' id='word_1_190' title='bbox 940 1251 994 1288; x_wconf 91' lang='lat' dir='ltr'>les</span> <span class='ocrx_word' id='word_1_191' title='bbox 1025 1248 1081 1287; x_wconf 84' lang='lat' dir='ltr'>six</span> <span class='ocrx_word' id='word_1_192' title='bbox 1112 1246 1335 1286; x_wconf 84' lang='lat' dir='ltr'>ministresl</span> <span class='ocrx_word' id='word_1_193' title='bbox 1357 1253 1396 1286; x_wconf 88' lang='lat' dir='ltr'>et</span> <span class='ocrx_word' id='word_1_194' title='bbox 1425 1247 1460 1285; x_wconf 91' lang='lat' dir='ltr'>le</span> <span class='ocrx_word' id='word_1_195' title='bbox 1487 1244 1544 1284; x_wconf 89' lang='lat' dir='ltr'>dit</span> <span class='ocrx_word' id='word_1_196' title='bbox 1574 1246 1637 1282; x_wconf 80' lang='lat' dir='ltr'>Me</span> 
     </span>
     <span class='ocr_line' id='line_1_23' title="bbox 245 1306 892 1356; baseline -0.002 -13"><span class='ocrx_word' id='word_1_197' title='bbox 245 1306 416 1353; x_wconf 85' lang='lat' dir='ltr'>Bastian,</span> <span class='ocrx_word' id='word_1_198' title='bbox 439 1319 461 1344; x_wconf 86' lang='lat' dir='ltr'>a</span> <span class='ocrx_word' id='word_1_199' title='bbox 483 1307 563 1344; x_wconf 79' lang='lat' dir='ltr'>este&#39;</span> <span class='ocrx_word' id='word_1_200' title='bbox 586 1307 800 1356; x_wconf 80' lang='lat' dir='ltr'>pronunce.</span> <span class='ocrx_word' id='word_1_201' title='bbox 824 1335 829 1342; x_wconf 94' lang='lat'>.</span> <span class='ocrx_word' id='word_1_202' title='bbox 854 1335 862 1343; x_wconf 93' lang='lat'>.</span> <span class='ocrx_word' id='word_1_203' title='bbox 885 1335 892 1342; x_wconf 91' lang='lat'>.</span> 
     </span>
    </p>
   </div>
   <div class='ocr_carea' id='block_1_8' title="bbox 392 1388 1488 1457">
    <p class='ocr_par' dir='ltr' id='par_1_10' title="bbox 392 1388 1488 1457">
     <span class='ocr_line' id='line_1_24' title="bbox 392 1388 1488 1457; baseline -0.004 -10"><span class='ocrx_word' id='word_1_204' title='bbox 392 1404 481 1447; x_wconf 88' lang='lat' dir='ltr'>No.</span> <span class='ocrx_word' id='word_1_205' title='bbox 505 1416 601 1457; x_wconf 88' lang='lat'>310.</span> <span class='ocrx_word' id='word_1_206' title='bbox 647 1404 817 1445; x_wconf 89' lang='lat' dir='ltr'>Pierre</span> <span class='ocrx_word' id='word_1_207' title='bbox 849 1405 1101 1452; x_wconf 83' lang='lat' dir='ltr'>Ameaux,</span> <span class='ocrx_word' id='word_1_208' title='bbox 1127 1402 1154 1443; x_wconf 93' lang='lat'>8</span> <span class='ocrx_word' id='word_1_209' title='bbox 1185 1388 1330 1454; x_wconf 77' lang='lat' dir='ltr'>April</span> <span class='ocrx_word' id='word_1_210' title='bbox 1360 1400 1488 1452; x_wconf 86' lang='lat'>1546.</span> 
     </span>
    </p>
   </div>
   <div class='ocr_carea' id='block_1_9' title="bbox 242 1475 1638 2285">
    <p class='ocr_par' dir='ltr' id='par_1_11' title="bbox 243 1475 1638 1803">
     <span class='ocr_line' id='line_1_25' title="bbox 300 1475 1638 1532; baseline -0.004 -13"><span class='ocrx_word' id='word_1_211' title='bbox 300 1482 358 1532; x_wconf 74' lang='lat' dir='ltr'>(a)</span> <span class='ocrx_word' id='word_1_212' title='bbox 388 1484 503 1520; x_wconf 77' lang='lat' dir='ltr'>From</span> <span class='ocrx_word' id='word_1_213' title='bbox 524 1484 615 1531; x_wconf 74' lang='lat' dir='ltr'>Reg.</span> <span class='ocrx_word' id='word_1_214' title='bbox 635 1483 686 1519; x_wconf 79' lang='lat' dir='ltr'>du</span> <span class='ocrx_word' id='word_1_215' title='bbox 708 1482 867 1528; x_wconf 46' lang='lat' dir='ltr'>Comei&amp;</span> <span class='ocrx_word' id='word_1_216' title='bbox 888 1492 941 1531; x_wconf 84' lang='lat'>27</span> <span class='ocrx_word' id='word_1_217' title='bbox 946 1481 1046 1531; x_wconf 79' lang='lat' dir='ltr'>san.</span> <span class='ocrx_word' id='word_1_218' title='bbox 1068 1478 1177 1528; x_wconf 74' lang='lat'>1546.</span> <span class='ocrx_word' id='word_1_219' title='bbox 1190 1480 1336 1516; x_wconf 90' lang='lat' dir='ltr'>-L⁷on</span> <span class='ocrx_word' id='word_1_220' title='bbox 1357 1491 1380 1516; x_wconf 85' lang='lat' dir='ltr'>a</span> <span class='ocrx_word' id='word_1_221' title='bbox 1399 1475 1540 1515; x_wconf 77' lang='lat' dir='ltr'>revelle</span> <span class='ocrx_word' id='word_1_222' title='bbox 1562 1488 1638 1526; x_wconf 87' lang='lat' dir='ltr'>que</span> 
     </span>
     <span class='ocr_line' id='line_1_26' title="bbox 244 1532 1638 1585; baseline -0.005 -11"><span class='ocrx_word' id='word_1_223' title='bbox 244 1538 438 1575; x_wconf 79' lang='lat' dir='ltr'>Ameaulx</span> <span class='ocrx_word' id='word_1_224' title='bbox 467 1550 489 1574; x_wconf 89' lang='lat' dir='ltr'>a</span> <span class='ocrx_word' id='word_1_225' title='bbox 519 1536 646 1575; x_wconf 85' lang='lat' dir='ltr'>diest2</span> <span class='ocrx_word' id='word_1_226' title='bbox 669 1549 746 1585; x_wconf 90' lang='lat' dir='ltr'>que</span> <span class='ocrx_word' id='word_1_227' title='bbox 771 1537 827 1572; x_wconf 88' lang='lat' dir='ltr'>M.</span> <span class='ocrx_word' id='word_1_228' title='bbox 851 1536 990 1574; x_wconf 87' lang='lat' dir='ltr'>Calvin</span> <span class='ocrx_word' id='word_1_229' title='bbox 1021 1541 1144 1583; x_wconf 74' lang='lat' dir='ltr'>estoyt</span> <span class='ocrx_word' id='word_1_230' title='bbox 1176 1532 1380 1571; x_wconf 86' lang='lat' dir='ltr'>meschant</span> <span class='ocrx_word' id='word_1_231' title='bbox 1409 1532 1570 1569; x_wconf 87' lang='lat' dir='ltr'>homme</span> <span class='ocrx_word' id='word_1_232' title='bbox 1600 1537 1638 1568; x_wconf 89' lang='lat' dir='ltr'>et</span> 
     </span>
     <span class='ocr_line' id='line_1_27' title="bbox 244 1583 1638 1640; baseline -0.006 -11"><span class='ocrx_word' id='word_1_233' title='bbox 244 1593 409 1640; x_wconf 80' lang='lat' dir='ltr'>n&#39;estoyt</span> <span class='ocrx_word' id='word_1_234' title='bbox 426 1604 503 1640; x_wconf 87' lang='lat' dir='ltr'>que</span> <span class='ocrx_word' id='word_1_235' title='bbox 520 1604 572 1629; x_wconf 86' lang='lat' dir='ltr'>un</span> <span class='ocrx_word' id='word_1_236' title='bbox 590 1590 723 1640; x_wconf 88' lang='lat' dir='ltr'>picard</span> <span class='ocrx_word' id='word_1_237' title='bbox 741 1597 778 1628; x_wconf 90' lang='lat' dir='ltr'>et</span> <span class='ocrx_word' id='word_1_238' title='bbox 795 1590 1002 1639; x_wconf 89' lang='lat' dir='ltr'>preschoyt</span> <span class='ocrx_word' id='word_1_239' title='bbox 1019 1589 1144 1627; x_wconf 82' lang='lat' dir='ltr'>saulce</span> <span class='ocrx_word' id='word_1_240' title='bbox 1161 1587 1338 1626; x_wconf 88' lang='lat' dir='ltr'>doctrine</span> <span class='ocrx_word' id='word_1_241' title='bbox 1355 1593 1393 1624; x_wconf 89' lang='lat' dir='ltr'>et</span> <span class='ocrx_word' id='word_1_242' title='bbox 1413 1597 1490 1635; x_wconf 88' lang='lat' dir='ltr'>que</span> <span class='ocrx_word' id='word_1_243' title='bbox 1510 1583 1638 1622; x_wconf 85' lang='lat' dir='ltr'>ainsin</span> 
     </span>
     <span class='ocr_line' id='line_1_28' title="bbox 244 1643 1636 1694; baseline -0.005 -11"><span class='ocrx_word' id='word_1_244' title='bbox 244 1646 279 1683; x_wconf 91' lang='lat' dir='ltr'>le</span> <span class='ocrx_word' id='word_1_245' title='bbox 300 1646 446 1694; x_wconf 90' lang='lat' dir='ltr'>volloyt</span> <span class='ocrx_word' id='word_1_246' title='bbox 468 1652 673 1694; x_wconf 86' lang='lat' dir='ltr'>mentenyr</span> <span class='ocrx_word' id='word_1_247' title='bbox 694 1651 895 1682; x_wconf 85' lang='lat' dir='ltr'>comment</span> <span class='ocrx_word' id='word_1_248' title='bbox 925 1644 1012 1693; x_wconf 88' lang='lat' dir='ltr'>plus</span> <span class='ocrx_word' id='word_1_249' title='bbox 1032 1643 1275 1692; x_wconf 86' lang='lat' dir='ltr'>amplement</span> <span class='ocrx_word' id='word_1_250' title='bbox 1296 1648 1354 1679; x_wconf 88' lang='lat' dir='ltr'>est</span> <span class='ocrx_word' id='word_1_251' title='bbox 1374 1646 1568 1678; x_wconf 83' lang='lat' dir='ltr'>contenuz</span> <span class='ocrx_word' id='word_1_252' title='bbox 1588 1650 1636 1676; x_wconf 88' lang='lat' dir='ltr'>en</span> 
     </span>
     <span class='ocr_line' id='line_1_29' title="bbox 243 1690 1636 1747; baseline -0.004 -11"><span class='ocrx_word' id='word_1_253' title='bbox 243 1700 298 1738; x_wconf 91' lang='lat' dir='ltr'>les</span> <span class='ocrx_word' id='word_1_254' title='bbox 326 1698 605 1737; x_wconf 84' lang='lat' dir='ltr'>informacions</span> <span class='ocrx_word' id='word_1_255' title='bbox 633 1712 696 1737; x_wconf 92' lang='lat' dir='ltr'>sur</span> <span class='ocrx_word' id='word_1_256' title='bbox 716 1711 761 1736; x_wconf 95' lang='lat' dir='ltr'>ce</span> <span class='ocrx_word' id='word_1_257' title='bbox 782 1699 943 1747; x_wconf 81' lang='lat' dir='ltr'>prinses.</span> <span class='ocrx_word' id='word_1_258' title='bbox 1003 1697 1194 1736; x_wconf 72' lang='lat' dir='ltr'>Ordonne</span> <span class='ocrx_word' id='word_1_259' title='bbox 1216 1694 1308 1745; x_wconf 74' lang='lat' dir='ltr'>qu&#39;il</span> <span class='ocrx_word' id='word_1_260' title='bbox 1333 1703 1418 1744; x_wconf 90' lang='lat' dir='ltr'>soyt</span> <span class='ocrx_word' id='word_1_261' title='bbox 1441 1690 1636 1732; x_wconf 78' lang='lat' dir='ltr'>constitue</span> 
     </span>
     <span class='ocr_line' id='line_1_30' title="bbox 243 1748 1401 1803; baseline -0.003 -12"><span class='ocrx_word' id='word_1_262' title='bbox 243 1752 463 1802; x_wconf 88' lang='lat' dir='ltr'>prisonnier</span> <span class='ocrx_word' id='word_1_263' title='bbox 483 1760 522 1792; x_wconf 92' lang='lat' dir='ltr'>et</span> <span class='ocrx_word' id='word_1_264' title='bbox 543 1765 620 1803; x_wconf 84' lang='lat' dir='ltr'>que</span> <span class='ocrx_word' id='word_1_265' title='bbox 641 1766 689 1791; x_wconf 89' lang='lat' dir='ltr'>en</span> <span class='ocrx_word' id='word_1_266' title='bbox 711 1752 822 1802; x_wconf 75' lang='lat' dir='ltr'>apres</span> <span class='ocrx_word' id='word_1_267' title='bbox 843 1753 921 1789; x_wconf 86' lang='lat' dir='ltr'>l&#39;on</span> <span class='ocrx_word' id='word_1_268' title='bbox 942 1752 977 1790; x_wconf 94' lang='lat' dir='ltr'>le</span> <span class='ocrx_word' id='word_1_269' title='bbox 997 1751 1121 1789; x_wconf 89' lang='lat' dir='ltr'>forme</span> <span class='ocrx_word' id='word_1_270' title='bbox 1142 1763 1214 1788; x_wconf 89' lang='lat' dir='ltr'>son</span> <span class='ocrx_word' id='word_1_271' title='bbox 1236 1748 1401 1800; x_wconf 76' lang='lat' dir='ltr'>prosseS.</span> 
     </span>
    </p>

    <p class='ocr_par' dir='ltr' id='par_1_12' title="bbox 242 1801 1637 2285">
     <span class='ocr_line' id='line_1_31' title="bbox 297 1801 1634 1857; baseline -0.005 -13"><span class='ocrx_word' id='word_1_272' title='bbox 297 1806 352 1857; x_wconf 76' lang='lat' dir='ltr'>(b)</span> <span class='ocrx_word' id='word_1_273' title='bbox 382 1809 498 1845; x_wconf 73' lang='lat' dir='ltr'>From</span> <span class='ocrx_word' id='word_1_274' title='bbox 528 1821 552 1844; x_wconf 81' lang='grc' dir='ltr'><em>α</em></span> <span class='ocrx_word' id='word_1_275' title='bbox 583 1809 693 1844; x_wconf 77' lang='lat' dir='ltr'>letter</span> <span class='ocrx_word' id='word_1_276' title='bbox 717 1806 764 1854; x_wconf 82' lang='lat' dir='ltr'>of</span> <span class='ocrx_word' id='word_1_277' title='bbox 788 1806 929 1845; x_wconf 66' lang='lat' dir='ltr'>Calvia</span> <span class='ocrx_word' id='word_1_278' title='bbox 964 1811 1000 1843; x_wconf 83' lang='lat' dir='ltr'>lo</span> <span class='ocrx_word' id='word_1_279' title='bbox 1029 1805 1157 1851; x_wconf 75' lang='lat' dir='ltr'>Farel,</span> <span class='ocrx_word' id='word_1_280' title='bbox 1192 1816 1233 1856; x_wconf 73' lang='grc'>13</span> <span class='ocrx_word' id='word_1_281' title='bbox 1263 1804 1347 1842; x_wconf 65' lang='lat' dir='ltr'>Eeb.</span> <span class='ocrx_word' id='word_1_282' title='bbox 1380 1801 1634 1853; x_wconf 74' lang='lat' dir='ltr'>1546.—Iam</span> 
     </span>
     <span class='ocr_line' id='line_1_32' title="bbox 244 1855 1636 1911; baseline -0.004 -12"><span class='ocrx_word' id='word_1_283' title='bbox 244 1862 364 1911; x_wconf 83' lang='lat' dir='ltr'>elapsi</span> <span class='ocrx_word' id='word_1_284' title='bbox 392 1868 483 1899; x_wconf 90' lang='lat' dir='ltr'>sunt</span> <span class='ocrx_word' id='word_1_285' title='bbox 504 1862 603 1899; x_wconf 87' lang='lat' dir='ltr'>ultra</span> <span class='ocrx_word' id='word_1_286' title='bbox 624 1860 852 1910; x_wconf 88' lang='lat' dir='ltr'>quindecim</span> <span class='ocrx_word' id='word_1_287' title='bbox 874 1859 957 1898; x_wconf 86' lang='lat' dir='ltr'>dies</span> <span class='ocrx_word' id='word_1_288' title='bbox 983 1872 1029 1897; x_wconf 76' lang='lat' dir='ltr'>ex</span> <span class='ocrx_word' id='word_1_289' title='bbox 1049 1872 1129 1908; x_wconf 87' lang='lat' dir='ltr'>quo</span> <span class='ocrx_word' id='word_1_290' title='bbox 1150 1858 1401 1896; x_wconf 79' lang='lat' dir='ltr'>cartularius3</span> <span class='ocrx_word' id='word_1_291' title='bbox 1422 1855 1462 1893; x_wconf 92' lang='lat' dir='ltr'>in</span> <span class='ocrx_word' id='word_1_292' title='bbox 1483 1867 1636 1894; x_wconf 88' lang='lat' dir='ltr'>carcere</span> 
     </span>
     <span class='ocr_line' id='line_1_33' title="bbox 243 1909 1637 1964; baseline -0.004 -12"><span class='ocrx_word' id='word_1_293' title='bbox 243 1923 409 1959; x_wconf 87' lang='lat' dir='ltr'>tenetur,</span> <span class='ocrx_word' id='word_1_294' title='bbox 436 1922 643 1964; x_wconf 85' lang='lat' dir='ltr'>propterea</span> <span class='ocrx_word' id='word_1_295' title='bbox 670 1915 779 1964; x_wconf 88' lang='lat' dir='ltr'>quod</span> <span class='ocrx_word' id='word_1_296' title='bbox 807 1921 915 1952; x_wconf 82' lang='lat' dir='ltr'>tanta</span> <span class='ocrx_word' id='word_1_297' title='bbox 945 1913 1137 1963; x_wconf 84' lang='lat' dir='ltr'>protervia</span> <span class='ocrx_word' id='word_1_298' title='bbox 1163 1912 1272 1951; x_wconf 89' lang='lat' dir='ltr'>domi</span> <span class='ocrx_word' id='word_1_299' title='bbox 1303 1923 1396 1949; x_wconf 85' lang='lat' dir='ltr'>suae</span> <span class='ocrx_word' id='word_1_300' title='bbox 1426 1909 1525 1948; x_wconf 91' lang='lat' dir='ltr'>inter</span> <span class='ocrx_word' id='word_1_301' title='bbox 1552 1921 1637 1947; x_wconf 89' lang='lat' dir='ltr'>coe-</span> 
     </span>
     <span class='ocr_line' id='line_1_34' title="bbox 244 1962 1636 2014; baseline -0.004 -9"><span class='ocrx_word' id='word_1_302' title='bbox 244 1969 421 2006; x_wconf 89' lang='lat' dir='ltr'>nandum</span> <span class='ocrx_word' id='word_1_303' title='bbox 448 1969 656 2007; x_wconf 79' lang='lat' dir='ltr'>adversum</span> <span class='ocrx_word' id='word_1_304' title='bbox 685 1981 747 2006; x_wconf 90' lang='lat' dir='ltr'>me</span> <span class='ocrx_word' id='word_1_305' title='bbox 774 1967 1043 2006; x_wconf 83' lang='lat' dir='ltr'>debacchatus</span> <span class='ocrx_word' id='word_1_306' title='bbox 1073 1974 1141 2014; x_wconf 87' lang='lat' dir='ltr'>est,</span> <span class='ocrx_word' id='word_1_307' title='bbox 1164 1973 1206 2004; x_wconf 91' lang='lat' dir='ltr'>ut</span> <span class='ocrx_word' id='word_1_308' title='bbox 1233 1972 1386 2004; x_wconf 87' lang='lat' dir='ltr'>constet</span> <span class='ocrx_word' id='word_1_309' title='bbox 1412 1977 1493 2002; x_wconf 86' lang='lat' dir='ltr'>non</span> <span class='ocrx_word' id='word_1_310' title='bbox 1518 1962 1636 2001; x_wconf 85' lang='lat' dir='ltr'>fuisse</span> 
     </span>
     <span class='ocr_line' id='line_1_35' title="bbox 243 2016 1636 2071; baseline -0.004 -11"><span class='ocrx_word' id='word_1_311' title='bbox 243 2030 338 2060; x_wconf 87' lang='lat' dir='ltr'>tunc</span> <span class='ocrx_word' id='word_1_312' title='bbox 375 2024 517 2061; x_wconf 83' lang='lat' dir='ltr'>mentis</span> <span class='ocrx_word' id='word_1_313' title='bbox 551 2029 791 2071; x_wconf 84' lang='lat' dir='ltr'>compotem.</span> <span class='ocrx_word' id='word_1_314' title='bbox 861 2023 945 2071; x_wconf 78' lang='lat' dir='ltr'>Ego</span> <span class='ocrx_word' id='word_1_315' title='bbox 981 2021 1272 2059; x_wconf 83' lang='lat' dir='ltr'>dissimulanter</span> <span class='ocrx_word' id='word_1_316' title='bbox 1305 2018 1386 2065; x_wconf 90' lang='lat' dir='ltr'>tuli,</span> <span class='ocrx_word' id='word_1_317' title='bbox 1419 2018 1493 2056; x_wconf 87' lang='lat' dir='ltr'>nisi</span> <span class='ocrx_word' id='word_1_318' title='bbox 1527 2016 1636 2066; x_wconf 88' lang='lat' dir='ltr'>quod</span> 
     </span>
     <span class='ocr_line' id='line_1_36' title="bbox 243 2073 1634 2124; baseline -0.005 -10"><span class='ocrx_word' id='word_1_319' title='bbox 243 2083 406 2115; x_wconf 87' lang='lat' dir='ltr'>testatus</span> <span class='ocrx_word' id='word_1_320' title='bbox 428 2090 513 2114; x_wconf 79' lang='lat' dir='ltr'>sum</span> <span class='ocrx_word' id='word_1_321' title='bbox 537 2075 733 2114; x_wconf 78' lang='lat' dir='ltr'>iudicibus</span> <span class='ocrx_word' id='word_1_322' title='bbox 755 2075 850 2112; x_wconf 83' lang='lat' dir='ltr'>inihi</span> <span class='ocrx_word' id='word_1_323' title='bbox 871 2088 1121 2124; x_wconf 81' lang='lat' dir='ltr'>nequaquam</span> <span class='ocrx_word' id='word_1_324' title='bbox 1143 2082 1293 2124; x_wconf 84' lang='lat' dir='ltr'>gratum</span> <span class='ocrx_word' id='word_1_325' title='bbox 1316 2074 1408 2119; x_wconf 86' lang='lat' dir='ltr'>fore,</span> <span class='ocrx_word' id='word_1_326' title='bbox 1427 2073 1458 2110; x_wconf 92' lang='lat' dir='ltr'>si</span> <span class='ocrx_word' id='word_1_327' title='bbox 1479 2084 1569 2109; x_wconf 91' lang='lat' dir='ltr'>cum</span> <span class='ocrx_word' id='word_1_328' title='bbox 1587 2083 1634 2108; x_wconf 93' lang='lat' dir='ltr'>eo</span> 
     </span>
     <span class='ocr_line' id='line_1_37' title="bbox 244 2126 1635 2179; baseline -0.004 -11"><span class='ocrx_word' id='word_1_329' title='bbox 244 2143 400 2169; x_wconf 87' lang='lat' dir='ltr'>summo</span> <span class='ocrx_word' id='word_1_330' title='bbox 430 2130 512 2168; x_wconf 90' lang='lat' dir='ltr'>iure</span> <span class='ocrx_word' id='word_1_331' title='bbox 542 2137 712 2179; x_wconf 83' lang='lat' dir='ltr'>agerent.</span> <span class='ocrx_word' id='word_1_332' title='bbox 772 2129 890 2167; x_wconf 72' lang='lat' dir='ltr'>Volui</span> <span class='ocrx_word' id='word_1_333' title='bbox 922 2142 1012 2166; x_wconf 89' lang='lat' dir='ltr'>eum</span> <span class='ocrx_word' id='word_1_334' title='bbox 1043 2128 1219 2167; x_wconf 81' lang='lat' dir='ltr'>invisere,</span> <span class='ocrx_word' id='word_1_335' title='bbox 1279 2129 1446 2166; x_wconf 85' lang='lat' dir='ltr'>Senatus</span> <span class='ocrx_word' id='word_1_336' title='bbox 1477 2126 1635 2163; x_wconf 85' lang='lat' dir='ltr'>decreto</span> 
     </span>
     <span class='ocr_line' id='line_1_38' title="bbox 242 2180 1634 2234; baseline -0.004 -12"><span class='ocrx_word' id='word_1_337' title='bbox 242 2184 462 2234; x_wconf 89' lang='lat' dir='ltr'>prohibitus</span> <span class='ocrx_word' id='word_1_338' title='bbox 487 2185 557 2221; x_wconf 90' lang='lat' dir='ltr'>fuit</span> <span class='ocrx_word' id='word_1_339' title='bbox 584 2183 725 2221; x_wconf 86' lang='lat' dir='ltr'>aditus.</span> <span class='ocrx_word' id='word_1_340' title='bbox 785 2183 836 2220; x_wconf 86' lang='lat' dir='ltr'>Et</span> <span class='ocrx_word' id='word_1_341' title='bbox 863 2191 995 2220; x_wconf 84' lang='lat' dir='ltr'>tamen</span> <span class='ocrx_word' id='word_1_342' title='bbox 1018 2183 1111 2220; x_wconf 88' lang='lat' dir='ltr'>boni</span> <span class='ocrx_word' id='word_1_343' title='bbox 1133 2181 1293 2231; x_wconf 82' lang='lat' dir='ltr'>quidam</span> <span class='ocrx_word' id='word_1_344' title='bbox 1314 2181 1383 2218; x_wconf 88' lang='lat' dir='ltr'>viri</span> <span class='ocrx_word' id='word_1_345' title='bbox 1405 2180 1551 2218; x_wconf 88' lang='lat' dir='ltr'>scilicet</span> <span class='ocrx_word' id='word_1_346' title='bbox 1571 2190 1634 2216; x_wconf 88' lang='lat' dir='ltr'>me</span> 
     </span>
     <span class='ocr_line' id='line_1_39' title="bbox 242 2231 1632 2285; baseline -0.004 -10"><span class='ocrx_word' id='word_1_347' title='bbox 242 2237 482 2276; x_wconf 76' lang='lat' dir='ltr'>crudelitatis</span> <span class='ocrx_word' id='word_1_348' title='bbox 519 2237 757 2284; x_wconf 80' lang='lat' dir='ltr'>insimulant,</span> <span class='ocrx_word' id='word_1_349' title='bbox 791 2237 898 2285; x_wconf 84' lang='lat' dir='ltr'>quod</span> <span class='ocrx_word' id='word_1_350' title='bbox 934 2244 1011 2273; x_wconf 70' lang='lat' dir='ltr'>tam</span> <span class='ocrx_word' id='word_1_351' title='bbox 1048 2236 1296 2285; x_wconf 85' lang='lat' dir='ltr'>pertinaciter</span> <span class='ocrx_word' id='word_1_352' title='bbox 1330 2247 1436 2272; x_wconf 82' lang='lat' dir='ltr'>meas</span> <span class='ocrx_word' id='word_1_353' title='bbox 1476 2231 1632 2271; x_wconf 84' lang='lat' dir='ltr'>iniurias</span> 
     </span>
    </p>
   </div>
   <div class='ocr_carea' id='block_1_10' title="bbox 242 2322 1634 2541">
    <p class='ocr_par' dir='ltr' id='par_1_13' title="bbox 242 2322 1634 2455">
     <span class='ocr_line' id='line_1_40' title="bbox 288 2322 1632 2366; baseline -0.005 -7"><span class='ocrx_word' id='word_1_354' title='bbox 288 2327 295 2344; x_wconf 90' lang='lat'>¹</span> <span class='ocrx_word' id='word_1_355' title='bbox 320 2329 370 2359; x_wconf 64' lang='lat' dir='ltr'>sc.</span> <span class='ocrx_word' id='word_1_356' title='bbox 391 2328 427 2359; x_wconf 87' lang='lat' dir='ltr'>of</span> <span class='ocrx_word' id='word_1_357' title='bbox 442 2328 592 2359; x_wconf 81' lang='lat' dir='ltr'>Geneva:</span> <span class='ocrx_word' id='word_1_358' title='bbox 619 2327 747 2364; x_wconf 77' lang='lat' dir='ltr'>Calvin,</span> <span class='ocrx_word' id='word_1_359' title='bbox 762 2325 859 2356; x_wconf 61' lang='lat' dir='ltr'>Aimc&#39;·</span> <span class='ocrx_word' id='word_1_360' title='bbox 876 2326 1133 2366; x_wconf 81' lang='lat' dir='ltr'>Cliampereaux.</span> <span class='ocrx_word' id='word_1_361' title='bbox 1146 2325 1177 2355; x_wconf 87' lang='lat' dir='ltr'>in</span> <span class='ocrx_word' id='word_1_362' title='bbox 1195 2324 1288 2356; x_wconf 79' lang='lat' dir='ltr'>office</span> <span class='ocrx_word' id='word_1_363' title='bbox 1304 2329 1337 2355; x_wconf 83' lang='lat' dir='ltr'>at</span> <span class='ocrx_word' id='word_1_364' title='bbox 1353 2322 1499 2356; x_wconf 76' lang='lat' dir='ltr'>Calvin‘s</span> <span class='ocrx_word' id='word_1_365' title='bbox 1515 2328 1632 2358; x_wconf 86' lang='lat' dir='ltr'>return,</span> 
     </span>
     <span class='ocr_line' id='line_1_41' title="bbox 242 2364 1634 2409; baseline -0.005 -7"><span class='ocrx_word' id='word_1_366' title='bbox 242 2371 305 2402; x_wconf 79' lang='lat' dir='ltr'>and</span> <span class='ocrx_word' id='word_1_367' title='bbox 332 2372 403 2402; x_wconf 79' lang='lat' dir='ltr'>four</span> <span class='ocrx_word' id='word_1_368' title='bbox 430 2371 642 2409; x_wconf 70' lang='lat' dir='ltr'>Frenehmcn,</span> <span class='ocrx_word' id='word_1_369' title='bbox 671 2370 834 2401; x_wconf 79' lang='lat' dir='ltr'>Matthieu</span> <span class='ocrx_word' id='word_1_370' title='bbox 864 2369 904 2400; x_wconf 87' lang='lat' dir='ltr'>de</span> <span class='ocrx_word' id='word_1_371' title='bbox 926 2369 1104 2406; x_wconf 76' lang='lat' dir='ltr'>Genestmi,</span> <span class='ocrx_word' id='word_1_372' title='bbox 1134 2368 1285 2409; x_wconf 81' lang='lat' dir='ltr'>Philippe</span> <span class='ocrx_word' id='word_1_373' title='bbox 1309 2368 1348 2399; x_wconf 84' lang='lat' dir='ltr'>de</span> <span class='ocrx_word' id='word_1_374' title='bbox 1374 2367 1521 2408; x_wconf 79' lang='lat' dir='ltr'>l&#39;Eglise,</span> <span class='ocrx_word' id='word_1_375' title='bbox 1550 2364 1634 2396; x_wconf 85' lang='lat' dir='ltr'>Abel</span> 
     </span>
     <span class='ocr_line' id='line_1_42' title="bbox 245 2413 1102 2455; baseline -0.004 -10"><span class='ocrx_word' id='word_1_376' title='bbox 245 2415 384 2455; x_wconf 86' lang='lat' dir='ltr'>l&#39;oupin,</span> <span class='ocrx_word' id='word_1_377' title='bbox 402 2415 465 2446; x_wconf 86' lang='lat' dir='ltr'>and</span> <span class='ocrx_word' id='word_1_378' title='bbox 482 2416 563 2454; x_wconf 88' lang='lat' dir='ltr'>Jean</span> <span class='ocrx_word' id='word_1_379' title='bbox 581 2415 712 2451; x_wconf 79' lang='lat' dir='ltr'>Ferron,</span> <span class='ocrx_word' id='word_1_380' title='bbox 730 2414 804 2444; x_wconf 87' lang='lat' dir='ltr'>who</span> <span class='ocrx_word' id='word_1_381' title='bbox 821 2413 946 2444; x_wconf 81' lang='lat' dir='ltr'>arrived</span> <span class='ocrx_word' id='word_1_382' title='bbox 969 2421 1102 2453; x_wconf 74' lang='lat'>1542-3.</span> 
     </span>
    </p>

    <p class='ocr_par' dir='ltr' id='par_1_14' title="bbox 286 2458 832 2499">
     <span class='ocr_line' id='line_1_43' title="bbox 286 2458 832 2499; baseline -0.002 -11"><span class='ocrx_word' id='word_1_383' title='bbox 286 2458 299 2475; x_wconf 84' lang='grc'>“-“</span> <span class='ocrx_word' id='word_1_384' title='bbox 322 2458 394 2488; x_wconf 87' lang='lat' dir='ltr'>The</span> <span class='ocrx_word' id='word_1_385' title='bbox 411 2459 501 2499; x_wconf 81' lang='lat' dir='ltr'>night</span> <span class='ocrx_word' id='word_1_386' title='bbox 519 2458 639 2495; x_wconf 80' lang='lat' dir='ltr'>before,</span> <span class='ocrx_word' id='word_1_387' title='bbox 656 2465 688 2488; x_wconf 80' lang='lat' dir='ltr'>at</span> <span class='ocrx_word' id='word_1_388' title='bbox 706 2467 832 2498; x_wconf 84' lang='lat' dir='ltr'>supper.</span> 
     </span>
    </p>

    <p class='ocr_par' dir='ltr' id='par_1_15' title="bbox 287 2499 1162 2541">
     <span class='ocr_line' id='line_1_44' title="bbox 287 2499 1162 2541; baseline -0.005 -8"><span class='ocrx_word' id='word_1_389' title='bbox 287 2501 298 2520; x_wconf 72' lang='lat'>3</span> <span class='ocrx_word' id='word_1_390' title='bbox 323 2503 471 2533; x_wconf 74' lang='lat' dir='ltr'>Ameaux</span> <span class='ocrx_word' id='word_1_391' title='bbox 489 2512 554 2533; x_wconf 81' lang='lat' dir='ltr'>was</span> <span class='ocrx_word' id='word_1_392' title='bbox 571 2513 587 2532; x_wconf 79' lang='lat' dir='ltr'>a</span> <span class='ocrx_word' id='word_1_393' title='bbox 605 2501 844 2532; x_wconf 81' lang='lat' dir='ltr'>manufacturer</span> <span class='ocrx_word' id='word_1_394' title='bbox 861 2500 897 2531; x_wconf 86' lang='lat' dir='ltr'>os</span> <span class='ocrx_word' id='word_1_395' title='bbox 911 2500 1044 2541; x_wconf 71' lang='lat' dir='ltr'>playing</span> <span class='ocrx_word' id='word_1_396' title='bbox 1061 2499 1162 2531; x_wconf 58' lang='lat' dir='ltr'>carris.</span> 
     </span>
    </p>
   </div>
  </div>
 </body>
</html>
