1715 2780
109 95 161 135 75
542 87 602 124 IN
638 86 885 133 SWEDEN,
924 96 1077 135 1523-4
1438 89 1508 135 103

111 188 305 228 ordinavit
328 189 460 227 Deus.'
519 189 640 238 Quod
669 187 910 238 conspicitur
939 188 978 226 in
1000 187 1082 227 eius
1104 187 1302 238 regimine,
1326 189 1421 226 dum
1444 201 1511 238 per

112 243 331 294 superiores
360 250 399 282 et
428 243 646 293 spirituales
676 250 870 281 creaturas
901 242 981 282 sive
1009 243 1170 293 angelos
1192 241 1288 292 regit
1309 242 1510 281 inferiores

113 298 301 346 carnales,
316 311 397 336 non
418 305 576 348 propter
596 297 871 348 impotentiam
892 310 961 347 per
981 310 1066 336 sese
1062 274 1248 347 ”regendi
1269 297 1338 335 sed
1354 304 1513 357 propter

111 353 349 392 servandum
370 351 562 391 ordinem.
599 351 663 391 Sic
679 351 775 402 regit
789 352 991 391 inferiores
1011 351 1194 390 homines
1210 364 1278 402 per
1292 350 1511 401 superiores

113 406 153 445 in
183 414 293 453 terra,
325 407 435 457 quod
464 407 652 457 probatur
681 405 813 444 multis
843 405 1032 456 exemplis
1062 413 1142 444 tam
1172 405 1212 444 in
1242 407 1290 443 V.
1321 419 1440 456 quam
1471 407 1510 443 in

113 462 164 500 N.
180 462 226 499 T.
283 460 468 499 Promisit
507 462 616 500 Deus
651 474 692 499 se
730 461 1024 499 moderaturum
1060 473 1231 511 poenam
1271 461 1511 499 Iudaeorum

114 528 182 566 per
210 514 517 565 patriarcharum
547 514 775 562 Abrahami,
808 514 935 553 Isaaci
965 522 1003 554 et
1034 514 1183 562 Iacchi,
1205 521 1301 553 tunc
1321 513 1360 552 in
1388 514 1512 552 limbo

114 568 376 616 existentium,
409 569 741 620 deprecationem,
774 577 959 619 certeque
988 577 1147 619 propter
1176 568 1313 607 merita
1343 568 1512 608 illorum.

116 624 237 673 Quod
266 624 413 662 factum
443 636 529 663 esse
549 637 630 662 non
651 623 865 662 dubitatur.
921 623 1025 662 Cum
1049 623 1179 673 itaque
1200 624 1382 673 respiciat
1404 625 1513 661 Deus

115 677 312 717 orationes
341 685 568 716 sanctorum
598 691 668 728 pro
699 677 784 716 aliis
819 677 1028 725 institutas,
1061 677 1198 716 deberi
1232 676 1325 728 ipsis
1360 678 1514 716 invoca-

114 733 263 772 tionem
284 731 469 783 sequitur.

168 788 353 838 Exceptio
381 787 442 825 M.
479 787 581 826 olai.
641 785 840 837 Scriptura
869 798 1000 836 neque
1034 786 1201 824 affirmat
1235 798 1365 836 neque
1401 794 1515 836 negat

116 848 272 880 sanctos
296 842 525 880 demortuos
555 853 640 880 esse
670 841 936 879 honorandos.
997 839 1161 880 Cultum
1182 848 1315 878 autem
1337 839 1409 880 soli
1428 841 1516 879 Deo

116 894 308 942 debiturn,
331 908 543 945 veramque
564 894 857 933 invocationem
878 894 975 933 nulli
996 902 1196 933 creaturae
1217 907 1332 944 posse
1349 894 1517 933 concedi

116 957 266 989 certum
287 956 356 988 est.
408 949 524 988 Iubet
546 948 744 999 Scriptura
759 949 1004 988 laudandum
1022 962 1107 987 esse
1126 950 1256 987 Deum
1275 948 1314 986 in
1332 948 1518 987 omnibus

117 1004 301 1043 creaturis
322 1011 360 1042 et
381 1003 565 1054 operibus
587 1003 666 1041 suis
681 1018 690 1051 3
715 1004 785 1042 sed
805 1004 987 1041 laudatur
1008 1004 1046 1041 in
1064 1002 1208 1041 sanctis
1226 1016 1316 1041 curn
1339 1004 1518 1041 sanctita-

117 1066 196 1096 tem
218 1057 372 1096 illorum
394 1071 416 1095 a
434 1059 522 1096 Deo
536 1059 743 1096 formatam
765 1057 1049 1108 praedicamus,
1067 1057 1256 1107 illamque
1277 1058 1518 1096 aemulando

116 1113 236 1151 talem
257 1111 373 1150 nobis
393 1125 416 1150 a
437 1113 526 1150 Deo
547 1111 630 1150 dari
652 1125 845 1161 rogamus,
906 1113 1046 1161 Itaque
1074 1111 1199 1149 sancti
1223 1124 1304 1150 non
1327 1111 1365 1149 in
1387 1125 1428 1150 se
1449 1113 1519 1151 sed

117 1166 156 1204 in
180 1168 269 1205 Deo
289 1167 543 1213 honorantur,
566 1173 604 1204 et
631 1167 727 1204 dum
759 1166 913 1203 illorum
944 1166 1192 1204 sanctitatem
1224 1165 1263 1203 in
1294 1167 1518 1216 exemplum

117 1220 318 1268 trahimus,
351 1227 507 1258 sanctos
542 1228 645 1258 recte
680 1219 863 1258 honorari
893 1219 1084 1258 videmus.
1145 1219 1368 1258 Adversarii
1399 1220 1520 1258 nostri

119 1274 317 1324 colligunt,
359 1288 406 1313 ex
444 1275 650 1313 sanctitate
689 1274 844 1324 piorum
884 1275 1195 1321 demortuorum,
1233 1275 1395 1313 eosdem
1436 1288 1521 1313 esse

120 1335 273 1367 nostros
294 1335 481 1379 patronos
501 1341 547 1366 ac
568 1328 844 1367 intercessores
865 1329 972 1378 apud
991 1330 1134 1366 Deum.
1185 1329 1263 1367 Sed
1281 1328 1519 1366 contrarium

119 1383 236 1422 docet
257 1382 465 1433 Scriptura,
488 1396 589 1432 quae
615 1383 743 1422 solum
765 1383 967 1422 Christum
998 1382 1202 1421 constituit
1231 1382 1346 1421 nobis
1376 1384 1522 1421 media-

120 1445 244 1476 torem
277 1451 291 1475 1
316 1436 421 1475 Tim.
443 1436 469 1475 ii
491 1434 565 1489 [5].
590 1468 596 1475 .
622 1467 629 1475 .
652 1467 659 1475 .
684 1438 792 1475 Dum
820 1436 1048 1475 mediatoris
1076 1436 1249 1475 officium
1278 1438 1521 1475 detrahimus

120 1504 211 1530 cum
232 1492 268 1530 S.
293 1490 489 1541 Scriptura
511 1490 604 1541 ipsis
630 1492 785 1537 sanctis,
809 1504 889 1529 non
919 1498 1125 1541 propterea
1152 1504 1341 1541 negamus
1363 1500 1520 1530 sanctos

121 1545 159 1583 in
197 1546 310 1584 coelo
345 1545 633 1596 triumphantes
668 1558 802 1595 rogare
837 1558 908 1596 pro
943 1553 1045 1583 statu
1081 1545 1271 1584 ecclesiae
1306 1545 1519 1583 militantis.

121 1598 240 1639 Aliud
257 1607 314 1638 est
334 1598 591 1638 mediatorem
608 1612 721 1649 agere
742 1599 843 1638 inter
865 1601 997 1638 Deum
1014 1607 1051 1638 et
1075 1601 1256 1638 homines
1274 1615 1282 1647 3
1305 1599 1413 1638 aliud
1430 1613 1522 1639 vero

121 1666 190 1705 pro
206 1653 439 1693 necessitate
459 1654 625 1704 proximi
640 1655 730 1692 Deo
751 1653 983 1704 supplicare.
1004 1684 1010 1692 .
1030 1685 1036 1692 .
1054 1684 1062 1692 .
1087 1655 1225 1692 Adfert
1245 1655 1293 1691 D.
1310 1654 1424 1692 Galle
1440 1667 1518 1692 non

121 1720 206 1747 esse
225 1707 491 1747 dubitandum
512 1710 562 1746 de
583 1707 834 1747 invocatione
855 1716 1091 1754 sanctorum,
1109 1708 1201 1757 quia
1217 1721 1303 1746 eam
1322 1707 1389 1746 diu
1411 1721 1520 1746 usur-

121 1761 226 1812 pavit
246 1761 421 1801 ecclesia.
463 1763 541 1801 Sed
562 1775 643 1801 non
664 1761 831 1801 dubium
849 1770 907 1801 est
927 1775 999 1800 nos
1021 1761 1089 1801 diu
1111 1761 1203 1800 satis
1225 1763 1414 1812 deceptos
1436 1775 1522 1802 esse

120 1822 206 1855 astu
226 1817 488 1867 praelatorum
510 1817 698 1854 ecclesiae
726 1824 763 1854 et
792 1817 1090 1864 monachorum,
1118 1817 1225 1854 unde
1250 1816 1401 1854 seducti
1431 1825 1521 1855 sunt

121 1868 333 1909 Christiani
346 1884 369 1908 a
385 1871 464 1910 fide
477 1869 516 1908 in
531 1870 692 1908 unicum
707 1869 978 1909 mediatorem.
1025 1870 1181 1920 Peperit
1195 1869 1300 1908 enim
1316 1870 1521 1909 monachis

121 1930 159 1962 et
171 1924 357 1963 sanctulis
374 1924 448 1963 illis
464 1937 624 1974 magnas
639 1937 733 1974 opes
751 1925 847 1962 haec
864 1933 1115 1974 praesumpta
1129 1925 1226 1963 fides
1240 1923 1280 1962 in
1295 1933 1519 1963 sanctorum

122 1976 400 2017 intercessione
422 1979 598 2026 fundata,
614 1991 733 2028 quam
750 1979 971 2017 docuerunt
988 1978 1041 2016 illi
1059 1978 1305 2018 Christianos
1322 1978 1521 2029 simplices

122 2039 253 2071 tenere
291 2031 476 2082 iuxtaque
511 2033 616 2070 illam
647 2045 874 2082 comparare
905 2032 977 2070 sibi
1009 2046 1153 2082 magno
1183 2032 1308 2082 pretio
1339 2033 1520 2082 reliquias

123 2093 357 2125 sanctorum.
417 2086 654 2135 Quaerimus
683 2095 815 2125 autem
848 2086 940 2134 iure,
974 2088 1037 2125 An
1068 2087 1247 2125 doctrina
1268 2088 1318 2125 de
1340 2086 1519 2125 interces-

123 2140 232 2178 sione
248 2148 473 2179 sanctorum
491 2140 538 2179 sit
554 2142 673 2179 vera?
712 2140 862 2179 Sat’diu
877 2140 1116 2179 credidimus
1134 2140 1314 2190 praelatis
1330 2141 1519 2179 ecclesiae

122 2193 204 2231 sine
225 2193 422 2244 Scriptura
441 2194 733 2233 definientibus.
785 2196 876 2233 Non
902 2208 1092 2244 negamus
1114 2202 1270 2233 sanctos
1292 2207 1377 2233 esse
1398 2195 1520 2233 hono-

124 2248 264 2287 randos
279 2249 399 2287 modo
413 2248 590 2296 definito,
607 2262 687 2287 non
702 2256 833 2287 tamen
851 2262 1059 2287 censemus
1076 2249 1162 2287 illos
1176 2262 1261 2287 esse
1275 2248 1519 2287 invocandos

124 2307 165 2338 ut
194 2301 440 2341 mediatores.
465 2332 472 2340 .
499 2333 505 2340 .
530 2332 536 2339 .
560 2304 609 2340 D.
634 2304 747 2341 Galle
773 2302 868 2341 dicit
895 2304 945 2341 ad
968 2302 1112 2340 Christi
1144 2302 1279 2341 mortis
1310 2304 1518 2341 salutarem

124 2353 291 2392 fructum
323 2356 516 2406 pertinere
551 2356 634 2394 eius
664 2370 832 2403 crucem,
859 2370 1062 2404 coronam,
1086 2358 1229 2403 clavos,
1256 2358 1355 2395 forte
1385 2355 1516 2394 restim

124 2420 200 2457 qua
242 2408 442 2459 ligabatur,
485 2411 635 2461 flagella
674 2419 711 2449 et
761 2410 904 2461 pelvim
952 2419 1066 2449 aceto
1104 2412 1273 2460 plenam.
1334 2409 1398 2447 Sic
1437 2410 1517 2447 vult

127 2462 260 2500 maiori
294 2464 444 2503 honore
483 2465 580 2503 haec
610 2466 813 2504 tractanda
843 2472 880 2504 et
912 2478 1022 2504 sacro
1053 2466 1173 2503 cultui
1202 2464 1370 2504 dicanda
1397 2476 1514 2512 quam

781 2531 809 2555 ,η
836 2533 853 2555 2
