1715 2780
13 2519 24 2780 §.⁴422-*Jss-*2s
11 2378 20 2510 4:³5¹

144 99 208 136 116
409 98 528 135 THE
560 98 697 135 DIET
729 97 800 135 OF
830 97 1149 145 AUGSBURG‚
1188 110 1287 147 1530
1470 102 1538 137 261

143 201 292 242 scilicet
320 214 412 241 cum
441 200 509 240 tali
539 209 675 240 mutua
704 200 1019 252 praesentatione
1057 201 1292 252 scriptorum
1321 216 1368 241 ac
1407 205 1543 243 sedata

141 255 352 296 collatione
381 257 481 295 inter
510 269 581 294 nos
611 269 691 295 non
720 255 962 306 processerit,
994 269 1068 294 nec
1106 257 1239 307 aliquo
1278 258 1405 296 fructu
1444 259 1544 297 facta

142 310 282 350 fuerit:
311 323 384 349 nos
413 309 575 360 quidem
603 317 789 349 testatum
819 311 920 349 clare
949 310 1217 361 relinquimus,
1249 310 1312 350 hic
1331 312 1429 350 nihil
1458 325 1541 360 nos,

144 365 253 415 quod
272 365 324 404 ad
345 364 610 404 Christianam
631 364 885 403 concordiam
907 363 1027 416 (quae
1045 377 1136 403 cum
1158 366 1248 404 Deo
1269 373 1306 404 et
1327 365 1434 404 bona
1454 379 1544 405 con-

143 418 306 458 scientia
335 418 417 457 fieri
437 418 578 470 possit)
608 418 896 457 conciliandam
918 420 1141 457 conducere
1168 427 1297 469 queat,
1320 421 1400 458 ullo
1421 422 1544 459 modo

143 474 383 520 detrectare;
411 474 751 523 quemadmodum
773 480 811 512 et
831 474 879 511 V.
903 474 947 513 C.
973 475 1042 520 Μ.,
1066 474 1212 512 deinde
1241 481 1280 512 et
1309 474 1428 512 ceteri
1459 476 1544 513 Ele-

142 535 269 566 ctores
290 534 329 566 et
350 528 480 565 Status
504 527 665 577 Imperii
686 534 724 566 et
744 540 893 575 omnes,
917 526 1146 577 quicunque
1166 527 1319 567 sincero
1346 528 1544 578 religionis

142 594 275 620 amore
290 594 335 620 ac
352 581 484 620 studio
501 588 695 628 tenentur,
719 581 947 632 quicunque
963 582 1065 620 hanc
1081 595 1240 620 causam
1262 595 1390 632 aequo
1409 582 1544 622 animo

141 635 311 675 audituri
340 643 442 683 sunt,
473 649 520 673 ex
558 637 632 674 hac
672 644 805 674 nostra
834 643 872 674 et
912 644 1135 674 nostrorum
1177 637 1427 676 confessione
1468 639 1543 676 1100

142 691 355 729 clementer
375 702 614 740 cognoscere
635 697 673 728 et
694 689 909 739 intelligere
929 690 1208 739 dignabuntur.

195 746 230 783 6.
263 745 399 793 Quum
429 743 546 782 etiam
576 745 624 782 V.
649 744 693 783 C.
726 745 784 782 M.
817 744 1077 792 Electoribus,
1111 744 1359 795 Principibus
1389 752 1428 784 et
1462 745 1545 785 reli-

142 799 229 847 quis
261 797 434 837 Statibus
466 797 627 847 Imperii
654 811 733 836 non
757 811 834 836 una
853 798 938 837 vice
959 800 1028 837 sed
1057 812 1175 849 saepe
1196 800 1410 838 clementer
1431 799 1545 850 signi-

144 851 327 899 ficaverit,
364 858 403 890 et
433 851 473 889 in
505 851 676 890 comitiis
705 851 968 902 Spirensibus,
1000 866 1102 903 quae
1131 866 1238 891 anno
1271 853 1446 900 Domini,
1471 856 1541 893 &c.

142 907 279 944 XXVI
310 906 446 945 habita
486 913 587 954 sunt,
628 919 675 945 ex
712 907 805 944 data
845 913 883 945 et
926 906 1164 957 praescripta
1212 909 1338 946 forma
1382 910 1544 947 Vestrae

143 959 360 999 Caesareae
400 959 667 999 instructionis
711 968 749 999 et
793 961 1084 999 commissionis
1119 961 1270 1000 recitari
1309 969 1348 1000 et
1386 962 1544 1012 publice

142 1013 310 1064 praelegi
342 1013 500 1053 fecerit:
550 1016 732 1052 Vestram
774 1016 829 1053 M.
867 1014 906 1052 in
946 1016 1022 1053 hoc
1063 1015 1222 1066 negotio
1260 1015 1458 1066 religionis
1498 1030 1545 1055 ex

142 1068 270 1106 causis
299 1067 423 1115 certis,
457 1080 559 1118 quae
588 1069 635 1106 V.
675 1070 732 1107 M.
769 1070 931 1107 nomine
970 1071 1159 1119 allegatae
1190 1078 1292 1117 sunt,
1324 1084 1405 1109 non
1445 1072 1545 1110 velle

141 1123 360 1172 quidquam
390 1122 662 1170 determinare,
684 1135 758 1161 nec
788 1124 1025 1162 concludere
1046 1137 1172 1173 posse,
1196 1125 1266 1163 sed
1286 1126 1393 1174 apud
1416 1126 1546 1163 Ponti-

142 1177 257 1215 ficem
302 1178 530 1214 Romanum
571 1190 642 1226 pro
683 1177 813 1215 officio
848 1179 895 1215 V.
932 1178 976 1217 C.
1020 1179 1077 1215 M.
1117 1177 1324 1228 diligenter
1363 1180 1543 1217 daturam

141 1243 301 1280 operam
342 1231 393 1268 de
433 1231 711 1280 congregando
751 1231 921 1269 concilio
959 1232 1158 1282 generali;
1202 1233 1543 1282 quemadmodum

141 1283 247 1322 idem
276 1283 390 1322 latius
411 1285 632 1334 expositum
653 1291 712 1323 est
732 1292 824 1324 ante
843 1299 993 1323 annum
1015 1285 1054 1324 in
1075 1286 1236 1336 publico
1255 1287 1434 1336 proximo
1455 1300 1546 1325 con-

141 1345 272 1385 ventu,
304 1337 371 1388 qui
401 1338 536 1388 Spirae
565 1346 824 1389 congregatus
863 1340 945 1387 fuit,
978 1339 1045 1378 ubi
1076 1342 1124 1378 V.
1146 1340 1191 1381 C.
1223 1342 1279 1379 M.
1311 1354 1380 1391 per
1410 1342 1545 1379 Domi—

143 1405 238 1430 num
269 1392 577 1440 Ferdinandum,
611 1393 829 1432 Bohemiae
868 1401 906 1432 et
946 1394 1145 1445 Ungariae
1176 1396 1340 1445 Regem,
1371 1396 1543 1434 amicum

142 1453 180 1484 et
199 1446 406 1485 dominum
423 1448 660 1486 clementem
681 1455 871 1495 nostrum,
891 1447 1036 1487 deinde
1057 1462 1125 1499 per
1145 1449 1352 1488 Oratorem
1369 1456 1407 1488 et
1429 1450 1546 1490 Com-

143 1499 339 1539 missarios
361 1502 588 1549 Caesareos,
613 1503 711 1540 haec
741 1501 840 1540 inter
869 1510 999 1541 cetera
1028 1502 1198 1553 proponi
1228 1502 1330 1551 fecit,
1355 1505 1464 1553 quod
1494 1506 1543 1542 V.

143 1554 188 1593 C.
212 1556 267 1592 M.
291 1556 544 1594 intellexisset
573 1563 611 1594 et
641 1556 891 1605 expendisset
914 1559 1064 1595 Locum
1092 1557 1262 1596 tenentis
1284 1559 1331 1596 V.
1355 1559 1399 1597 C.
1426 1559 1482 1596 M.
1505 1557 1544 1596 in

143 1608 306 1658 imperio
323 1616 361 1648 et
382 1609 646 1648 Praesidentis
664 1617 701 1648 et
715 1610 1041 1650 Consiliariorum
1056 1611 1095 1649 in
1113 1611 1301 1661 regimine
1322 1620 1360 1650 et
1383 1614 1545 1661 Legato-

142 1675 226 1700 rum
256 1662 307 1701 ab
336 1662 420 1701 aliis
450 1664 635 1711 Statibus,
667 1664 733 1713 qui
775 1665 1017 1703 Ratisbonae
1047 1674 1325 1712 convenerant,
1356 1665 1544 1704 delibera-

141 1717 289 1755 tionem
320 1718 370 1754 de
399 1717 569 1755 concilio
598 1720 902 1767 congregando3
931 1727 968 1757 et
997 1721 1106 1769 quod
1136 1719 1326 1758 iudicaret
1355 1719 1473 1758 etiam
1494 1722 1541 1758 V.

143 1769 187 1810 C.
212 1771 268 1807 M.
291 1770 385 1809 utile
415 1783 511 1818 esse,
544 1778 585 1809 ut
615 1780 915 1822 congregaretur
944 1772 1167 1820 concilium,
1200 1780 1238 1811 01
1268 1774 1359 1823 quia
1389 1787 1541 1821 ca‚usae

142 1836 243 1883 quae
264 1831 347 1862 tum
369 1825 635 1863 tractabantur
656 1825 755 1864 inter
775 1828 821 1865 V.
841 1826 887 1866 C
906 1828 962 1865 M.
986 1834 1024 1865 et
1047 1829 1274 1865 Romanum
1296 1827 1543 1876 Pontificem,

143 1877 293 1916 vicinae
323 1887 453 1917 essent
483 1879 720 1918 concordiae
750 1887 788 1918 et
823 1880 1069 1920 Christianae
1108 1881 1430 1930 reconciliationi,
1463 1895 1543 1920 non

143 1931 339 1971 dubitaret
359 1934 407 1970 V.
431 1934 476 1972 C.
501 1935 556 1971 11Ι.
563 1933 690 1983 ,quin
721 1935 928 1973 Romanus
960 1935 1139 1974 Pontifex
1168 1935 1313 1974 adduci
1335 1943 1467 1986 posset
1493 1938 1544 1975 ad

143 1985 371 2024 habendum
400 1989 581 2036 generale
611 1987 847 2027 concilium:
887 1988 978 2027 ideo
1007 1989 1253 2039 significabat
1282 2003 1324 2028 se
1344 1992 1392 2028 V.
1415 1991 1460 2029 C.
1487 1993 1541 2029 Μ.

143 2052 300 2089 operam
330 2041 522 2089 daturam,
545 2048 587 2080 ut
616 2043 811 2092 praefatus
843 2044 1024 2082 Pontifex
1055 2043 1253 2082 Maximus
1274 2057 1352 2082 una
1381 2058 1472 2083 01111
1494 2046 1541 2082 V.

145 2092 191 2132 C.
214 2095 269 2131 M.
291 2095 367 2132 tale
395 2097 576 2144 generale
604 2095 817 2134 concilium
847 2098 974 2147 primo
1004 2111 1163 2157 quoque
1192 2105 1370 2148 tempore
1391 2098 1543 2138 emissis

144 2147 261 2185 literis
282 2147 567 2198 publicandum
589 2163 825 2200 congregare
845 2151 1097 2190 consentiret.

201 2211 233 2249 7.
266 2202 314 2239 In
343 2210 527 2241 eventum
559 2216 651 2253 ergo
689 2206 819 2251 talem,
851 2206 960 2254 quod
1000 2205 1039 2243 in
1078 2218 1195 2244 causa
1233 2205 1430 2256 religionis
1469 2206 1541 2244 dis-

146 2254 345 2294 sensiones
375 2257 474 2295 inter
503 2270 575 2296 nos
605 2265 642 2296 et
672 2266 800 2307 partes
829 2260 955 2298 amice
984 2267 1022 2298 et
1053 2259 1093 2297 in
1118 2259 1278 2298 caritate
1300 2273 1378 2298 non
1401 2260 1542 2298 fuerint

145 2309 396 2358 compositae,
419 2318 514 2349 tunc
543 2324 675 2350 coram
697 2314 744 2351 V.
767 2313 813 2351 C.
839 2311 896 2351 M.
920 2312 983 2351 hic
1014 2313 1052 2351 in
1082 2313 1191 2352 omni
1221 2313 1448 2352 obedientia
1469 2327 1541 2351 nos

145 2362 352 2420 offerimus,
375 2377 422 2402 ex
450 2365 787 2415 superabundanti
817 2367 1101 2417 comparituros
1123 2375 1160 2406 et
1187 2381 1345 2406 causam
1368 2367 1541 2405 dicturos

146 2413 185 2452 in
214 2415 279 2453 tali
308 2418 488 2466 generali,
519 2418 643 2457 libero
673 2427 710 2458 et
741 2420 965 2459 Christiano
994 2422 1175 2469 concilio,
1196 2423 1247 2460 de
1275 2434 1355 2470 quo
1384 2434 1542 2481 congre-

145 2471 275 2518 gando
304 2470 343 2508 in
373 2472 557 2511 omnibus
588 2472 757 2512 0011111115
787 2474 1066 2525 imperialibus,
1099 2488 1200 2526 quae
1230 2475 1391 2525 quidem
1426 2475 1540 2514 annis
