1715 2780
161 123 234 160 150
323 110 442 147 THE
475 108 703 147 MISSION
737 107 806 144 OF
838 104 1186 151 CAMPEGGIO,
1223 113 1377 154 1523-4
1500 112 1551 151 73

158 227 244 252 mus
266 219 308 252 ut
329 211 569 262 quicumque
590 209 752 248 clericus
766 210 825 248 vel
848 208 1030 247 sacerdos
1052 209 1140 246 Deo
1160 207 1289 257 palam
1311 206 1552 245 maledixerit

159 266 339 307 convitiis
360 264 690 314 contumeliisque
711 271 829 314 atque
849 264 951 301 adeo
972 260 1179 301 obscaenis
1203 260 1331 300 verbis
1351 261 1553 300 incesserit

158 325 290 361 Deum
325 329 363 360 et
397 319 616 359 Dominum
655 325 832 357 nostrum
868 316 1081 364 Christum,
1112 322 1181 354 aut
1217 328 1422 366 nunquam
1461 316 1554 355 satis

158 377 357 416 laudatam
403 376 573 413 Matrem
613 372 696 412 eius
729 373 939 422 gloriosam
970 370 1172 421 Virginem
1207 369 1290 421 pari
1321 369 1553 420 blasphema

158 431 290 481 lingua
319 428 564 479 impetiverit,
596 426 774 476 aliosque
798 433 955 465 sanctos
983 423 1325 475 blasphemaverit,
1355 424 1552 463 fructuum

158 486 219 524 vel
251 485 447 524 bonorum
486 481 703 533 privatione
741 493 810 518 seu
848 479 933 518 aliis
966 478 1106 530 poenis
1138 482 1212 529 pro
1248 478 1438 528 qualitate
1475 476 1553 516 bla-

160 539 364 590 sphemiae
385 545 423 576 et
444 535 575 576 delicti
597 536 800 586 plectatur.

215 605 275 643 33.
306 593 455 632 Contra
494 589 694 629 Simoniae
732 589 864 627 labem
911 600 993 626 non
1040 586 1282 626 discedimus
1328 598 1351 625 a
1398 593 1553 638 patrum

159 646 428 686 sanctionibus
468 644 648 683 iubentes
688 656 752 682 eas
791 642 865 681 sub
896 641 1035 693 poenis
1074 641 1114 680 in
1148 639 1223 679 illis
1257 640 1452 680 contentis
1487 639 1553 679 ob-

159 701 310 741 servari.

214 768 276 805 34.
310 756 357 793 In
379 754 594 803 sortilegos,
618 752 863 790 divinaculos
885 752 1228 800 incantatoresque
1255 750 1429 797 clericos,
1452 762 1553 800 quos

159 819 238 849 tarn
269 822 401 848 sacrae
430 810 534 858 leges
565 819 683 857 quarn
714 814 867 856 patrum
898 806 1055 844 decreta
1085 811 1324 851 execrantur,
1346 802 1553 843 statuimus

159 872 197 903 et
226 863 454 903 ordinamus
484 869 526 900 ut
555 860 714 899 arbitrio
741 859 983 909 superiorum
1006 857 1167 897 infamia
1187 865 1396 905 notentur;
1434 859 1465 896 si
1486 857 1552 908 qui

162 917 299 957 moniti
320 931 400 955 non
429 915 659 962 destiterint,
683 915 820 953 ordine
841 920 1108 960 amoveantur,
1130 912 1250 962 inque
1271 911 1552 951 monasterium

149 974 208 1011 'ad
248 980 402 1022 tempus
442 970 547 1008 iuxta
585 968 787 1007 arbitrium
830 967 1040 1018 superioris
1082 968 1310 1016 relegentur,
1352 965 1554 1005 beneficiis

160 1026 377 1076 officiisque
407 1024 486 1063 suis
520 1022 793 1062 ecclesiasticis
826 1022 975 1073 privati.
1033 1020 1187 1061 Caeteri
1221 1028 1352 1059 autem
1387 1021 1555 1070 pseudo-

159 1079 371 1127 christiani,
395 1080 445 1118 de
475 1078 634 1128 fideque
663 1090 799 1127 parum
830 1076 953 1127 probe
984 1075 1208 1123 sentientes,
1230 1075 1326 1113 citra
1355 1075 1552 1113 delectum

159 1147 425 1185 personarum,
467 1130 651 1171 haeretici
690 1144 852 1182 quoque
890 1132 949 1168 vel
990 1128 1238 1168 Iudaismum
1275 1129 1497 1175 referentes,
1532 1142 1555 1166 a

159 1196 293 1227 sancta
310 1187 624 1229 Christianorum
645 1185 948 1235 congregatione
962 1185 1097 1234 procul
1110 1190 1324 1230 arceantur,
1340 1190 1554 1233 contraque

162 1256 229 1282 cos
259 1241 437 1292 diligenti
467 1239 722 1291 inquisitione
742 1240 978 1290 procedatur
997 1251 1066 1288 per
1087 1237 1317 1277 Ordinarios
1336 1237 1397 1275 vel
1417 1249 1554 1275 eorun-

160 1299 252 1336 dem
268 1296 432 1335 vicarios
459 1303 526 1333 aut
550 1293 767 1333 haereticae
792 1292 989 1344 pravitatis
1015 1291 1293 1342 Inquisitores,
1311 1304 1380 1342 per
1404 1290 1554 1329 iudices

160 1365 182 1389 a
203 1351 306 1390 Sede
327 1349 557 1400 Apostolica
573 1349 634 1386 vel
655 1361 723 1398 per
743 1360 815 1386 nos
832 1347 1083 1397 deputandos
1104 1354 1253 1394 ut‚n0n
1270 1344 1552 1396 resipiscentes,

160 1404 298 1455 poenis
320 1403 531 1454 puniantur
552 1402 706 1441 debitis.

217 1470 277 1510 35.
309 1457 570 1496 Prohibemus
606 1455 724 1495 etiam
760 1464 839 1494 tam
875 1455 1024 1494 clericis
1059 1467 1177 1505 quam
1213 1453 1320 1492 laicis
1351 1455 1401 1493 de
1431 1466 1554 1492 sacro-

162 1521 297 1552 sancta
336 1513 414 1551 fide
452 1520 609 1558 temere,
647 1509 856 1560 praecipue
890 1509 990 1548 inter
1027 1509 1169 1559 pocula
1206 1515 1325 1558 atque
1363 1507 1552 1554 convivia,

162 1569 401 1617 disceptare,
432 1565 679 1615 iniungentes
701 1564 970 1603 sacerdotibus
991 1571 1034 1602 ut
1054 1562 1162 1602 omni
1185 1561 1378 1601 modestia
1398 1569 1556 1600 utantur

163 1630 200 1660 et
247 1620 492 1672 peculiariter
539 1632 699 1669 operam
747 1618 979 1668 impendant
1018 1618 1134 1656 Novo
1172 1615 1386 1666 Veterique
1423 1617 1556 1654 Testa-

163 1684 298 1714 mento
327 1675 511 1724 legendo,
530 1681 573 1712 ut
602 1686 670 1724 par
700 1681 768 1719 est,
792 1686 842 1711 ne
872 1686 939 1723 per
969 1671 1048 1710 otia
1077 1671 1116 1709 in
1145 1670 1235 1710 vitia
1255 1671 1555 1721 voluptatesque

160 1730 350 1768 labantur.

217 1796 278 1833 35.
310 1783 524 1822 Statuimus
555 1789 593 1820 et
623 1781 851 1820 ordinamus
878 1789 920 1819 ut
939 1779 1103 1830 quilibet
1124 1778 1332 1830 episcopus
1353 1778 1558 1828 diligenter

163 1837 366 1888 provideat
395 1844 514 1886 atque
544 1835 720 1885 inprimis
751 1835 790 1874 id
820 1843 927 1874 curet
957 1842 999 1873 ut
1019 1833 1150 1872 vicarii
1179 1834 1249 1880 sui,
1272 1832 1451 1884 perpetui
1475 1832 1556 1871 sive

162 1904 233 1942 pro
254 1899 351 1929 nutu
373 1891 501 1941 positi,
531 1897 824 1939 competentem
854 1888 1012 1927 vivendi
1036 1887 1259 1938 portionem
1285 1894 1554 1936 assequantur,

164 1959 213 1984 ne
252 1946 365 1984 detur
403 1946 458 1983 eis
487 1956 582 1982 ansa
613 1956 704 1982 suos
738 1943 916 1982 subditos
950 1943 1003 1981 ob
1035 1941 1090 1981 rei
1123 1940 1320 1980 familiaris
1353 1939 1556 1990 penuriam

164 1998 360 2050 gravandi.
422 2000 542 2036 Porro
572 1999 679 2046 quod
710 1998 885 2047 proxime
906 1996 1058 2035 accedit
1078 1996 1129 2034 ad
1150 1996 1431 2046 Apostolorum
1453 1994 1558 2033 insti-

163 2053 356 2091 tutionem
380 2064 608 2100 moremque
635 2050 853 2100 primitivae
882 2050 1093 2096 Ecclesiae,
1120 2051 1322 2088 hortamur
1341 2062 1432 2087 cum
1452 2061 1557 2098 prae-

165 2109 264 2145 latos
302 2114 385 2144 tum
426 2105 595 2154 reliquos
635 2105 867 2149 sacerdotes,
906 2113 946 2142 ut
981 2103 1229 2142 meminerint
1267 2115 1484 2153 pauperum
1519 2109 1556 2140 et

165 2159 423 2209 eleemosynis
444 2160 627 2197 studeant
648 2160 743 2196 alter
762 2159 926 2196 alterum
948 2157 1114 2196 vincere.

221 2217 282 2264 36.
315 2215 412 2252 Sunt
458 2213 551 2250 item
597 2214 782 2261 pleraque
820 2212 893 2249 alia
934 2211 1097 2249 summis
1135 2210 1401 2261 pontificibus,
1441 2210 1558 2248 sacris

167 2267 358 2315 conciliis,
404 2266 787 2317 provincialibusque
829 2273 866 2303 et
912 2264 1166 2314 synodalibus
1211 2263 1557 2302 constitutionibus

167 2322 331 2373 prodita,
363 2334 463 2371 quae
494 2321 589 2358 mire
618 2321 761 2358 decent
791 2327 828 2358 et
857 2320 1050 2357 adornant
1080 2319 1292 2356 candorem
1323 2318 1424 2356 vitae
1452 2318 1559 2355 cleri-

169 2376 272 2424 calis,
310 2389 383 2414 nec
419 2375 548 2413 minus
580 2374 741 2411 obviant
773 2371 1019 2411 offendiculis
1058 2385 1158 2422 quae
1195 2371 1374 2411 Christus
1411 2372 1554 2421 passim

168 2432 344 2469 cavenda
390 2428 598 2480 praecepit,
641 2441 741 2477 quae
779 2428 883 2466 velut
932 2434 1064 2464 sancta
1114 2427 1234 2464 teneri
1283 2424 1558 2474 observarique

167 2485 412 2522 mandamus.
438 2514 445 2521 .
469 2513 475 2520 .
502 2513 507 2520 .
