1715 2780
55 2457 65 2558 ἢ.

57 2562 66 2780 l

142 159 220 198 273
567 146 627 183 IN
659 143 902 189 GENEVA,
940 144 1122 192 1509-36
1465 152 1539 188 533

144 254 223 293 fide
257 264 368 291 suam
408 258 583 289 mentem
616 246 806 288 ecclesiae
838 245 985 284 iudicio
1025 244 1242 283 submittat.
1305 244 1389 281 Nec
1430 243 1542 280 valde

144 307 376 352 afficiuntur,
408 306 440 343 si
470 303 547 343 Dei
576 302 738 353 gloriam
769 299 985 339 manifestis
1016 297 1271 348 blasphemiis
1301 298 1423 347 pollui
1452 309 1543 334 con-

144 363 278 411 tingat.
336 359 419 400 Cur
442 366 551 397 tanta
573 357 733 396 saevitia
763 363 801 395 et
825 353 1038 394 acerbitate
1059 365 1129 403 pro
1153 353 1282 398 missa,
1305 350 1542 401 purgatorio,

145 413 535 466 peregrinationibus,
553 420 590 451 et
605 411 643 450 id
657 424 780 462 genus
797 408 910 460 nugis
930 407 1221 457 belligerantur,
1238 414 1279 444 ut
1301 405 1385 444 sine
1406 418 1542 443 eorum

147 467 450 520 explicitissima,
472 474 515 505 ut
538 466 592 504 ita
619 466 760 512 dicam,
783 465 862 503 fide
887 464 1033 501 salvam
1065 463 1146 500 fore
1173 460 1359 510 pietatem
1387 467 1542 509 negent,

146 537 238 563 curn
259 531 391 562 tamen
412 520 509 559 nihil
530 534 666 559 eorum
696 533 719 558 a
739 519 859 557 verbo
891 517 966 556 Dei
996 529 1082 555 esse
1111 515 1312 566 probent?
1369 514 1451 554 Cur
1472 512 1545 551 nisi

147 578 240 629 quia
260 578 334 615 illis
366 578 475 614 Deus
505 582 640 613 venter
671 581 739 620 est,
763 573 894 611 culina
923 570 1068 620 religio,
1092 569 1237 619 quibus
1267 568 1441 615 sublatis,
1466 581 1546 605 non

148 633 271 672 modo
302 644 384 669 non
419 629 674 676 Christianos,
709 630 779 666 sed
812 640 861 664 ne
893 625 1074 664 homines
1115 624 1276 674 quidem
1317 624 1467 660 futuros
1506 636 1546 659 se

148 687 325 725 credunt.
349 715 356 722 .
379 715 387 722 .
411 714 418 721 .
479 684 590 730 Ideo,
613 690 655 720 ut
676 682 843 732 quisque
870 694 1005 718 eorum
1028 693 1098 729 pro
1125 686 1259 716 ventre
1290 685 1348 716 est
1378 675 1546 714 maxime

149 739 350 785 sollicitus,
373 738 427 777 ita
446 750 518 787 pro
538 751 608 775 sua
629 738 707 775 fide
730 737 894 774 bellator
913 734 1136 772 acerrimus.
1161 763 1167 770 .
1191 764 1198 770 .
1223 763 1230 770 .

206 796 293 833 Nec
324 792 379 832 sic
410 800 542 830 tamen
575 790 761 829 desinunt
797 788 1017 828 doctrinam
1057 795 1231 825 nostram
1271 786 1477 832 incessere,
1511 791 1548 822 et

149 848 294 899 quibus
323 854 488 898 possunt
518 845 746 884 nominibus
776 842 969 882 criminari
1001 850 1038 881 et
1069 841 1267 887 infamare,
1295 853 1375 890 quo
1405 840 1465 878 vel
1496 840 1550 876 in-

149 903 272 942 visam
293 903 354 940 vel
381 907 604 951 suspectam
633 900 812 938 reddant.
873 895 935 950 [1]
954 899 1110 935 Novam
1131 896 1332 946 appellant
1359 901 1397 932 et
1427 906 1551 944 nuper

151 965 309 996 natam:
341 954 401 1009 [2]
415 954 578 994 dubiam
610 967 696 993 esse
730 960 769 992 et
803 952 992 991 incertam
1025 950 1278 989 cavillantur:
1309 956 1458 999 rogant,
1491 945 1549 999 [3]

150 1011 294 1062 quibus
324 1011 557 1049 confirmata
583 1008 631 1047 sit
662 1006 881 1046 miraculis:
913 1013 1116 1056 quaerunt,
1145 1018 1195 1042 an
1223 1005 1271 1042 sit
1302 1016 1473 1053 aequum
1510 1009 1551 1039 ut

150 1074 288 1105 contra
302 1062 363 1117 [4]
378 1071 436 1103 tot
452 1071 675 1102 sanctorum
690 1070 844 1112 patrum
859 1073 1098 1099 consensum
1116 1067 1154 1097 et
1169 1056 1230 1111 [5]
1247 1056 1550 1096 vetustissimam

152 1118 482 1159 consuetudinem
531 1116 731 1156 obtineat:
779 1124 928 1166 urgent,
971 1112 1030 1167 [6]
1046 1122 1088 1152 ut
1128 1111 1417 1151 schismaticam
1467 1123 1552 1149 esse

151 1175 343 1213 fateamur
372 1185 473 1222 quae
502 1179 639 1209 contra
670 1169 889 1209 Ecclesiam
920 1168 1109 1219 praelium
1138 1174 1304 1213 moveat,
1328 1167 1389 1204 vel
1420 1165 1553 1203 Eccle-

153 1229 251 1267 siam
289 1226 422 1266 multis
464 1225 629 1264 saeculis
673 1224 972 1263 intermortuam
1005 1222 1138 1270 fuisse,
1170 1221 1314 1271 quibus
1347 1218 1445 1257 nihil
1477 1220 1553 1256 tale

152 1281 331 1322 auditum
352 1281 447 1319 fuit:
478 1287 688 1330 postremo,
713 1277 772 1332 [7]
787 1278 883 1316 nihil
908 1290 1008 1327 opus
1029 1289 1125 1324 esse,
1149 1275 1270 1322 aiunt,
1295 1273 1426 1312 multis
1446 1286 1554 1323 argu-

154 1335 308 1383 mentis,
331 1334 457 1386 qualis
479 1335 585 1373 enim
613 1335 661 1372 sit
689 1332 850 1372 iudicari
871 1346 894 1370 a
918 1330 1108 1370 fructibus
1130 1342 1256 1380 posse,
1281 1336 1428 1379 utpote,
1452 1340 1554 1377 quae

153 1398 307 1430 tantum
327 1397 521 1428 sectarum
542 1401 736 1434 acervum,
760 1395 818 1426 tot
843 1385 1083 1425 seditionum
1105 1385 1250 1431 turbas,
1274 1390 1425 1422 tantam
1446 1381 1555 1420 vitio-

153 1458 240 1483 rum
260 1444 458 1483 licentiam
477 1441 638 1493 peperit.
662 1472 669 1480 .
693 1472 700 1480 .
725 1472 732 1480 .

209 1498 266 1546 (in
287 1511 442 1537 answer
460 1503 496 1536 to
518 1495 599 1550 [6])
622 1498 862 1535 Dilemmate
890 1508 962 1533 suo
983 1507 1063 1532 non
1084 1494 1186 1531 adeo
1207 1493 1462 1531 vehementer
1483 1502 1555 1527 nos

155 1559 350 1604 premunt,
385 1560 428 1590 ut
462 1551 573 1590 fateri
604 1550 789 1601 adigant:
824 1551 884 1588 vel
919 1547 1126 1587 ecclesiam
1161 1546 1280 1585 fuisse
1311 1545 1555 1595 aliquamdiu

156 1607 466 1653 intermortuam,
490 1606 550 1644 vel
576 1618 682 1643 nunc
709 1618 799 1643 cum
825 1602 992 1642 ecclesia
1019 1602 1135 1640 nobis
1162 1601 1269 1639 litem
1293 1612 1390 1638 esse.
1449 1599 1556 1635 Vixit

157 1674 251 1700 sane
272 1660 419 1701 Christi
441 1659 607 1698 ecclesia
621 1666 659 1697 et
673 1658 774 1697 vivet
796 1657 987 1708 quamdiu
1002 1655 1182 1696 Christus
1196 1654 1375 1704 regnabit
1395 1653 1447 1691 ad
1468 1653 1557 1690 dex-

157 1723 279 1754 teram
301 1713 436 1753 Patris.
456 1744 463 1752 .
484 1744 490 1751 .
509 1743 517 1752 .
537 1714 737 1752 Adversus
758 1725 844 1751 eam
866 1712 973 1749 nulla
994 1724 1099 1748 nunc
1122 1709 1236 1747 nobis
1258 1720 1389 1757 pugna
1409 1714 1477 1745 est.
1498 1737 1504 1744 .
1524 1737 1531 1744 .
1548 1736 1554 1742 .

159 1770 237 1808 Sed
258 1781 339 1807 non
360 1781 497 1818 parum
518 1780 541 1805 a
560 1780 652 1805 vero
673 1766 745 1816 ipsi
773 1766 965 1812 aberrant,
992 1765 1087 1802 dum
1110 1762 1317 1802 ecclesiam
1339 1774 1421 1799 non
1441 1773 1558 1810 agno-

158 1830 273 1862 scunt
295 1821 369 1861 nisi
389 1835 507 1872 quam
531 1820 725 1871 praesenti
746 1821 862 1858 oculo
890 1826 1062 1865 cernant,
1086 1826 1124 1856 et
1145 1831 1231 1855 eam
1254 1816 1299 1854 iis
1321 1815 1464 1853 finibus
1485 1813 1557 1852 cir-

157 1877 422 1916 cumscribere
456 1883 660 1921 conantur,
696 1874 840 1924 quibus
880 1872 1042 1911 minime
1082 1871 1232 1910 inclusa
1270 1878 1339 1909 est.
1411 1870 1460 1907 In
1499 1869 1558 1905 his

158 1931 385 1970 cardinibus
406 1930 671 1968 controversia
692 1936 823 1967 nostra
839 1929 1021 1966 vertitur:
1052 1927 1221 1976 primum
1244 1925 1352 1974 quod
1370 1924 1559 1962 ecclesiae

159 1987 324 2024 formam
365 1997 519 2034 semper
556 1995 743 2033 apparere
788 1990 825 2020 et
871 1981 1128 2032 spectabilem
1174 1993 1260 2018 esse
1297 1978 1559 2023 contendunt,

160 2040 305 2078 deinde
326 2040 435 2089 quod
455 2039 620 2077 formam
643 2037 767 2087 ipsam
788 2036 828 2074 in
844 2037 938 2075 sede
956 2037 1163 2073 Romanae
1184 2032 1374 2073 ecclesiae
1395 2040 1433 2070 et
1454 2043 1559 2081 prae-

160 2095 289 2132 sulum
319 2106 480 2132 suorum
507 2091 646 2131 ordine
676 2092 933 2130 constituunt.
979 2091 1063 2128 Nos
1093 2096 1228 2127 contra
1257 2086 1491 2126 asserimus:
1522 2093 1559 2122 et

161 2147 368 2187 ecclesiam
399 2148 505 2184 nulla
531 2153 745 2196 apparente
775 2146 900 2183 forma
929 2151 1109 2182 constare
1139 2155 1266 2193 posse,
1291 2154 1363 2179 nec
1394 2142 1558 2178 formam

162 2209 323 2240 externo
343 2202 411 2239 illo
440 2202 665 2251 splendore,
686 2213 805 2250 quern
827 2200 944 2237 stulte
969 2197 1224 2243 admirantur,
1247 2196 1317 2233 sed
1346 2196 1461 2243 longe
1486 2192 1560 2230 alia

162 2263 257 2294 nota
272 2255 476 2302 contineri,
495 2267 661 2303 nempe:
683 2267 780 2304 pura
795 2252 902 2292 verbi
918 2251 994 2290 Dei
1016 2250 1308 2301 praedicatione
1330 2256 1367 2287 et
1389 2246 1561 2297 legitima

163 2317 496 2348 sacramentorum
518 2307 869 2347 administratione.
894 2337 901 2344 .
926 2337 932 2344 .
957 2337 963 2344 .

436 2399 520 2434 LlB.
555 2398 586 2434 I.
639 2398 703 2434 De
737 2395 956 2444 Cogm'n'one
985 2395 1068 2431 Dei
1093 2392 1299 2431 Creatort's.

221 2467 280 2518 (2)
309 2469 424 2505 From
473 2468 532 2504 tlze
578 2467 780 2504 Institutio
827 2465 874 2514 of
918 2477 1016 2514 1559
1034 2479 1087 2501 :-
1099 2476 1130 2500 c.
1168 2461 1215 2499 vi.
1256 2462 1310 2499 Ut
1345 2461 1399 2497 ad
1434 2461 1562 2497 Deum

170 2523 386 2561 Creatorem
406 2522 491 2570 quis
498 2521 704 2569 perveniat
720 2527 812 2570 opus
832 2532 904 2557 esse
926 2519 1128 2567 Scrzstura
1149 2518 1236 2553 duce
1255 2520 1292 2552 et
1309 2515 1561 2563 magistra.—
