1715 2780
191 139 267 176 274
450 130 568 167 THE
601 129 737 167 DIET
761 101 841 167 'OF
871 128 1189 176 AUGSBURG,
1226 140 1326 179 1530
1517 130 1583 166 116

190 239 276 272 sent
297 243 365 271 eos
393 233 432 269 in
462 238 648 281 tempore,
673 232 802 269 minus
829 243 935 269 nunc
961 237 1064 270 esset
1092 230 1396 271 dissensionum.
1454 233 1583 270 Antea

190 299 261 326 sua
287 285 600 325 dissimulatione
624 286 747 324 multa
770 284 861 323 vitia
881 286 985 335 passi
1006 292 1097 323 sunt
1121 284 1161 323 in
1189 286 1396 324 ecclesiam
1417 297 1580 335 serpere.

192 341 311 378 Nunc
331 352 418 378 sero
438 339 630 389 incipiunt
647 338 755 389 queri
776 340 826 378 de
846 338 1135 378 calamitatibus
1155 339 1354 387 ecclesiae,
1377 352 1499 389 quum
1520 338 1584 377 hic

191 394 382 432 turnultus
422 407 501 432 non
539 393 699 432 aliunde
735 392 944 442 sumpserit
982 392 1245 441 occasionem,
1285 405 1404 443 quam
1432 405 1479 432 ex
1509 392 1584 431 illis

190 447 391 494 abusibus,
432 448 499 497 qui
537 454 618 485 tarn
652 446 849 486 manifesti
883 453 993 485 erant
1030 454 1072 485 ut
1110 446 1263 485 tolerari
1301 446 1470 496 amplius
1503 459 1585 484 non

191 508 364 551 possent.
426 512 458 549 7.
492 502 663 550 Magnae
692 500 958 539 dissensiones
997 501 1048 539 de
1085 499 1214 548 missa,
1251 501 1301 539 de
1339 506 1585 539 sacramento

192 554 432 593 exstiterunt.
493 555 674 593 Fortasse
712 555 779 592 dat
813 567 960 603 poenas
999 553 1104 592 orbis
1137 561 1218 592 tam
1256 554 1464 592 diuturnae
1502 566 1587 604 pro-

193 608 402 647 fanationis
425 607 641 655 missarum,
664 621 783 657 quarn
805 607 845 645 in
865 607 1040 646 ecclesiis
1061 615 1119 646 tot
1138 607 1303 647 saeculis
1323 609 1585 646 toleraverunt

193 662 255 700 isti
276 662 343 711 qui
364 662 564 700 emendari
591 670 628 700 et
652 669 833 711 poterant
861 669 899 700 et
923 662 1136 700 debebant.
1195 663 1301 700 Nam
1328 661 1369 699 in
1395 663 1585 711 decalogo

193 715 381 765 scriptum
416 723 495 754 est:
532 716 615 764 Qui
641 716 721 753 Dei
751 716 899 753 nomine
932 716 1115 762 abutitur,
1150 728 1224 753 non
1258 716 1333 754 eret
1360 716 1583 772 impunitus.

194 771 247 807 At
277 770 326 807 ab
356 768 468 809 initio
502 769 641 807 mundi
669 770 777 807 nulla
809 782 869 807 res
899 768 1032 807 divina
1061 770 1115 807 ita
1147 768 1300 808 videtur
1330 782 1506 819 unquam
1535 770 1586 807 ad

194 830 401 873 quaestum
423 824 565 861 collata
585 822 703 861 fuisse
723 830 765 860 ut
786 822 914 860 missa.

250 879 285 915 8.
316 878 494 915 Accessit
515 876 662 926 opinio,
690 889 792 926 quae
820 876 926 914 auxit
951 875 1119 937 privatas
1144 876 1281 915 missas
1308 876 1348 914 in
1374 876 1583 924 infinitum,

195 929 379 969 videlicet
409 931 518 980 quod
549 931 728 969 Christus
758 943 827 968 sua
856 931 1038 989 passione
1067 930 1295 969 satisfecerit
1323 943 1394 980 pro
1423 937 1586 980 peccato

195 983 368 1034 originis,
388 991 426 1023 et
452 983 663 1022 instituerit
690 983 860 1031 missam,
884 983 923 1021 in
953 996 1030 1033 qua
1055 984 1163 1022 fieret
1189 983 1338 1023 oblatio
1364 997 1435 1035 pro
1462 983 1588 1034 quoti-

195 1037 322 1076 dianis
361 1037 524 1085 delictis,
565 1037 795 1076 mortalibus
835 1044 873 1076 et
911 1037 1142 1076 venialibus.
1201 1051 1234 1087 9.
1266 1037 1376 1076 Hinc
1414 1037 1587 1076 manavit

195 1091 354 1141 publica
373 1091 520 1141 opinio,
544 1092 652 1141 quod
669 1091 787 1130 missa
807 1090 855 1129 sit
876 1104 975 1141 opus
1000 1092 1137 1130 delens
1163 1098 1326 1141 peccata
1345 1093 1522 1130 vivorum
1550 1099 1588 1130 et

196 1151 441 1184 mortuorum
479 1158 526 1183 ex
559 1158 678 1195 opere
714 1152 887 1195 operato.
947 1144 1028 1183 Hic
1065 1152 1251 1195 coeptum
1289 1153 1348 1185 est
1386 1145 1586 1196 disputari,

197 1206 327 1237 utrum
349 1212 427 1237 una
454 1198 583 1245 missa,
605 1200 711 1237 dicta
737 1211 809 1249 pro
836 1198 1022 1248 pluribus,
1046 1199 1280 1237 tantundem
1310 1200 1447 1247 valeat,
1469 1212 1588 1249 quan-

198 1260 282 1290 tum
323 1252 499 1302 singulae
538 1266 608 1302 pro
647 1251 819 1302 singulis.
881 1254 996 1291 Haec
1034 1252 1248 1302 disputatio
1285 1252 1436 1303 peperit
1473 1252 1588 1291 istam

197 1305 390 1344 infinitam
412 1306 705 1344 multitudinem
726 1306 942 1344 missarum.

256 1373 313 1397 10.
348 1361 411 1397 De
439 1360 499 1397 his
529 1359 782 1409 opinionibus
812 1359 933 1398 nostri
963 1360 1265 1407 admonuerunt,
1299 1360 1409 1409 quod
1442 1360 1589 1399 dissen-

198 1412 297 1450 tiant
316 1425 339 1450 a
361 1412 567 1462 Scripturis
592 1412 755 1459 Sanctis,
782 1420 820 1451 et
844 1413 1002 1451 laedant
1021 1412 1183 1462 gloriam
1207 1413 1400 1463 passionis
1430 1412 1586 1452 Christi.

201 1467 305 1504 Nam
335 1465 466 1514 passio
495 1465 641 1505 Christi
666 1466 737 1504 fuit
762 1466 910 1504 oblatio
941 1473 978 1504 et
1008 1465 1221 1504 satisfactio
1249 1479 1331 1505 non
1361 1468 1488 1505 solum
1517 1479 1589 1517 pro

199 1520 315 1569 culpa
339 1518 508 1569 originis,
536 1520 605 1558 sed
627 1521 743 1557 etiam
775 1532 844 1568 pro
865 1519 1051 1558 omnibus
1080 1519 1238 1569 reliquis
1265 1520 1446 1570 peccatis,
1469 1527 1512 1558 ut
1537 1521 1588 1558 ad

200 1572 411 1612 Hebraeos
433 1572 620 1622 scriptum
645 1580 702 1611 est
723 1589 728 1611 :
747 1573 1000 1622 sanctificati
1014 1585 1144 1611 sumus
1164 1580 1240 1623 per
1259 1575 1482 1611 oblationem
1501 1575 1589 1612 Iesu

204 1627 357 1665 Christi
396 1628 511 1664 semel
522 1641 531 1674 ;
582 1626 701 1665 item:
757 1628 845 1665 Una
886 1627 1073 1665 oblatione
1113 1629 1390 1666 consummavit
1428 1628 1470 1665 in
1503 1634 1590 1677 per-

192 1686 352 1729 petuum
372 1680 633 1729 sanctificatos.

259 1747 317 1771 11.
362 1735 464 1772 Item
503 1733 700 1784 Scriptura
733 1734 850 1773 docet
884 1746 956 1772 nos
994 1746 1126 1773 coram
1167 1735 1256 1773 Deo
1286 1733 1485 1773 iustificari
1522 1747 1591 1783 per

202 1787 322 1825 fidem
362 1787 402 1825 in
441 1787 654 1835 Christum,
693 1800 816 1837 quum
856 1787 1052 1826 credimus
1090 1787 1206 1827 nobis
1244 1787 1387 1827 remitti
1428 1795 1591 1838 peccata

201 1847 359 1889 propter
398 1840 611 1879 Christum.
669 1843 754 1880 Iam
794 1841 824 1879 si
855 1840 973 1879 missa
1006 1842 1112 1880 delet
1148 1849 1310 1891 peccata
1347 1842 1522 1880 vivorum
1553 1848 1592 1879 et

203 1901 445 1931 mortuorum
476 1907 522 1932 ex
553 1907 672 1944 opere
702 1902 874 1944 operato,
908 1894 1100 1944 contingit
1133 1893 1357 1933 iustificatio
1388 1907 1435 1933 ex
1472 1907 1590 1944 opere

203 1946 419 1993 missarum,
443 1960 523 1984 non
544 1960 590 1984 ex
611 1949 699 1993 fide,
722 1950 830 1997 quod
851 1948 1047 1997 Scriptura
1066 1961 1148 1986 non
1168 1947 1322 1998 patitur.

262 2013 320 2037 12.
352 2001 431 2038 Sed
470 2001 648 2039 Christus
687 2001 796 2039 iubet
822 2002 953 2049 facere
990 2003 1031 2040 in
1069 2003 1135 2040 sui
1168 2002 1398 2040 memoriam.
1458 2002 1591 2050 Quare

203 2054 320 2091 missa
349 2054 528 2091 instituta
554 2059 616 2100 est,
643 2061 685 2091 ut
708 2055 806 2092 fides
833 2054 872 2092 in
900 2054 956 2102 iis,
979 2054 1047 2104 qui
1070 2062 1231 2093 utuntur
1259 2061 1515 2101 sacramento,
1537 2067 1592 2092 re-

203 2107 386 2145 cordetur
417 2119 518 2156 quae
555 2106 749 2145 beneficia
781 2107 947 2157 accipiat
984 2121 1053 2158 per
1083 2108 1296 2156 Christum,
1330 2116 1368 2147 et
1400 2107 1520 2157 erigat
1553 2114 1591 2146 et

204 2161 429 2198 consoletur
468 2159 649 2209 pavidam
689 2160 982 2199 conscientiam.
1042 2163 1146 2200 Nam
1191 2163 1231 2200 id
1269 2169 1328 2200 est
1365 2160 1591 2200 meminisse

205 2213 361 2259 Christi,
386 2212 578 2251 beneficia
598 2213 823 2252 meminisse
842 2227 887 2252 ac
917 2214 1069 2261 sentire,
1092 2215 1201 2263 quod
1227 2227 1316 2253 vere
1336 2213 1592 2254 exhibeantur

204 2267 332 2305 nobis.
391 2268 477 2305 Nec
516 2266 607 2305 satis
646 2273 702 2304 est
737 2266 938 2305 historiam
971 2267 1177 2314 recordari,
1217 2267 1308 2317 quia
1341 2269 1443 2306 hanc
1472 2269 1590 2306 etiam

207 2319 345 2358 Iudaei
364 2327 404 2358 et
424 2319 533 2369 impii
554 2319 746 2358 recordari
767 2327 944 2370 possunt.
1002 2322 1072 2358 Est
1093 2320 1207 2370 igitur
1226 2321 1277 2359 ad
1305 2321 1383 2360 hoc
1411 2320 1592 2360 facienda

205 2373 335 2420 missa,
377 2380 419 2410 ut
453 2373 506 2411 ibi
537 2373 754 2423 porrigatur
791 2379 1078 2412 sacramentum
1117 2373 1176 2412 his
1210 2374 1354 2424 quibus
1391 2387 1490 2424 opus
1533 2380 1592 2414 est

205 2428 489 2473 consolatione,
543 2426 642 2465 sicut
691 2426 922 2465 Ambrosius
943 2427 1019 2466 ait:
1070 2430 1078 2446 ‘
1096 2427 1199 2475 Quia
1249 2440 1403 2477 semper
1452 2439 1588 2477 pecco,

205 2492 363 2530 semper
381 2481 510 2519 debeo
530 2480 707 2530 accipere
727 2480 989 2519 medicinam.'

265 2546 325 2580 14.
355 2534 490 2581 Quum
519 2541 650 2572 autem
678 2533 796 2573 missa
825 2534 872 2572 sit
897 2533 983 2573 talis
1007 2534 1314 2574 communicatio
1344 2533 1587 2580 sacramenti,
