1715 2780
58 145 137 184 225
537 134 762 173 CAPPEL,
800 143 974 182 1529—31
1377 144 1451 182 475

60 239 334 279 necessarium.
395 237 598 278 Canonice
628 236 733 275 enim
764 237 845 274 sive
875 235 1099 286 regulariter
1126 236 1329 285 loquendo
1354 236 1457 275 vide-

10 311 12 315 ’
58 307 146 334 mus
175 294 282 344 apud
312 305 451 331 omnes
484 292 658 352 populos·
682 298 881 329 externam
916 289 1252 341 praedicationem
1287 292 1456 339 Aposto-

13 370 20 382 .·
59 351 186 388 lorum
208 355 246 387 et
268 346 608 405 Evangelistarum
629 345 710 384 sive
733 344 1021 395 Episcoporum
1043 344 1301 395 praecessisse
1323 346 1453 392 fidem,

11 404 15 441 ἴ
59 415 178 454 quarn
217 409 350 441 tamen
389 401 462 440 soli
494 399 652 450 Spiritui
691 399 849 438 ferimus
878 406 1093 460 acceptam
1119 399 1295 437 ..Hoc
1333 412 1456 448 genus

11 453 15 460 ’
60 456 327 496 ministrorum
376 455 443 505 qui
497 454 644 493 scilicet
692 455 837 492 docent
878 485 884 491 .
928 482 934 490 .
980 484 986 490 .
1027 454 1065 490 in
1114 429 1262 503 populo
1311 453 1456 492 Christi

58 510 323 562 agnoscimus.
381 510 485 547 Illud
521 521 681 558 quoque
712 509 821 558 quod
852 507 1035 557 baptizat,
1067 506 1106 545 in
1139 520 1262 545 coena
1293 506 1455 545 Domini

60 578 202 615 corpus
242 571 279 603 et
315 563 573 613 sanguinem.
602 561 897 609 ..circumsert,
939 562 1047 611 quod
1095 569 1276 611 aegrotos
1316 560 1455 608 visitat,

61 620 170 670 quod
215 617 420 658 mendicos
464 617 569 655 cibat
611 617 800 655 ecclesiae
841 615 984 665 opibus
1026 628 1071 653 ac
1116 615 1278 654 nomine
1314 619 1457 654 ...At

61 673 260 712 mitratum
300 673 376 710 hoc
414 684 538 721 genus
577 677 695 720 atque
728 671 927 720 pedatum‚
962 670 1070 719 quod
1103 683 1290 708 numerus
1322 678 1380 708 est
1419 678 1458 709 et

62 729 188 778 fruges
231 738 466 765 consumere
509 732 658 773 natum,
698 726 852 763 ἐτώσιον
899 725 1014 776 ἄχθος
1056 725 1223 774 ἀρούρης,
1262 723 1459 762 credimus

60 783 179 830 νόθον,
202 789 240 820 et
261 780 301 820 id
322 779 487 819 omnino
513 793 597 818 esse
623 778 662 816 in
690 779 879 818 ecclesiae
901 791 1064 828 corpore
1086 779 1195 828 quod
1224 785 1396 817 strumae
1421 786 1458 817 et

13 877 14 887 η
59 836 168 888 gibbi
189 842 279 875 sunt
300 834 339 873 in
360 835 547 873 humano.

116 888 354 930 Undecimo.
414 888 504 927 Scio
529 887 797 938 magistratum
826 887 896 926 rite
925 886 1199 937 inauguratum
1229 888 1360 924 locum
1384 886 1456 925 Dei

60 952 205 992 tenere,
227 957 308 982 non
331 942 460 981 minus
481 956 599 992 quam
622 941 910 1002 prophetiam.

116 997 380 1038 Duodecimo.
442 998 572 1036 Credo
600 995 810 1046 purgatorii
840 995 939 1046 ignis
968 996 1199 1045 figmentum
1222 1004 1302 1033 tam
1324 1001 1455 1033 contu»

62 1053 266 1092 meliosam
295 1065 377 1090 rem
407 1065 493 1089 esse
522 1051 562 1088 in
590 1049 798 1100 gratuitam
828 1051 1141 1100 redemptionem
1168 1062 1236 1099 per
1258 1050 1457 1088 Christum

61 1109 248 1146 donatam
271 1119 388 1156 quam
411 1107 565 1144 lucrosa
587 1106 656 1143 fuit
678 1104 905 1143 auctoribus
928 1104 1018 1142 suis.
1042 1136 1048 1142 .
1075 1135 1080 1141 .
1106 1135 1113 1142 .

119 1207 209 1251 No.
242 1205 347 1248 226.
400 1204 555 1247 From
586 1204 673 1248 the
704 1203 972 1248 Confessio
1003 1203 1401 1257 Tetrapolitana,

581 1274 619 1304 11
649 1262 772 1317 July
803 1273 931 1315 1530.

114 1350 178 1387 De
210 1349 475 1396 Euclmrz'stl'a,
509 1362 540 1387 e.
573 1348 673 1386 xviii.
735 1350 795 1386 Dc
835 1350 911 1386 hoc
950 1349 1175 1387 venerando
1209 1347 1383 1397 corporis
1423 1355 1459 1385 ct

62 1403 261 1453 sanguinis
282 1403 429 1443 Christi
454 1410 700 1441 sacramento
726 1402 860 1441 omnia
880 1416 981 1452 quae
1009 1403 1058 1440 de
1084 1401 1150 1440 illo
1172 1401 1458 1451 Evangelistae‚

63 1458 207 1496 Paulus
228 1465 267 1497 et
296 1457 420 1496 sancti
452 1459 585 1495 Patres
615 1458 758 1507 scripta
779 1456 1030 1506 reliquerunt,
1054 1456 1176 1495 nostri
1204 1457 1282 1495 fide
1310 1455 1460 1506 optima

62 1513 219 1560 docent,
235 1512 528 1559 commendant,
546 1512 756 1550 inculcant.
808 1512 988 1561 Indeque
1003 1510 1187 1561 singulari
1209 1510 1341 1549 studio
1359 1511 1460 1548 hanc

63 1565 208 1605 Christi
221 1565 261 1604 in
275 1579 367 1605 suos
382 1565 599 1604 bonitatem
615 1578 769 1615 semper
785 1565 1076 1616 depraedicant,
1093 1578 1171 1615 qua
1188 1564 1218 1603 is
1235 1578 1315 1602 non
1331 1564 1460 1602 minus

63 1621 182 1659 hodie
212 1633 331 1670 quam
362 1620 400 1658 in
431 1619 643 1659 novissima
675 1621 739 1658 illa
768 1633 892 1658 coena
922 1619 1108 1658 omnibus
1139 1619 1205 1669 qui
1236 1618 1334 1657 inter
1359 1618 1460 1657 illius

62 1673 277 1736 discipulos
312 1688 358 1713 ex
387 1674 521 1712 animo
553 1687 699 1712 nomen
727 1675 933 1721 dederunt,
961 1687 1050 1711 cum
1083 1675 1185 1711 hanc
1213 1686 1391 1718 coenam,
1419 1680 1460 1711 ut

63 1729 146 1778 ipse
175 1728 353 1776 instituit,
385 1735 578 1779 repetunt,
613 1742 746 1766 verum
782 1742 894 1766 suum
927 1740 1070 1777 corpus
1100 1740 1315 1777 veiumque
1346 1740 1459 1764 suum

21 1798 22 1834 j
64 1782 294 1842 sanguinem
326 1796 414 1821 vere
453 1783 652 1821 edendum
689 1789 726 1819 ct
756 1781 977 1820 bibendum
1009 1781 1047 1819 in
1078 1781 1211 1819 cibum
1242 1788 1461 1831 potumque

21 1845 23 1859 ¹
62 1836 294 1883 animarum,
335 1849 414 1886 quo
453 1836 541 1874 illae
580 1835 618 1873 in
660 1844 859 1874 aeternam
901 1835 1017 1873 vitam
1057 1837 1220 1882 alantur,
1261 1836 1353 1873 dare
1393 1848 1461 1885 per

64 1898 306 1928 sacramenta
326 1890 518 1940 dignatur,
542 1898 584 1928 ut
605 1889 681 1927 iam
704 1891 786 1939 ipse
808 1889 846 1927 in
869 1889 941 1927 illis
963 1896 1000 1928 et
1023 1889 1105 1927 illi
1098 1903 1137 1927 1n
1164 1889 1250 1939 ipso
1272 1889 1402 1927 xivant
1423 1898 1461 1926 et

64 1952 331 1994 permaneant,
353 1943 392 1982 in
423 1943 487 1983 die
514 1943 729 1982 novissimo
758 1943 795 1981 in
824 1957 965 1981 novam
988 1951 1025 1982 et
1054 1943 1315 1982 immortalem
1341 1943 1458 1981 vitam

65 2011 133 2048 per
161 1998 289 2049 ipsum
317 1997 586 2045 resuscitandi,
610 1997 716 2036 iuxta
745 2011 814 2036 sua
844 1997 907 2036 illa
927 2005 1108 2037 aeternae
1129 1997 1300 2036 veritatis
1322 1998 1461 2035 verba:

23 2057 24 2091 1
65 2051 244 2103 Accipite
265 2060 303 2091 et
328 2053 576 2099 manducate,
600 2053 675 2090 hoc
705 2060 763 2090 cst
791 2065 932 2102 corpus
963 2066 1107 2098 meum,
1131 2060 1202 2091 etc
1264 2051 1394 2090 Bibite
1416 2065 1462 2090 ex

23 2137 25 2141 s
66 2119 113 2145 eo
134 2119 283 2154 omnes,
306 2107 369 2145 hic
391 2106 489 2145 calix
510 2114 567 2145 est
588 2106 745 2156 sanguis
767 2120 888 2154 meus,
912 2114 984 2145 etc.
1010 2139 1014 2144 .
1042 2139 1047 2145 .
1073 2138 1079 2144 .

25 2226 26 2256 ἦ
66 2208 269 2263 N0.227.
296 2209 404 2253 The
427 2210 624 2254 Second
646 2209 807 2252 Peace
830 2209 888 2252 of
905 2210 1109 2263 Cappel,
1125 2221 1186 2251 20
1204 2209 1327 2251 Nov.
1348 2220 1461 2261 1531.

122 2287 232 2335 First‚
263 2301 319 2326 we
349 2289 392 2325 of
418 2287 559 2326 Ziirich
589 2289 687 2326 shall
715 2289 794 2326 and
825 2288 898 2325 will
929 2290 980 2326 let
1010 2302 1081 2326 our
1111 2295 1231 2337 trusty
1255 2288 1335 2324 and
1366 2287 1463 2324 well-

67 2342 236 2380 beloved
257 2343 540 2381 Consederates
569 2342 613 2379 of
638 2343 704 2380 the
736 2341 828 2380 Five
859 2343 1048 2388 Cantons‚
1071 2355 1113 2379 as
1139 2343 1222 2379 also
1246 2340 1345 2378 their
1367 2342 1464 2378 well-

68 2395 236 2433 beloved
257 2396 382 2434 fellow
398 2395 557 2434 citizens
577 2396 655 2434 and
677 2404 934 2446 countrymen
957 2397 1001 2434 of
1017 2394 1149 2433 Wallis
1170 2395 1261 2432 with
1289 2396 1337 2432 all
1366 2395 1465 2432 their

68 2448 187 2496 allies,
214 2448 388 2499 spiritual
417 2451 496 2487 and
527 2451 728 2499 temporal,
750 2449 867 2488 abide
890 2450 1051 2487 without
1081 2462 1156 2498 any
1176 2449 1463 2487 contradiction

69 2515 113 2541 or
142 2502 308 2552 dispute‚
332 2503 370 2541 in
401 2503 500 2541 their
529 2510 612 2541 true
644 2504 876 2542 undoubted
908 2502 1106 2542 Christian
1136 2502 1242 2549 saith,
1273 2515 1358 2540 now
1385 2504 1464 2541 and
