1715 2780
253 107 328 145 540
575 97 799 144 CALVIN,
832 97 906 135 To
939 98 1033 135 HIS
1064 97 1316 137 ARRIVAL
1568 109 1644 148 273

250 200 351 239 ditas
373 207 505 239 nostra
525 208 563 238 et
584 200 767 250 segnities
784 200 908 251 (addo
929 201 1046 239 etiam
1068 199 1213 251 ingenii
1227 201 1455 254 vanitatem)
1477 203 1645 242 externis

251 254 435 293 subsidiis
456 254 645 305 indigent,
664 254 807 304 quibus
824 255 922 293 fides
943 256 983 292 in
1003 255 1119 293 nobis
1139 262 1178 294 et
1197 257 1375 306 gignatur
1394 264 1433 296 et
1447 266 1641 308 augescat,

250 317 288 347 et
309 322 400 347 suos
421 308 537 347 faciat
554 322 779 358 progressus
800 321 926 358 usque
946 310 997 347 ad
1019 316 1188 348 metam:
1219 322 1266 348 ea
1278 323 1438 361 quoque
1453 313 1563 350 Deus
1579 313 1645 350 ad-

250 363 361 410 didit,
380 376 460 412 quo
481 362 696 400 infirmitati
718 370 873 401 nostrae
890 365 1111 402 consuleret
1129 378 1136 402 :
1164 371 1283 414 atque
1299 372 1342 402 ut
1357 365 1502 415 vigeret
1519 368 1644 404 Evan-

248 417 337 467 gelii
369 416 618 466 praedicatio,
653 418 879 455 thesaurum
924 418 1030 455 hunc
1067 418 1174 467 apud
1205 418 1411 457 ecclesiam
1446 420 1641 470 deposuit.

251 473 431 509 Pastores
459 471 625 508 instituit
655 484 700 508 ac
730 472 923 517 doctores,
947 484 1115 521 quorum
1142 484 1208 510 ore
1229 485 1320 511 suos
1341 474 1500 512 doceret
1521 473 1641 524 (Eph.

249 525 296 563 iv.
332 526 420 575 11):
452 538 519 563 eos
545 525 777 563 auctoritate
803 525 1008 564 instruxit:
1048 527 1144 563 nihil
1174 525 1347 576 denique
1373 527 1505 566 omisit
1534 529 1643 578 quod

248 581 299 617 ad
324 586 504 617 sanctum
530 580 621 617 fidei
649 592 887 618 consensum
913 587 950 618 et
977 588 1126 618 rectum
1151 579 1331 619 ordinem
1352 582 1507 620 faceret.
1567 583 1643 620 Im—

248 633 382 682 primis
403 641 646 671 sacramenta
667 633 843 680 instituit,
862 647 964 683 quae
979 647 1051 672 nos
1068 635 1336 684 experimento
1352 635 1542 674 sentimus
1555 637 1642 686 plus

249 700 368 737 quam
383 687 491 725 utilia
505 701 590 725 esse
603 687 833 726 adiumenta
845 689 895 726 ad
910 689 1121 726 fovendam
1135 697 1173 727 et
1186 690 1499 728 confirmandam
1509 691 1638 728 fidem.

249 772 257 779 .
280 772 287 779 .
313 772 319 779 .
345 742 539 791 Incipiam
560 749 692 780 autem
717 742 769 780 ab
794 743 970 789 ecclesia,
994 742 1033 780 in
1054 742 1165 781 cuius
1190 744 1319 781 sinum
1344 745 1540 794 aggregari
1561 745 1642 782 vult

249 797 358 834 Deus
381 795 480 833 filios
508 809 611 842 suos,
634 809 714 834 non
736 797 857 835 modo
878 804 920 834 ut
940 795 1023 835 eius
1044 809 1164 846 opera
1182 804 1220 836 et
1241 796 1457 836 ministerio
1476 799 1640 846 alantur,

247 849 437 899 quamdiu
454 849 621 888 infantes
639 858 729 888 sunt
743 864 789 888 ac
806 849 926 900 pueri,
946 852 1016 889 sed
1032 864 1124 889 cura
1138 851 1255 889 etiam
1272 858 1447 890 materna
1461 860 1643 903 regantur

247 905 376 942 donec
396 905 636 950 adolescant,
653 917 698 942 ac
714 905 875 943 tandem
896 906 1124 954 perveniant
1144 905 1196 943 ad
1216 906 1306 944 fidei
1325 913 1480 944 metam.
1527 908 1641 945 Haec

247 957 352 996 enim
374 971 475 1007 quae
498 960 606 996 Deus
628 958 830 996 coniunxit
854 958 1021 1008 separari
1045 960 1101 996 fas
1122 972 1202 998 non
1224 966 1283 997 est
1303 959 1443 1010 (Marc.
1467 974 1500 998 x.
1525 961 1580 1011 9),
1599 969 1642 999 ut

247 1011 390 1061 quibus
404 1013 487 1061 ipse
501 1019 558 1050 est
573 1014 697 1057 Pater,
711 1011 876 1051 ecclesia
888 1012 1006 1051 etiam
1021 1020 1144 1051 mater
1159 1014 1224 1052 sit:
1249 1026 1380 1063 neque
1393 1013 1434 1052 id
1447 1014 1521 1052 sub
1536 1016 1640 1064 Lege

248 1066 379 1112 modo,
399 1067 468 1104 sed
485 1067 603 1104 etiam
617 1075 705 1116 post
723 1066 869 1105 Christi
884 1067 1111 1114 adventum,
1130 1074 1228 1106 teste
1243 1069 1367 1106 Paulo
1384 1067 1545 1118 (Gal.iv.
1561 1069 1637 1119 26),

246 1119 313 1169 qui
334 1132 459 1158 novae
480 1127 518 1158 et
538 1120 719 1158 coelestis
738 1120 1039 1171 Hierosolymae
1059 1134 1131 1159 nos
1153 1134 1238 1160 esse
1259 1122 1360 1160 filios
1381 1123 1511 1161 docet.

299 1174 370 1223 §4
401 1176 548 1212 Verum
589 1174 680 1224 quia
719 1187 823 1212 nunc
863 1176 913 1213 de
951 1174 1093 1213 visibili
1131 1175 1297 1214 ecclesia
1334 1175 1524 1215 disserere
1557 1189 1640 1226 pro-

246 1227 418 1277 positum
450 1236 518 1275 est,
551 1228 749 1266 discamus
776 1230 837 1267 vel
869 1242 949 1266 uno
982 1228 1121 1267 Matris
1151 1231 1279 1279 elogio
1309 1243 1427 1279 quam
1458 1230 1562 1268 utilis
1591 1230 1640 1268 sit

246 1281 360 1319 nobis
390 1283 473 1320 eius
512 1282 696 1331 cognitio,
733 1284 813 1320 imo
847 1283 1088 1321 necessaria:
1130 1284 1291 1333 quando
1329 1297 1410 1322 non
1448 1284 1546 1322 alius
1581 1292 1639 1323 est

245 1336 285 1372 in
306 1335 424 1373 vitam
447 1335 654 1385 ingressus,
677 1336 750 1374 nisi
776 1350 849 1374 nos
877 1338 960 1386 ipsa
981 1336 1178 1386 concipiat
1203 1337 1244 1375 in
1265 1344 1386 1390 utero,
1408 1337 1483 1376 nisi
1502 1338 1636 1388 pariat,

246 1388 320 1426 nisi
352 1402 424 1427 nos
455 1391 532 1428 alat
567 1389 646 1428 suis
676 1390 873 1437 uberibus,
911 1391 1083 1440 denique
1117 1391 1191 1429 sub
1223 1392 1403 1430 custodia
1434 1399 1472 1430 et
1501 1391 1639 1442 guber-

245 1442 405 1481 natione
444 1456 513 1481 sua
546 1456 618 1482 nos
650 1452 814 1491 tueatur,
848 1445 977 1482 donec
1009 1444 1114 1483 exuti
1148 1457 1264 1484 carne
1303 1444 1457 1484 mortali
1491 1446 1638 1484 similes

245 1496 388 1534 erimus
427 1496 574 1547 angelis
607 1497 739 1547 (Matt.
774 1497 860 1536 xxii.
891 1498 968 1547 30).
1027 1500 1169 1548 Neque
1198 1498 1303 1537 enim
1333 1499 1477 1549 patitur
1505 1508 1638 1539 nostra

244 1550 448 1588 infirmitas
487 1564 509 1589 a
548 1552 683 1589 schola
716 1565 788 1590 nos
822 1551 966 1590 dimitti
1005 1553 1135 1591 donec
1174 1561 1258 1591 toto
1297 1554 1398 1592 vitae
1436 1566 1552 1592 cursu
1583 1555 1639 1593 di-

244 1603 383 1654 scipuli
414 1604 611 1643 fuerimus.
668 1607 786 1644 Adde
819 1607 927 1655 quod
962 1614 1068 1644 extra
1096 1606 1179 1645 eius
1212 1608 1404 1657 gremium
1443 1609 1550 1646 nulla
1579 1615 1636 1646 est

244 1659 438 1707 speranda
471 1667 722 1709 peccatorum
756 1659 944 1708 remissio,
980 1674 1054 1699 nec
1083 1661 1163 1699 ulla
1192 1662 1324 1699 salus.
1349 1693 1355 1699 .
1381 1692 1387 1699 .
1411 1669 1453 1700 ut
1483 1675 1637 1712 semper

243 1712 406 1750 exitialis
427 1712 475 1750 sit
495 1713 545 1751 ab
567 1714 732 1751 ecclesia
754 1715 954 1752 discessio.

296 1767 314 1815 ξ
332 1780 365 1815 9.
399 1766 507 1804 Hinc
529 1767 700 1805 nascitur
720 1767 835 1806 nobis
856 1776 894 1806 et
915 1770 1077 1818 emergit
1104 1768 1319 1818 conspicua
1345 1769 1469 1807 oculis
1493 1770 1635 1808 nostris

243 1820 431 1859 ecclesiae
456 1821 584 1860 facies.
645 1821 888 1871 Ubicunque
918 1822 1023 1860 enim
1056 1822 1131 1860 Dei
1159 1822 1322 1861 verbum
1352 1824 1502 1862 sincere
1530 1836 1636 1873 prae-

243 1874 363 1911 dicari
402 1883 520 1924 atque
558 1874 694 1922 audiri,
732 1876 799 1913 ubi
831 1884 1074 1914 sacramenta
1106 1889 1152 1914 ex
1182 1876 1329 1916 Christi
1362 1876 1541 1916 instituto
1571 1878 1636 1916 ad-

243 1927 450 1965 ministrari
489 1928 679 1976 videmus,
720 1929 798 1967 illic
835 1929 1006 1979 aliquam
1047 1943 1132 1969 esse
1171 1930 1246 1969 Dei
1285 1930 1491 1970 ecclesiam
1526 1932 1634 1969 nullo

242 1982 364 2019 modo
394 1981 677 2031 ambigendum
710 1991 789 2021 est:
839 1985 1000 2033 quando
1027 1983 1109 2022 eius
1147 1983 1355 2034 promissio
1388 1986 1520 2024 fallere
1552 1998 1633 2023 non

241 2043 370 2084 potest
390 2034 522 2084 (Matt.
547 2036 647 2074 xviii.
673 2038 737 2086 20)
762 2040 770 2056 ‘
787 2038 1029 2086 Ubicunque
1051 2039 1131 2076 duo
1151 2046 1218 2076 aut
1239 2046 1314 2076 tres
1329 2039 1348 2085 ²,
1371 2040 1441 2077 &c

295 2090 391 2137 §ro
424 2090 627 2127 ...cuius
667 2088 895 2143 [ecclesiae]
928 2093 987 2129 vel
1026 2091 1297 2130 auctoritatem
1338 2105 1530 2141 spernere,
1571 2093 1632 2131 vel

242 2142 390 2181 monita
411 2156 603 2192 respuere,
625 2145 684 2181 vel
706 2144 878 2182 consiliis
899 2145 1088 2194 refragari,
1110 2146 1171 2184 vel
1191 2145 1464 2195 castigationes
1485 2147 1629 2192 ludere,

241 2196 389 2234 nemini
420 2196 582 2246 impune
615 2198 728 2236 licet:
779 2199 902 2236 multo
934 2198 1063 2237 minus
1096 2199 1148 2237 ab
1179 2211 1225 2237 ea
1255 2200 1434 2247 deficere,
1467 2212 1514 2237 ac
1547 2199 1630 2238 eius

239 2251 472 2300 abrumpere
520 2252 722 2289 unitatem.
756 2282 762 2288 .
797 2282 803 2289 .
836 2282 842 2289 .
877 2253 999 2291 Unde
1037 2252 1212 2301 sequitur
1258 2253 1540 2292 discessionem
1579 2253 1629 2291 ab

240 2304 405 2342 ecclesia
426 2303 503 2343 Dei
524 2312 562 2343 et
583 2305 727 2344 Christi
748 2305 1051 2355 abnegationem
1073 2319 1168 2344 esse.
1193 2337 1200 2344 .
1224 2337 1231 2345 .
1256 2338 1262 2344 .

293 2371 324 2396 c.
350 2357 398 2395 iii.
448 2360 512 2395 De
545 2360 707 2396 ecclesiae
740 2360 969 2397 Doctom'bns
1001 2366 1037 2396 et
1063 2361 1272 2406 llfim'stris,
1306 2365 1372 2397 &c
1430 2362 1499 2410 §4
1550 2359 1629 2409 Qui

239 2411 427 2450 ecclesiae
461 2411 639 2461 regimini
676 2414 894 2451 secundum
935 2413 1079 2452 Christi
1114 2413 1399 2452 institutionem
1434 2421 1626 2464 praesunt,

240 2465 493 2504 nominantur
513 2479 534 2503 a
550 2468 673 2504 Paulo
690 2468 810 2516 (Eph.
828 2466 874 2504 iv.
901 2481 917 2504 1
930 2467 977 2517 1),
994 2467 1162 2517 primum
1177 2469 1360 2517 Apostoli,
1377 2467 1522 2506 deinde
1535 2469 1629 2505 Pro-
