1715 2780
113 92 187 130 186
262 91 379 129 THE
413 92 827 131 DISPUTATIONS
858 92 931 130 AT
962 83 1192 139 ZURICH,
1230 105 1327 144 1523
1432 108 1507 145 413

167 195 243 234 263
274 194 384 234 Nihil
406 195 528 246 magis
555 195 737 246 displicet
764 197 853 234 Deo
873 208 992 246 quam
1015 196 1253 247 hypocrisis:
1285 199 1376 236 hinc
1397 198 1510 237 disci-

110 262 197 288 mus
227 249 464 300 hypocrisim
495 263 580 289 esse
608 263 764 300 gravem
795 257 833 289 et
862 250 1136 300 impudentem
1166 253 1373 291 audaciam
1404 253 1509 303 quic-

111 303 206 354 quid
241 311 421 342 sanctum
461 317 502 343 se
536 305 693 343 simulat
731 317 863 343 coram
902 305 1143 344 hominibus.
1216 307 1326 346 Hinc
1360 308 1509 346 cadunt

109 357 268 406 cuculli,
287 357 408 408 signa,
431 372 549 406 rasus,
573 366 715 406 vertex,
737 360 807 397 &c.

166 412 244 461 27.²
282 413 433 452 Omnes
463 412 675 452 Christiani
705 414 839 451 fratres
869 420 959 451 sunt
989 413 1147 462 Christi,
1177 421 1215 453 et
1245 415 1379 454 fratres
1409 415 1509 454 inter

109 479 204 513 sese,
238 473 390 517 patrem
421 480 513 517 ergo
545 480 661 517 super
695 474 834 506 terram
871 480 1011 506 vocare
1044 481 1126 507 non
1165 468 1326 508 debent.
1399 471 1507 509 Hinc

109 521 258 560 cadunt
279 520 470 560 factiones
491 528 530 560 et
551 529 690 560 sectae.

165 575 242 613 28.³
272 575 475 625 Quicquid
492 576 602 614 Deus
624 589 705 614 non
726 582 829 614 vetat
850 583 887 614 et
907 575 1106 625 permittit,
1126 576 1226 615 iuste
1248 578 1301 616 fit.
1353 580 1411 616 Ex
1427 591 1508 628 quo

109 628 297 668 discimus
325 629 619 668 matrimonium
641 629 827 668 omnibus
847 643 894 668 ex
914 643 1043 679 aequo
1068 631 1289 670 convenire.

166 697 224 732 29·
258 683 337 733 Qui
365 683 618 723 ecclesiastici
639 686 755 734 vulgo
782 698 850 722 seu
876 683 1093 734 spirituales
1110 693 1310 733 vocantur,
1327 694 1505 736 peccant,

108 738 216 785 dum,
234 745 494 788 posteaquam
515 738 707 777 senserint
728 740 947 777 castitatem
969 738 1043 776 sibi
1063 752 1085 777 a
1108 742 1196 778 Deo
1214 748 1406 790 negatam,
1426 754 1507 779 non

109 804 249 830 uxores
270 793 421 831 ducunt
441 800 508 831 aut
529 793 696 831 nubunt.

165 847 243 895 30.4
273 846 353 895 Qui
373 854 520 885 vovent
546 846 778 894 castitatem,
802 847 920 885 stulta
949 848 1270 897 praesumptione
1300 856 1338 886 et
1368 849 1505 898 puerili

107 901 326 950 arrogantia
355 908 548 939 tenentur.
609 900 689 950 Qui
718 914 810 952 ergo
839 901 890 939 ab
920 900 974 938 eis
1001 908 1093 939 vota
1115 902 1342 941 huiusmodi
1364 904 1424 941 vel
1447 916 1508 942 ex-

109 954 269 1004 quirunt
288 955 349 993 vel
370 955 502 993 oblata
522 954 725 1006 recipiunt,
750 954 929 994 iniuriam
951 956 1006 993 eis
1028 955 1177 995 faciunt
1197 964 1236 995 et
1256 956 1506 1007 tyrannidem

108 1009 148 1046 in
169 1008 367 1059 simplices
388 1017 581 1048 exercent.

163 1063 243 1112 31.⁵
282 1063 745 1103 Excommunicationem
777 1076 897 1103 nemo
930 1064 1102 1115 privatus
1135 1065 1231 1103 ferre
1263 1071 1403 1114 potest,
1437 1066 1507 1104 sed

108 1116 274 1156 ecclesia
295 1118 334 1155 in
356 1131 434 1168 qua
459 1119 866 1157 excommunicandus
892 1119 1043 1158 habitat
1073 1132 1151 1156 una
1172 1132 1262 1156 cum
1290 1119 1491 1169 episcopo.

164 1184 224 1220 32.
267 1172 399 1210 Nemo
427 1179 557 1222 potest
590 1186 664 1211 nec
695 1172 815 1211 debet
847 1172 1190 1219 excommunicari,
1223 1185 1343 1223 quam
1375 1172 1406 1211 is
1438 1175 1505 1223 qui

109 1225 321 1264 sceleribus
342 1225 421 1264 suis
442 1225 600 1275 publice
626 1227 804 1266 offendit.

163 1292 224 1330 33.
256 1279 425 1318 Ablata⁶
445 1279 587 1320 iniuste
610 1294 692 1319 non
715 1280 883 1330 templis,
916 1279 1172 1328 monasteriis,
1194 1293 1274 1319 non
1300 1280 1506 1319 monachis

107 1340 175 1371 aut
209 1334 490 1381 sacerdotibus,
526 1336 596 1373 sed
629 1334 868 1385 pauperibus
900 1335 1032 1374 danda
1066 1343 1169 1382 sunt,
1206 1334 1237 1373 si
1278 1334 1322 1373 iis
1361 1336 1506 1385 quibus

107 1387 238 1426 ablata
259 1395 348 1426 sunt
369 1388 517 1427 restitui
537 1390 751 1428 commode
774 1402 855 1428 non
876 1395 1053 1439 possunt.

163 1442 243 1491 34⁷
273 1444 452 1481 Potestas
481 1456 601 1493 quam
628 1443 701 1482 sibi
733 1445 840 1493 Papa
869 1450 908 1482 et
939 1442 1128 1494 Episcopi
1155 1442 1379 1493 caeterique
1406 1456 1506 1493 quos

108 1495 326 1545 spirituales
358 1503 510 1544 vocant,
543 1504 736 1547 arrogant,
772 1505 810 1536 et
841 1499 963 1535 fastus
995 1510 1075 1547 quo
1109 1504 1278 1547 turgent,
1307 1511 1353 1536 ex
1387 1497 1505 1536 sacris

108 1548 244 1588 litteris
266 1558 303 1589 et
324 1550 505 1589 doctrina
525 1551 671 1590 Christi
694 1553 986 1590 firmamentum
1008 1565 1090 1590 non
1111 1551 1242 1589 habet.

164 1616 226 1654 35.
259 1605 511 1654 Magistratus
532 1605 714 1655 publicus
736 1606 911 1644 firmatur
931 1605 1052 1643 verbo
1073 1612 1110 1643 et
1132 1606 1235 1643 facto
1256 1604 1416 1644 Christi.

165 1660 225 1707 36.
259 1658 484 1697 Iurisdictio
503 1667 571 1697 aut
601 1659 693 1697 iuris
720 1659 1020 1706 administratio,
1043 1673 1162 1709 quam
1185 1658 1258 1696 sibi
1280 1658 1373 1696 dicti
1396 1659 1505 1707 spiri-

108 1713 232 1750 tuales
260 1720 452 1762 arrogant,
475 1720 558 1751 tota
587 1713 833 1764 magistratus
863 1713 1071 1751 saecularis
1099 1720 1168 1759 est,
1200 1713 1230 1751 si
1263 1713 1384 1750 modo
1415 1711 1505 1750 velit

109 1779 194 1804 esse
222 1765 480 1806 Christianus.

164 1831 225 1869 37.
259 1820 553 1870 Magistratibus
574 1820 742 1871 publicis
764 1834 902 1860 omnes
925 1820 1137 1860 Christiani
1159 1821 1322 1860 obedire
1343 1820 1503 1867 debent,

110 1873 270 1912 nemine
291 1882 469 1925 excepto.

163 1930 225 1978 38.
259 1929 387 1967 Modo
408 1935 544 1967 contra
566 1930 697 1968 Deum
720 1929 772 1967 nil
795 1928 1046 1979 praecipiant.

165 1996 225 2032 39.
258 1983 383 2033 Leges
405 1984 700 2033 magistratuum
727 1984 778 2022 ad
809 1985 980 2033 regulam
1003 1983 1160 2022 divinae
1181 1982 1393 2021 voluntatis
1415 1991 1505 2021 sunt

109 2038 432 2085 conformandae,
464 2045 505 2075 ut
537 2050 746 2088 oppressos
781 2045 819 2076 et
850 2037 928 2075 vim
962 2051 1098 2087 passos
1133 2038 1350 2077 defendant
1383 2045 1420 2075 ct
1454 2037 1505 2074 ab

110 2091 249 2129 iniuria
269 2098 452 2138 asserant,
476 2091 593 2129 ctiam
615 2091 644 2129 si
668 2105 786 2130 nemo
806 2098 1000 2142 queratur.

163 2157 224 2191 40.
257 2145 509 2195 Magistratus
538 2144 620 2184 iure
649 2146 839 2184 duntaxat
869 2147 1051 2184 occidere
1077 2153 1254 2195 possunt,
1285 2152 1404 2194 atque
1437 2157 1505 2182 eos

109 2204 261 2236 tantum
282 2200 350 2248 qui
379 2199 537 2249 publice
566 2200 785 2248 offendunt,
808 2200 928 2250 idque
959 2199 1153 2238 inoffenso
1176 2201 1275 2246 Deo,
1299 2198 1372 2236 nisi
1397 2200 1505 2236 Deus

108 2251 215 2291 aliud
236 2252 460 2303 praecipiat.

155 2391 166 2410 ¹
190 2392 314 2431 Cowls,
330 2393 452 2432 habits,
469 2395 528 2424 &Q
651 2394 663 2409 “”’
689 2393 811 2424 Orders
828 2393 892 2424 and
908 2393 1010 2425 Sects.
1135 2392 1146 2409 ³
1171 2390 1313 2438 Clerieal
1332 2390 1507 2431 Marriage.

154 2435 163 2451 ⁴
191 2435 297 2466 Vows.
476 2436 487 2453 ⁵
512 2436 850 2470 Exeommunication.
1032 2436 1043 2453 ⁰
1069 2436 1241 2476 Ill-gotter]
1259 2444 1344 2475 gam.

154 2477 165 2496 ⁷
190 2478 262 2511 The
278 2479 481 2520 Magistrate.

1233 2548 1249 2561 6
