1715 2780
88 142 168 182 225
566 131 790 175 CAPPEL‚
827 141 1004 179 1529—31
1410 140 1485 176 473

91 257 137 283 ex
167 255 300 282 amore
331 241 390 280 sui
422 242 553 291 lapsus
583 247 652 287 est,
684 238 736 277 ita
765 247 803 277 et
833 250 905 275 nos
940 236 1133 275 labimur:
1169 235 1358 282 conditio,
1395 235 1487 285 quia

91 299 192 336 sicut
220 295 285 334 ille
315 308 448 334 servus
479 301 538 333 est
562 294 687 332 factus
714 300 751 331 et
782 291 897 330 morti
928 289 1136 338 obnoxius,
1160 289 1215 327 sic
1236 298 1273 328 et
1295 302 1368 327 nos
1389 289 1487 327 servi

91 359 130 390 et
168 349 237 389 filii
276 350 354 389 irae
393 348 591 387 nascimur
622 356 660 386 et
692 346 808 386 morti
838 345 1042 384 obnoxii..
1068 375 1105 383 ..
1151 344 1265 382 Istud
1299 343 1487 393 originale

90 412 310 456 peceatum,
341 417 410 455 per
437 401 709 442 conditionem
739 409 777 440 et
806 399 1083 450 contagionem
1112 397 1270 448 agnasci
1301 397 1488 436 omnibus

91 459 159 511 qui
189 472 236 498 ex
260 459 419 498 adfectu
451 456 565 495 maris
595 464 632 495 et
662 454 830 494 feminae
860 455 1083 504 gignuntur,
1116 465 1314 503 agnosco:
1345 458 1383 490 et
1414 464 1488 490 nos

92 526 177 553 esse
215 521 355 552 natura
392 512 494 550 filios
533 510 611 548 irae
651 509 743 556 scio,
776 510 847 548 sed
878 509 1000 558 gratia
1032 520 1134 557 quae
1167 519 1236 556 per
1265 506 1486 544 secundum

92 568 235 615 Adam,
261 565 474 613 Christum,
505 578 640 603 casum
676 563 852 610 restituit,
885 562 985 601 inter
1015 561 1114 600 filios
1145 560 1222 599 Dei
1252 560 1371 610 recipi
1406 573 1487 597 non

91 621 244 661 dubito.
267 652 274 660 .
299 652 305 659 .
331 651 338 659 .

146 675 310 725 Quinto.
370 672 479 712 Hinc
508 680 674 719 constat,
706 672 737 710 si
768 671 806 709 in
837 670 996 710 Christo
1026 669 1204 708 secundo
1234 669 1363 707 Adam
1386 669 1488 706 vitae

92 729 341 776 restituimur,
364 727 703 778 quemadmodum
732 727 771 764 in
799 725 926 776 primo
946 725 1077 763 Adam
1109 736 1244 762 sumus
1275 722 1390 760 morti
1418 731 1489 760 tra-

91 783 174 831 diti,
210 784 320 834 quod
357 790 504 821 temere
552 782 788 819 damnamus
826 778 1060 819 Christianis
1099 776 1327 828 parentibus
1374 784 1488 814 natos

91 850 245 888 pueros,
268 837 349 875 imo
368 835 543 886 gentium
566 847 726 885 quoque
747 847 899 884 pueros.
924 864 931 871 .
955 864 961 870 .
987 863 993 870 .

146 893 275 931 Sexto.
327 890 450 941 Igitur
469 891 519 928 de
540 888 706 928 ecclesia
726 888 780 926 sic
812 887 1013 926 sentimus.
1072 886 1292 924 Ecclesiam
1323 884 1361 922 in
1393 883 1489 922 Scri-

93 945 215 996 pturis
236 945 340 984 varie
369 943 506 995 accipi,
529 956 599 994 pro
622 942 756 982 electis
787 942 869 980 istis
894 941 961 991 qui
984 940 1060 979 Dei
1081 941 1282 978 voluntate
1302 938 1486 977 destinati

93 1008 184 1039 sunt
212 1001 264 1038 ad
289 999 408 1038 vitam
437 1006 650 1037 aeternam.
674 1028 680 1035 .
705 1028 712 1035 .
737 1028 744 1035 .
770 998 882 1034 Haec
904 995 976 1034 soli
999 997 1087 1033 Deo
1108 1002 1166 1033 est
1188 1002 1295 1032 nota.
1319 1024 1324 1030 .
1348 1024 1355 1031 .
1379 1023 1386 1030 .
1410 994 1489 1031 Sed

93 1053 350 1092 nihilominus
371 1052 438 1103 qui
458 1053 574 1090 huius
601 1052 790 1090 ecclesiae
812 1050 990 1089 membra
1017 1058 1116 1096 sunt,
1142 1049 1291 1097 seipsos
1312 1048 1487 1097 quidem,

94 1121 186 1146 cum
216 1109 335 1146 fidem
365 1106 525 1154 habent,
549 1107 694 1144 electos
725 1113 762 1143 et
791 1104 939 1155 primae
966 1103 1081 1141 huius
1102 1102 1291 1141 ecclesiae
1313 1101 1490 1139 membra

95 1175 181 1201 esse
212 1168 368 1209 norunt,
397 1174 531 1199 verum
563 1159 637 1198 alia
668 1173 690 1198 a
722 1173 762 1198 se
802 1158 979 1197 membra
1010 1159 1229 1207 ignorant..
1254 1187 1260 1194 .
1286 1187 1292 1194 .
1317 1154 1491 1194 Sumitur

95 1216 234 1255 iterum
265 1214 429 1255 ecclesia
458 1214 726 1253 universaliter
759 1226 829 1263 pro
857 1212 1042 1251 omnibus
1068 1211 1216 1249 scilicet
1248 1210 1315 1260 qui
1344 1208 1490 1248 Christi

95 1270 258 1309 nomine
288 1277 509 1308 censentur.
533 1300 539 1306 .
565 1298 599 1306 ..
626 1270 688 1306 De
720 1269 793 1305 hac
824 1267 938 1317 igitur
965 1265 1131 1304 ecclesia
1169 1278 1254 1303 esse
1292 1263 1490 1302 credimus

95 1332 293 1375 quotquot
320 1324 489 1362 fatentur
510 1322 656 1362 Christi
686 1335 846 1360 nomen.
868 1353 875 1359 .
904 1351 910 1358 .
935 1351 941 1357 .
963 1319 1127 1370 Capitur
1147 1327 1348 1369 postremo
1370 1319 1491 1356 eccle-

95 1379 151 1417 sia
171 1392 242 1429 pro
262 1377 401 1428 quovis
430 1376 651 1428 particulari
680 1384 795 1414 coetu
826 1375 941 1413 huius
969 1373 1196 1412 universalis
1223 1386 1269 1411 ac
1296 1371 1491 1411 sensibilis

95 1432 295 1479 ecclesiae,
327 1439 369 1470 ut
398 1432 564 1471 ecclesia
599 1433 792 1477 Romana,
827 1432 1069 1479 Augustana,
1112 1426 1429 1477 Lugdunensis..
1455 1456 1460 1462 .
1485 1456 1490 1462 .

98 1488 178 1525 Hic
217 1486 332 1537 igitur
364 1487 483 1524 credo
513 1498 633 1523 unam
668 1497 753 1523 esse
788 1483 994 1522 ecclesiam
1029 1495 1177 1529 eorum,
1212 1480 1278 1531 qui
1318 1481 1490 1519 eundem

97 1541 245 1580 habent
265 1539 462 1592 Spiritum,
486 1539 554 1590 qui
581 1552 649 1578 eos
679 1546 806 1577 certos
833 1537 962 1576 reddit
989 1538 1097 1587 quod
1120 1535 1198 1575 veri
1223 1535 1291 1573 filii
1321 1534 1491 1573 familiae

99 1595 173 1634 Dei
203 1594 292 1642 sint,
323 1601 361 1633 et
390 1595 487 1632 haec
517 1601 575 1632 est
609 1592 861 1632 ecclesiarum
891 1591 1096 1642 primitiae.
1156 1592 1274 1628 Hanc
1305 1590 1424 1627 credo
1452 1589 1490 1626 in

97 1649 258 1688 veritate
289 1661 369 1687 non
401 1661 537 1695 errare,
574 1655 667 1698 puta
706 1648 744 1685 in
783 1647 917 1697 primis
957 1645 1039 1683 istis
1078 1644 1170 1683 fidei
1210 1644 1490 1689 fundamentis,

97 1703 136 1741 in
171 1703 315 1753 quibus
348 1703 467 1741 cardo
496 1710 678 1740 versatur.
740 1701 872 1740 Credo
895 1708 933 1738 et
965 1699 1223 1737 universalem
1263 1696 1489 1735 sensibilem

96 1770 216 1795 unam
237 1769 322 1795 esse
342 1757 437 1795 dum
460 1769 590 1794 veram
611 1756 901 1794 confessionem
924 1753 1048 1799 istam,
1072 1754 1122 1791 de
1143 1764 1221 1801 qua
1241 1751 1318 1789 iam
1340 1750 1490 1789 dictum

97 1819 166 1858 est,
207 1818 329 1850 tenet.
387 1811 519 1849 Credo
563 1809 680 1848 etiam
729 1810 778 1847 de
818 1809 892 1846 hac
936 1806 1101 1845 ecclesia
1140 1818 1224 1844 esse
1263 1804 1492 1855 quicunque

98 1878 246 1904 nomen
266 1863 321 1902 illi
341 1865 437 1902 dant
457 1863 562 1902 iuxta
581 1863 688 1902 verbi
713 1862 787 1901 Dei
815 1861 1095 1912 praescriptum
1117 1868 1154 1899 et
1175 1858 1490 1910 promissionem.

99 1919 232 1959 Credo
258 1918 447 1957 infantem
471 1919 594 1964 Isaac,
619 1917 752 1964 Iacob,
777 1917 931 1962 Iudam,
954 1924 992 1953 et
1022 1927 1160 1953 omnes
1182 1913 1249 1963 qui
1270 1914 1320 1952 de
1341 1912 1492 1951 semine

99 1973 283 2011 Abrahae
311 1979 432 2020 erant,
463 1985 531 2010 eos
563 1984 723 2021 quoque
762 1970 930 2008 infantes
964 1982 1131 2019 quorum
1172 1975 1353 2018 parentes
1393 1966 1493 2004 inter

99 2026 288 2066 ecclesiae
314 2026 526 2076 primordia
555 2025 874 2076 praedicantibus
895 2023 1098 2074 Apostolis
1125 2023 1175 2061 ad
1198 2021 1341 2060 Christi
1364 2028 1492 2071 partes

98 2081 385 2128 concedebant,
396 2081 446 2119 de
460 2081 534 2118 hac
547 2093 632 2118 esse
648 2079 823 2118 ecclesia.
859 2079 963 2116 Nam
982 2079 1093 2116 Isaac
1110 2084 1148 2115 et
1165 2076 1302 2125 reliqui
1316 2083 1490 2113 veterum

99 2135 172 2173 nisi
204 2134 378 2182 fuissent,
405 2147 485 2172 non
525 2133 764 2184 recepissent
796 2132 984 2172 ecclesiae
1004 2140 1202 2170 tesseram.
1261 2129 1364 2169 Cum
1401 2142 1492 2177 ergo

101 2188 162 2227 isti
183 2189 234 2228 de
254 2189 420 2227 ecclesia
440 2188 593 2235 fuerint,
616 2189 773 2226 fuerunt
800 2195 837 2225 et
864 2185 1084 2236 primitivae
1112 2183 1300 2223 ecclesiae
1322 2183 1490 2220 infantes

99 2256 145 2281 ac
192 2242 352 2293 parvuli.
411 2242 608 2291 Quocirca
646 2243 766 2280 credo
805 2248 842 2279 et
882 2239 963 2278 scio
1011 2238 1197 2289 baptismi
1246 2244 1492 2274 sacramento

99 2296 281 2346 signatos.
303 2326 309 2334 .
337 2326 342 2332 .
368 2327 374 2333 .
403 2298 504 2334 Vere
525 2296 639 2345 igitur
660 2294 877 2346 baptismus
904 2293 1067 2343 perinde
1087 2306 1132 2330 ac
1154 2290 1400 2330 circumcisio
1423 2320 1429 2327 .
1455 2320 1461 2327 .
1488 2320 1493 2327 .

100 2349 197 2388 nihil
231 2363 349 2400 quam
388 2351 553 2388 alterurn
585 2349 745 2388 istorum
782 2356 849 2387 aut
881 2348 1171 2386 confessionem
1208 2344 1288 2382 sive
1320 2343 1491 2381 nominis

99 2403 301 2442 dationem
321 2412 388 2442 aut
409 2405 548 2442 foedus
568 2403 648 2442 sive
669 2402 969 2453 promissionem
990 2401 1160 2450 requirit.
1186 2429 1192 2436 .
1215 2429 1221 2436 .
1245 2429 1251 2436 .

155 2458 342 2507 Septimo,
387 2458 519 2496 Credo
546 2457 626 2496 imo
656 2458 738 2496 scio
765 2456 899 2495 omnia
925 2462 1169 2494 sacramenta
1191 2462 1268 2491 tam
1291 2452 1429 2490 abesse
1451 2459 1492 2489 ut

99 2511 261 2561 gratiam
292 2512 492 2550 conferant
522 2519 564 2549 ut
598 2524 648 2550 ne
677 2511 853 2549 adferant
875 2509 1036 2559 quidem
1067 2515 1131 2546 aut
1160 2508 1400 2556 dispensent.
1424 2535 1429 2541 .
1455 2536 1460 2542 .
1486 2537 1492 2543 .
