1715 2780
125 117 188 155 115
386 106 507 145 THE
537 105 675 144 DIET
705 106 779 144 OF
807 104 1131 151 AUGSBURG,
1168 114 1268 154 1530
1449 114 1523 152 259

125 210 371 260 maioresque
387 209 486 248 vires
507 222 672 256 sumere,
695 220 769 247 nec
789 214 869 246 tam
889 206 1144 257 diligentibus
1158 205 1523 252 deliberationibus,

126 263 287 304 maturis
315 262 489 302 consiliis
519 270 557 302 et
577 261 690 302 variis
719 260 943 300 actionibus
973 261 1051 299 huc
1081 273 1208 310 usque
1233 261 1417 299 effectum
1439 273 1525 299 esse

126 319 349 369 quicquam,
381 330 423 356 se
452 316 704 364 existimasse,
735 317 786 355 ad
816 314 1031 365 legitimam
1066 327 1208 353 causae
1241 314 1523 364 cognitionem,

126 371 332 412 dissidium
371 372 593 410 tollendum
632 378 671 409 et
708 369 862 408 animos
901 368 1227 415 reconciliandos,
1269 381 1379 406 suam
1419 382 1527 418 prae-

126 425 292 465 sentiam
312 427 481 464 multum
501 426 724 464 habituram
746 423 951 462 momenti.
1010 422 1134 473 Igitur
1153 436 1224 472 pro
1245 428 1407 461 naturae
1432 435 1526 460 suae

126 479 303 520 bonitate
337 486 375 518 et
408 479 543 518 innata
574 479 889 524 mansuetudine,
924 478 1001 516 boc
1038 476 1229 527 quicquid
1264 477 1312 515 sit
1351 477 1526 514 futurum

126 533 254 574 oneris
283 540 323 572 et
352 533 556 573 molestiae
586 533 816 583 suscepisse,
839 545 884 570 ac
914 539 994 570 tam
1015 532 1178 581 longum
1200 537 1238 569 et
1259 530 1525 580 periculosum

125 588 197 627 iter
225 600 431 627 emensum
462 600 561 635 esse,
580 594 623 626 ut
653 587 759 625 iuxta
786 586 933 624 litteras
964 584 1192 624 indictionis
1214 598 1334 634 quam
1355 584 1526 635 primum

127 643 178 681 de
210 641 264 681 rei
303 655 458 680 summa
495 648 764 691 cognosceret,
799 640 906 679 bona
944 652 1014 689 spe
1053 646 1260 689 concepta,
1292 640 1369 677 hoc
1410 652 1525 676 suum

126 695 333 735 consilium
363 695 560 746 plerisque
590 695 799 746 probatum
831 694 887 740 iri,
911 701 948 732 et
968 694 1020 732 ad
1040 692 1296 732 concordiam
1323 692 1527 731 Ecclesiae

128 757 166 789 et
196 750 456 799 Reipublicae
483 751 693 788 salutarem
722 761 768 787 ac
789 747 925 786 utilem
947 760 1086 798 pacem
1107 760 1246 786 omnes
1266 747 1527 797 pellecturum

128 811 166 843 et
194 803 447 842 invitaturum
468 816 567 852 esse,
588 810 630 841 ut
650 804 726 841 hoc
747 802 899 840 facilius
920 815 980 841 res
1002 801 1086 851 ipsa
1106 800 1293 851 cognosci
1315 808 1353 839 et
1374 802 1529 850 agenda

128 857 272 908 suscipi
310 859 445 908 possit,
481 857 603 896 animi
638 856 814 896 distracti
852 869 983 894 rursus
1023 856 1249 894 coalescant
1288 862 1326 893 et
1365 854 1529 904 pristina

127 910 275 962 ubique
303 913 481 950 locorum
511 911 734 950 restituatur
762 923 837 961 pax
866 917 985 960 atque
1015 910 1240 956 concordia,
1273 922 1318 947 ac
1353 908 1528 957 denique

127 965 239 1005 Caes.
273 966 428 1004 Maiest.
460 966 654 1004 iuvandae
686 963 949 1014 Reipublicae
988 971 1026 1002 et
1064 963 1343 1014 propagandae
1381 962 1528 1012 gloriae

129 1021 205 1058 Dei
238 1018 475 1067 avidissima,
509 1019 550 1057 in
582 1019 690 1058 bono
721 1018 1022 1068 necessarioque
1061 1016 1266 1067 proposito
1301 1023 1528 1055 constanter

126 1086 286 1123 pergere
324 1080 362 1112 et
401 1072 568 1113 fideliter
615 1085 862 1123 perseverare
901 1078 1030 1122 queat,
1072 1072 1306 1121 possintque
1345 1072 1396 1109 de
1442 1071 1528 1108 aliis

128 1126 246 1166 etiarn
285 1127 412 1174 rebus,
454 1126 640 1166 omnibus
676 1134 714 1165 et
753 1125 914 1176 singulis
958 1124 1182 1176 profuturis,
1223 1124 1339 1163 utiles
1378 1124 1528 1162 institui

128 1180 443 1221 deliberationes.

180 1235 258 1273 His
278 1235 395 1274 rebus
415 1233 599 1274 omnibus
627 1233 896 1280 consideratis,
919 1234 964 1273 C.
988 1234 1045 1271 Μ.
1069 1232 1189 1271 totius
1214 1231 1362 1282 negotii
1387 1231 1526 1270 seriam

127 1288 324 1339 suscipere
353 1288 626 1328 tractationem
657 1296 695 1327 et
724 1289 922 1327 actionem
953 1287 1183 1334 decrevisse,
1207 1294 1249 1325 ut
1271 1300 1352 1325 non
1373 1294 1527 1324 tantum

127 1344 178 1382 de
206 1342 434 1394 perniciosis
463 1356 509 1381 ac
538 1343 763 1382 crudelibus
784 1344 1002 1380 Turcarum
1023 1341 1063 1379 in
1085 1340 1328 1381 Christianas
1348 1339 1528 1390 regiones

129 1396 408 1447 irruptionibus
455 1396 689 1445 avertendis,
730 1395 967 1447 frangendis,
1013 1394 1269 1435 debilitandis
1316 1401 1355 1434 et
1403 1395 1528 1432 immi-

129 1451 297 1490 nuendis
335 1450 458 1490 hostis
498 1452 771 1490 immanissimi
802 1450 962 1498 viribus,
990 1463 1037 1488 ac
1067 1448 1332 1499 impediendis
1363 1448 1528 1487 versutis

127 1504 323 1544 consiliis:
365 1518 500 1544 verum
540 1505 657 1544 etiam
697 1506 748 1544 de
787 1503 1018 1544 dirimendis
1068 1504 1271 1542 Ecclesiae
1309 1502 1528 1541 contentio-

128 1557 243 1598 nibus
262 1572 308 1598 ac
328 1559 530 1610 sopiendis
550 1558 815 1609 tollendisque
835 1558 1006 1598 dissidiis
1027 1565 1214 1608 ageretur.
1258 1558 1383 1607 Igitur
1403 1558 1449 1596 C.
1470 1558 1528 1594 M.

127 1620 313 1662 amanter,
332 1615 546 1653 clementer
558 1620 597 1653 et
610 1614 712 1652 serio
728 1620 861 1663 petere
876 1613 1079 1651 Electores
1097 1611 1300 1661 Principes
1321 1624 1367 1649 ac
1388 1623 1527 1649 omnes

130 1667 288 1717 Imperii
317 1669 449 1707 Status
478 1675 521 1706 ut
550 1667 647 1717 quid
667 1669 741 1705 hac
762 1668 813 1706 de
834 1680 873 1705 re
895 1667 1086 1716 cuiusque
1106 1665 1228 1704 animi
1249 1672 1288 1704 et
1309 1663 1527 1703 sententiae

129 1719 188 1768 sit,
227 1721 350 1760 latino
388 1728 426 1760 et
459 1720 685 1771 germanico
720 1720 865 1771 scripto
897 1721 1241 1770 comprehensum,
1275 1718 1314 1756 in
1352 1719 1525 1756 medium

128 1782 361 1824 proponant,
392 1788 483 1825 quo,
516 1775 621 1813 iuxta
658 1774 805 1812 litteras
845 1773 1083 1820 indictionis,
1115 1786 1163 1812 eo
1202 1773 1454 1811 commodius
1489 1780 1528 1809 ct

128 1828 290 1867 celerius
310 1841 370 1868 res
391 1828 476 1879 ipsa
496 1828 659 1879 intelligi
680 1827 914 1878 definirique
935 1827 1069 1878 possit.
1091 1857 1099 1867 .
1125 1857 1131 1865 .
1153 1856 1161 1865 .

128 1935 219 1984 No.
251 1938 339 1981 116.
412 1937 522 1981 The
554 1936 860 1981 Confession
901 1935 959 1980 of
983 1937 1272 1990 Augsburg‚
1306 1946 1362 1989 25
1392 1935 1526 1988 June

790 2006 919 2048 1530.

368 2076 611 2113 PRAEFATIO
641 2087 696 2113 AD
726 2075 958 2115 CAESAREM
989 2075 1202 2114 CAROLUM
1232 2074 1280 2111 V.

182 2138 443 2178 Invictissime
474 2141 703 2190 Imperator,
727 2139 872 2179 Caesar
893 2140 1082 2189 Auguste,
1107 2139 1281 2177 Domine
1308 2136 1528 2176 clementis-

129 2191 235 2231 sime.
294 2194 429 2242 Quum
458 2195 599 2232 Vestra
628 2195 821 2233 Caesarea
851 2193 1039 2232 Maiestas
1074 2192 1255 2231 indixerit
1285 2199 1525 2230 conventum

129 2243 278 2295 imperii
306 2249 518 2297 Augustae,
550 2255 592 2286 ut
621 2247 859 2286 deliberetur
896 2248 947 2286 de
976 2246 1127 2284 auxiliis
1165 2253 1302 2284 contra
1339 2247 1523 2291 Turcam,

127 2299 423 2348 atrocissimum,
454 2301 732 2340 hereditarium
761 2308 881 2351 atque
909 2308 1080 2340 veterem
1111 2298 1321 2340 Christiani
1354 2297 1526 2336 nominis

127 2363 173 2389 ac
201 2353 395 2404 religionis
415 2355 580 2402 hostem,
604 2356 808 2405 quomodo
830 2354 931 2393 illius
952 2354 1100 2393 scilicet
1120 2353 1238 2392 furori
1258 2360 1295 2391 et
1316 2351 1525 2390 conatibus

129 2405 293 2445 durabili
322 2414 359 2446 et
388 2416 579 2459 perpetuo
607 2408 700 2447 belli
728 2415 917 2459 apparatu
947 2407 1071 2447 resisti
1110 2407 1259 2457 possit:
1302 2405 1448 2445 deinde
1487 2411 1525 2442 et

127 2457 179 2497 de
197 2459 508 2501 dissensionibus
529 2463 568 2501 in
582 2475 700 2501 causa
712 2470 869 2502 nostrae
883 2469 1041 2501 sanctae
1061 2459 1258 2511 religionis
1280 2466 1318 2498 et
1339 2457 1523 2499 Christia-

788 2526 806 2553 s
831 2528 848 2552 2
