1715 2780
209 93 285 130 320
609 83 728 120 THE
769 82 1093 122 EXTENSION
1132 82 1204 122 oF
1529 94 1603 133 129

208 178 389 228 praelatis
419 186 710 229 proponerent:
742 192 903 218 necesse
931 192 1026 227 esse,
1050 187 1093 217 ut
1122 180 1441 219 reformationem
1462 182 1601 220 admit-

209 240 333 271 terent
350 248 359 280 3
393 246 483 271 nam
506 234 596 272 licet
610 233 698 271 laici
718 234 769 272 ab
797 233 905 272 omni
933 240 1041 283 parte
1062 247 1142 271 non
1164 241 1339 273 carerent
1366 234 1598 282 defectibus,

207 286 395 337 plurimos
435 295 568 326 tamen
611 288 649 325 in
689 289 793 326 clero
832 287 1000 337 reperiri.
1060 289 1117 326 Ut
1154 301 1246 326 vero
1292 289 1423 327 statim
1461 301 1600 327 norma

205 341 372 389 adesset,
402 343 621 381 secundum
653 354 772 392 quam
800 342 967 380 finaliter
993 340 1127 380 omnia
1152 341 1265 392 dirigi
1291 349 1464 392 possent,
1486 344 1600 393 profi-

207 395 372 434 tendum
403 409 488 434 esse
517 410 540 433 a
569 395 687 443 laicis,
720 409 762 434 se
784 395 1026 434 admissuros
1053 409 1139 434 esse
1168 408 1269 446 quae
1299 395 1338 434 in
1368 396 1600 446 Apostolica

207 449 385 487 Ecclesia
425 457 462 488 et
501 457 679 499 tempore
717 456 885 500 quatuor
924 450 1285 489 Oecumenicorum
1325 449 1596 490 Conciliorum

205 502 391 552 priorum,
422 503 515 542 item
549 504 600 542 ab
634 510 736 550 octo,
768 517 912 542 novem
937 504 998 542 vel
1027 504 1167 542 decem
1198 503 1363 542 saeculis
1393 503 1599 543 observata

206 557 381 603 fuissent,
403 557 560 596 abolitis
582 571 684 607 quae
704 565 793 608 post
820 558 884 595 illa
910 565 1089 617 tempora
1115 557 1341 596 introducta
1360 565 1502 597 essent.

206 610 433 649 Constituta
460 612 533 649 hac
560 624 710 659 norma,
726 610 939 650 concilium
960 611 1246 650 sincerum..
1270 589 1532 662 urgendum·
1511 625 1597 651 esse

205 664 344 713 quod
336 678 375 702 m
398 665 611 704 Germania
632 642 835 712 habeatur,
850 665 1046 716 simulque
1059 641 1292 714 deligendos
1313 665 1399 716 pios
1415 665 1541 705 viros.

204 717 272 767 qui
293 719 515 757 conferrent
537 750 543 757 .
568 750 575 758 .
600 749 606 757 .
631 732 732 769 quae
753 719 949 758 sententia
970 721 1020 758 de
1044 719 1229 758 omnibus
1249 719 1421 758 articulis
1443 726 1597 759 contro-

204 772 322 811 versis
343 772 410 811 illo
438 781 615 823 tempore
636 773 676 811 in
705 773 884 812 Ecclesia
910 773 1105 823 viguisset.
1166 775 1255 812 Hos
1281 774 1596 823 deprehensuros

203 839 288 864 esse
322 827 419 876 quid
457 828 711 866 statuendum
750 827 798 866 sit
837 829 887 866 de
921 827 1203 866 communione
1234 827 1308 866 sub
1348 835 1522 878 utraque,
1545 829 1596 867 de

203 880 388 930 coniugio
422 882 683 929 sacerdotum,
725 889 763 920 et
801 882 852 920 de
890 880 1079 920 abusibus
1113 880 1278 920 missae:
1320 894 1449 931 neque
1488 883 1593 921 enim

202 933 372 972 dubitari
402 948 519 985 posse
548 936 644 985 quin
675 943 852 985 tempore
880 942 1048 985 quatuor
1079 935 1350 974 Conciliorum
1380 948 1527 975 errores
1558 943 1595 975 et

203 987 349 1026 abusus
370 988 543 1038 indagati
565 996 602 1027 et
622 989 798 1039 abrogati
819 989 972 1028 fuerint.
996 1020 1002 1027 .
1029 1020 1035 1027 .
1059 1020 1066 1027 .

272 1102 360 1147 No.
383 1115 478 1157 130.
542 1103 750 1148 Reform
780 1104 830 1146 in
862 1104 1114 1147 Electoral
1144 1104 1524 1157 Brandenburg‚

722 1163 782 1205 26
815 1162 922 1206 Oct.
953 1173 1078 1216 1539.

255 1260 313 1312 (a)
342 1261 616 1300 Melanclztlzon
630 1263 956 1313 losustussouas.
1007 1275 1054 1308 14
1072 1262 1166 1310 May
1184 1261 1400 1311 1538.—In
1415 1261 1594 1300 Marchia

201 1315 304 1365 piam
332 1315 552 1354 doctrinam
577 1323 614 1353 et
639 1317 808 1365 populus
836 1314 998 1353 mirifice
1023 1314 1102 1353 sitit
1129 1322 1167 1353 et
1196 1316 1342 1365 expetit
1370 1315 1474 1353 bona
1503 1328 1591 1364 pars

200 1369 415 1408 nobilitatis
431 1377 469 1408 et
485 1369 625 1419 probat
644 1369 840 1419 Princeps,
857 1369 923 1418 qui
940 1368 1101 1418 quidem
1119 1382 1200 1407 non
1216 1368 1410 1408 inerudite
1430 1368 1587 1407 iudicat.

201 1425 260 1461 Ac
281 1436 389 1473 spem
412 1422 502 1461 fecit
524 1424 672 1472 populo
699 1435 740 1461 se
765 1423 1065 1461 emendaturum
1091 1435 1176 1461 esse
1203 1422 1398 1461 ecclesias.
1459 1424 1591 1473 Repu-

199 1484 321 1526 gnant
345 1484 477 1516 autem
499 1476 716 1523 sacrificuli,
736 1490 904 1526 quorum
926 1476 1045 1514 habet
1073 1489 1255 1526 magnam
1281 1475 1587 1515 multitudinem.

201 1532 286 1569 Nec
307 1544 473 1580 usquam
495 1530 574 1568 vidi
596 1530 816 1568 stolidiores
836 1538 903 1568 aut
922 1529 1085 1579 peiores.
1110 1560 1117 1567 .
1140 1559 1147 1567 .
1171 1559 1178 1567 .

253 1585 308 1635 (b)
343 1585 419 1622 lee
430 1586 586 1622 Elector
604 1589 639 1622 to
660 1585 891 1633 Szssgl'smzmfi
910 1583 1247 1633 Kz'ngofPOland.
1306 1584 1394 1622 Oct.
1421 1595 1464 1633 15
1471 1597 1588 1633 39.—

199 1637 455 1677 Serenissime
493 1646 612 1688 atque
646 1637 789 1688 inclyte
830 1639 926 1685 Rex,
975 1645 1012 1676 et
1054 1637 1252 1676 carissime
1294 1644 1413 1687 pater.
1483 1639 1586 1676 Cum

199 1691 337 1730 scirem
370 1691 536 1742 Regiam
561 1691 792 1742 dignitatem
823 1699 990 1730 vestram
1022 1699 1063 1729 ut
1093 1690 1255 1730 caeteris
1281 1690 1448 1730 heroicis
1472 1690 1586 1729 virtu-

197 1745 301 1784 tibus
340 1745 525 1784 omnibus
564 1745 616 1784 ita
648 1753 686 1784 et
720 1759 853 1784 amore
888 1744 1135 1785 Christianae
1159 1744 1314 1795 pietatis
1337 1758 1383 1783 ac
1416 1744 1586 1783 veritatis

198 1801 411 1838 excellere:
443 1812 524 1837 non
537 1799 714 1838 dubitavi
735 1801 785 1838 ad
810 1812 897 1838 eam
925 1800 975 1838 de
1000 1811 1087 1838 mea
1111 1800 1313 1838 voluntate
1333 1798 1502 1837 scribere
1522 1812 1586 1837 me

197 1853 262 1902 pio
292 1853 457 1891 consilio
487 1861 524 1891 et
554 1867 600 1891 ea
629 1853 900 1892 moderatione
929 1866 1030 1902 quae
1064 1852 1331 1892 Christianum
1362 1851 1583 1902 Principem

197 1908 323 1954 decet,
363 1907 402 1944 in
446 1906 620 1945 ecclesiis
666 1920 776 1946 meae
817 1906 978 1946 ditionis
1017 1907 1213 1956 quaedam
1248 1905 1455 1944 manifesta
1492 1905 1584 1944 vitia

195 1968 459 1998 correcturum
485 1973 580 1999 esse.
639 1962 729 2009 Qua
753 1960 793 1998 in
813 1974 852 1999 re
879 1973 958 1999 non
979 1959 1115 2010 populi
1141 1959 1345 1998 affectibus
1361 1966 1428 1998 aut
1446 1958 1583 1998 alienis

196 2013 383 2064 exemplis
414 2027 572 2052 moveor
587 2028 597 2061 3
635 2016 704 2053 sed
734 2014 914 2053 existimo
940 2015 991 2053 ad
1018 2027 1153 2052 eorum
1180 2013 1353 2051 officium
1375 2012 1580 2062 pertinere,

195 2067 261 2116 qui
282 2075 477 2117 praesunt,
499 2067 690 2117 inspicere
711 2068 928 2114 ecclesiam,
951 2066 1176 2118 praesertim
1197 2066 1263 2104 tali
1288 2074 1464 2116 tempore
1491 2080 1580 2104 cum

195 2120 506 2159 dissensionibus
527 2121 644 2159 motis
666 2121 823 2171 praefici
854 2121 1017 2160 idoneos
1043 2121 1224 2159 doctores
1245 2132 1406 2158 necesse
1427 2127 1508 2158 est:
1543 2128 1581 2158 et

194 2174 290 2213 ratio
311 2174 485 2213 ineunda
500 2182 557 2213 est
573 2182 615 2212 ut
631 2175 729 2213 veris
746 2174 874 2213 modis
887 2175 1072 2212 autoritas
1089 2173 1285 2224 religionis
1299 2181 1336 2212 et
1350 2172 1580 2223 disciplinae

193 2228 414 2266 retineatur.
474 2230 611 2277 anue
649 2227 918 2266 moderatione
957 2226 1012 2265 uti
1050 2226 1205 2266 decrevi
1243 2234 1285 2265 ut
1327 2240 1408 2265 non
1452 2227 1578 2265 solum

193 2281 289 2319 nihil
310 2290 447 2320 contra
467 2280 713 2321 Catholicam
737 2280 937 2320 Ecclesiae
957 2280 1103 2320 Christi
1124 2279 1358 2319 sententiam
1379 2279 1576 2330 recipiam,

193 2349 215 2373 a
235 2349 313 2385 qua
333 2337 439 2374 nulla
459 2348 633 2384 unquam
647 2334 703 2373 vis
725 2348 787 2373 me
807 2335 957 2381 avellet,
974 2335 1042 2373 sed
1064 2335 1180 2372 etiam
1201 2347 1252 2373 ne
1268 2333 1362 2383 quid
1382 2332 1577 2372 autoritati

194 2389 479 2439 Episcoporum
500 2389 714 2427 detraham.
