<?xml version="1.0" encoding="UTF-8"?>
<!DOCTYPE html PUBLIC "-//W3C//DTD XHTML 1.0 Transitional//EN"
    "http://www.w3.org/TR/xhtml1/DTD/xhtml1-transitional.dtd">
<html xmlns="http://www.w3.org/1999/xhtml" xml:lang="en" lang="en">
 <head>
  <title>
</title>
<meta http-equiv="Content-Type" content="text/html;charset=utf-8" />
  <meta name='ocr-system' content='tesseract 3.04.00' />
  <meta name='ocr-capabilities' content='ocr_page ocr_carea ocr_par ocr_line ocrx_word'/>
</head>
<body>
  <div class='ocr_page' id='page_1' title='image "./docreform00kidd_0346.png"; bbox 0 0 1715 2780; ppageno 0'>
   <div class='ocr_carea' id='block_1_1' title="bbox 195 74 1589 134">
    <p class='ocr_par' dir='ltr' id='par_1_1' title="bbox 195 74 1589 134">
     <span class='ocr_line' id='line_1_1' title="bbox 195 74 1589 134; baseline -0.007 -12"><span class='ocrx_word' id='word_1_1' title='bbox 195 85 271 134; x_wconf 88' lang='lat'>318</span> <span class='ocrx_word' id='word_1_2' title='bbox 597 81 716 119; x_wconf 88' lang='lat' dir='ltr'>THE</span> <span class='ocrx_word' id='word_1_3' title='bbox 756 78 1080 118; x_wconf 83' lang='lat' dir='ltr'>EXTENSION</span> <span class='ocrx_word' id='word_1_4' title='bbox 1121 76 1192 115; x_wconf 83' lang='lat' dir='ltr'>oF</span> <span class='ocrx_word' id='word_1_5' title='bbox 1513 74 1589 112; x_wconf 87' lang='lat'>126</span> 
     </span>
    </p>
   </div>
   <div class='ocr_carea' id='block_1_2' title="bbox 195 178 1590 881">
    <p class='ocr_par' dir='ltr' id='par_1_2' title="bbox 195 178 1590 389">
     <span class='ocr_line' id='line_1_2' title="bbox 195 178 1587 234; baseline -0.007 -8"><span class='ocrx_word' id='word_1_6' title='bbox 195 187 388 233; x_wconf 78' lang='lat' dir='ltr'><strong>restituas,</strong></span> <span class='ocrx_word' id='word_1_7' title='bbox 410 185 450 224; x_wconf 88' lang='lat' dir='ltr'>in</span> <span class='ocrx_word' id='word_1_8' title='bbox 471 185 656 224; x_wconf 84' lang='lat' dir='ltr'>cordibus</span> <span class='ocrx_word' id='word_1_9' title='bbox 679 190 717 223; x_wconf 89' lang='lat' dir='ltr'>et</span> <span class='ocrx_word' id='word_1_10' title='bbox 738 183 777 222; x_wconf 89' lang='lat' dir='ltr'>in</span> <span class='ocrx_word' id='word_1_11' title='bbox 798 182 983 234; x_wconf 82' lang='lat' dir='ltr'>operibus</span> <span class='ocrx_word' id='word_1_12' title='bbox 1005 179 1158 227; x_wconf 90' lang='lat' dir='ltr'>nostris,</span> <span class='ocrx_word' id='word_1_13' title='bbox 1177 178 1441 230; x_wconf 84' lang='lat' dir='ltr'>aegritudines</span> <span class='ocrx_word' id='word_1_14' title='bbox 1461 191 1587 225; x_wconf 86' lang='lat' dir='ltr'>sanes,</span> 
     </span>
     <span class='ocr_line' id='line_1_3' title="bbox 196 231 1586 284; baseline -0.009 -3"><span class='ocrx_word' id='word_1_15' title='bbox 196 256 289 282; x_wconf 74' lang='lat' dir='ltr'>oves</span> <span class='ocrx_word' id='word_1_16' title='bbox 311 240 455 281; x_wconf 85' lang='lat' dir='ltr'>Christi</span> <span class='ocrx_word' id='word_1_17' title='bbox 484 239 523 277; x_wconf 88' lang='lat' dir='ltr'>in</span> <span class='ocrx_word' id='word_1_18' title='bbox 552 252 674 277; x_wconf 89' lang='lat' dir='ltr'>unum</span> <span class='ocrx_word' id='word_1_19' title='bbox 699 237 802 277; x_wconf 80' lang='lat' dir='ltr'>ovile</span> <span class='ocrx_word' id='word_1_20' title='bbox 825 237 1001 281; x_wconf 85' lang='lat' dir='ltr'>reducaS,</span> <span class='ocrx_word' id='word_1_21' title='bbox 1024 247 1288 284; x_wconf 87' lang='lat' dir='ltr'>amoveasque</span> <span class='ocrx_word' id='word_1_22' title='bbox 1308 246 1331 272; x_wconf 89' lang='lat' dir='ltr'>a</span> <span class='ocrx_word' id='word_1_23' title='bbox 1356 231 1472 272; x_wconf 89' lang='lat' dir='ltr'>nobis</span> <span class='ocrx_word' id='word_1_24' title='bbox 1492 232 1586 270; x_wconf 89' lang='lat' dir='ltr'>iram</span> 
     </span>
     <span class='ocr_line' id='line_1_4' title="bbox 198 285 1590 342; baseline -0.007 -8"><span class='ocrx_word' id='word_1_25' title='bbox 198 296 273 335; x_wconf 89' lang='lat' dir='ltr'>Dei</span> <span class='ocrx_word' id='word_1_26' title='bbox 295 304 332 334; x_wconf 89' lang='lat' dir='ltr'>et</span> <span class='ocrx_word' id='word_1_27' title='bbox 356 294 546 333; x_wconf 88' lang='lat' dir='ltr'>ultionem</span> <span class='ocrx_word' id='word_1_28' title='bbox 572 306 658 332; x_wconf 87' lang='lat' dir='ltr'>eam</span> <span class='ocrx_word' id='word_1_29' title='bbox 683 305 802 342; x_wconf 88' lang='lat' dir='ltr'>quam</span> <span class='ocrx_word' id='word_1_30' title='bbox 828 302 1022 329; x_wconf 89' lang='lat' dir='ltr'>meremur</span> <span class='ocrx_word' id='word_1_31' title='bbox 1048 288 1125 326; x_wconf 88' lang='lat' dir='ltr'>iam</span> <span class='ocrx_word' id='word_1_32' title='bbox 1153 295 1340 338; x_wconf 84' lang='lat' dir='ltr'>paratam,</span> <span class='ocrx_word' id='word_1_33' title='bbox 1370 286 1447 326; x_wconf 85' lang='lat' dir='ltr'>iam</span> <span class='ocrx_word' id='word_1_34' title='bbox 1473 285 1590 326; x_wconf 89' lang='lat' dir='ltr'>cervi-</span> 
     </span>
     <span class='ocr_line' id='line_1_5' title="bbox 197 347 777 389; baseline -0.01 0"><span class='ocrx_word' id='word_1_35' title='bbox 197 350 309 389; x_wconf 89' lang='lat' dir='ltr'>cibus</span> <span class='ocrx_word' id='word_1_36' title='bbox 329 348 472 388; x_wconf 87' lang='lat' dir='ltr'>nostris</span> <span class='ocrx_word' id='word_1_37' title='bbox 492 347 777 386; x_wconf 86' lang='lat' dir='ltr'>imminentem.</span> 
     </span>
    </p>

    <p class='ocr_par' dir='ltr' id='par_1_3' title="bbox 415 401 993 452">
     <span class='ocr_line' id='line_1_6' title="bbox 415 401 993 452; baseline -0.01 -11"><span class='ocrx_word' id='word_1_38' title='bbox 415 403 566 452; x_wconf 86' lang='lat' dir='ltr'>Gaspar</span> <span class='ocrx_word' id='word_1_39' title='bbox 595 401 700 439; x_wconf 84' lang='lat' dir='ltr'>card.</span> <span class='ocrx_word' id='word_1_40' title='bbox 733 402 993 440; x_wconf 90' lang='lat' dir='ltr'>Contarenus.</span> 
     </span>
    </p>

    <p class='ocr_par' dir='ltr' id='par_1_4' title="bbox 416 450 1152 495">
     <span class='ocr_line' id='line_1_7' title="bbox 416 450 1152 495; baseline -0.01 0"><span class='ocrx_word' id='word_1_41' title='bbox 416 458 587 495; x_wconf 86' lang='lat' dir='ltr'>Ioannes</span> <span class='ocrx_word' id='word_1_42' title='bbox 618 457 756 493; x_wconf 89' lang='lat' dir='ltr'>Petrus</span> <span class='ocrx_word' id='word_1_43' title='bbox 786 454 891 492; x_wconf 87' lang='lat' dir='ltr'>card.</span> <span class='ocrx_word' id='word_1_44' title='bbox 922 450 1152 490; x_wconf 84' lang='lat' dir='ltr'>Theatinus.</span> 
     </span>
    </p>

    <p class='ocr_par' dir='ltr' id='par_1_5' title="bbox 417 508 971 549">
     <span class='ocr_line' id='line_1_8' title="bbox 417 508 971 549; baseline -0.011 0"><span class='ocrx_word' id='word_1_45' title='bbox 417 510 587 549; x_wconf 90' lang='lat' dir='ltr'>Iacobus</span> <span class='ocrx_word' id='word_1_46' title='bbox 615 509 720 547; x_wconf 89' lang='lat' dir='ltr'>card.</span> <span class='ocrx_word' id='word_1_47' title='bbox 753 508 971 546; x_wconf 86' lang='lat' dir='ltr'>Sadoletus.</span> 
     </span>
    </p>

    <p class='ocr_par' dir='ltr' id='par_1_6' title="bbox 417 559 1027 614">
     <span class='ocr_line' id='line_1_9' title="bbox 417 559 1027 614; baseline -0.01 -12"><span class='ocrx_word' id='word_1_48' title='bbox 417 564 661 614; x_wconf 86' lang='lat' dir='ltr'>Reginaldus</span> <span class='ocrx_word' id='word_1_49' title='bbox 690 563 794 601; x_wconf 90' lang='lat' dir='ltr'>card.</span> <span class='ocrx_word' id='word_1_50' title='bbox 826 559 1027 610; x_wconf 87' lang='lat' dir='ltr'>Anglicus.</span> 
     </span>
    </p>

    <p class='ocr_par' dir='ltr' id='par_1_7' title="bbox 418 613 1088 657">
     <span class='ocr_line' id='line_1_10' title="bbox 418 613 1088 657; baseline -0.009 -1"><span class='ocrx_word' id='word_1_51' title='bbox 418 617 647 657; x_wconf 85' lang='lat' dir='ltr'>Fredericus</span> <span class='ocrx_word' id='word_1_52' title='bbox 676 617 780 655; x_wconf 85' lang='lat' dir='ltr'>arch.</span> <span class='ocrx_word' id='word_1_53' title='bbox 812 613 1088 654; x_wconf 88' lang='lat' dir='ltr'>Salernitanus.</span> 
     </span>
    </p>

    <p class='ocr_par' dir='ltr' id='par_1_8' title="bbox 418 666 1143 721">
     <span class='ocr_line' id='line_1_11' title="bbox 418 666 1143 721; baseline -0.01 -11"><span class='ocrx_word' id='word_1_54' title='bbox 418 672 689 721; x_wconf 84' lang='lat' dir='ltr'>Hieronymus</span> <span class='ocrx_word' id='word_1_55' title='bbox 718 671 821 708; x_wconf 85' lang='lat' dir='ltr'>arch.</span> <span class='ocrx_word' id='word_1_56' title='bbox 856 666 1143 707; x_wconf 88' lang='lat' dir='ltr'>Brundusinus.</span> 
     </span>
    </p>

    <p class='ocr_par' dir='ltr' id='par_1_9' title="bbox 420 717 1367 773">
     <span class='ocr_line' id='line_1_12' title="bbox 420 717 1367 773; baseline -0.01 -8"><span class='ocrx_word' id='word_1_57' title='bbox 420 728 591 765; x_wconf 89' lang='lat' dir='ltr'>Ioannes</span> <span class='ocrx_word' id='word_1_58' title='bbox 622 726 849 763; x_wconf 81' lang='lat' dir='ltr'>Matthaeus</span> <span class='ocrx_word' id='word_1_59' title='bbox 878 722 1087 773; x_wconf 89' lang='lat' dir='ltr'>episcopus</span> <span class='ocrx_word' id='word_1_60' title='bbox 1117 717 1367 758; x_wconf 82' lang='lat' dir='ltr'>Veronensis.</span> 
     </span>
    </p>

    <p class='ocr_par' dir='ltr' id='par_1_10' title="bbox 421 775 1216 830">
     <span class='ocr_line' id='line_1_13' title="bbox 421 775 1216 830; baseline -0.01 -11"><span class='ocrx_word' id='word_1_61' title='bbox 421 779 632 830; x_wconf 86' lang='lat' dir='ltr'>Gregorius</span> <span class='ocrx_word' id='word_1_62' title='bbox 661 778 786 818; x_wconf 88' lang='lat' dir='ltr'>abbas</span> <span class='ocrx_word' id='word_1_63' title='bbox 816 779 852 816; x_wconf 86' lang='lat' dir='ltr'>S.</span> <span class='ocrx_word' id='word_1_64' title='bbox 886 775 1045 826; x_wconf 82' lang='lat' dir='ltr'>Georgii</span> <span class='ocrx_word' id='word_1_65' title='bbox 1075 776 1111 812; x_wconf 87' lang='lat' dir='ltr'>V</span> <span class='ocrx_word' id='word_1_66' title='bbox 1114 782 1216 813; x_wconf 89' lang='lat' dir='ltr'>enet.</span> 
     </span>
    </p>

    <p class='ocr_par' dir='ltr' id='par_1_11' title="bbox 420 827 1269 881">
     <span class='ocr_line' id='line_1_14' title="bbox 420 827 1269 881; baseline -0.009 -8"><span class='ocrx_word' id='word_1_67' title='bbox 420 837 552 873; x_wconf 86' lang='lat' dir='ltr'>Frater</span> <span class='ocrx_word' id='word_1_68' title='bbox 580 834 757 872; x_wconf 89' lang='lat' dir='ltr'>Thomas</span> <span class='ocrx_word' id='word_1_69' title='bbox 787 831 969 881; x_wconf 87' lang='lat' dir='ltr'>magister</span> <span class='ocrx_word' id='word_1_70' title='bbox 997 828 1094 868; x_wconf 88' lang='lat' dir='ltr'>sacri</span> <span class='ocrx_word' id='word_1_71' title='bbox 1124 827 1269 878; x_wconf 89' lang='lat' dir='ltr'>palatii.</span> 
     </span>
    </p>
   </div>
   <div class='ocr_carea' id='block_1_3' title="bbox 205 931 1597 997">
    <p class='ocr_par' dir='ltr' id='par_1_12' title="bbox 205 931 1597 997">
     <span class='ocr_line' id='line_1_15' title="bbox 205 931 1597 997; baseline -0.008 -10"><span class='ocrx_word' id='word_1_72' title='bbox 205 931 293 988; x_wconf 70' lang='grc' dir='ltr'>Νοζ</span> <span class='ocrx_word' id='word_1_73' title='bbox 312 954 400 997; x_wconf 89' lang='lat'><strong>127.</strong></span> <span class='ocrx_word' id='word_1_74' title='bbox 449 943 557 986; x_wconf 89' lang='lat' dir='ltr'>The</span> <span class='ocrx_word' id='word_1_75' title='bbox 581 942 811 987; x_wconf 87' lang='lat' dir='ltr'>Concord</span> <span class='ocrx_word' id='word_1_76' title='bbox 834 940 891 984; x_wconf 88' lang='lat' dir='ltr'>of</span> <span class='ocrx_word' id='word_1_77' title='bbox 901 939 1236 992; x_wconf 86' lang='lat' dir='ltr'>Wittenberg,</span> <span class='ocrx_word' id='word_1_78' title='bbox 1258 947 1319 990; x_wconf 86' lang='lat'>29</span> <span class='ocrx_word' id='word_1_79' title='bbox 1341 936 1461 990; x_wconf 82' lang='lat' dir='ltr'>May</span> <span class='ocrx_word' id='word_1_80' title='bbox 1473 935 1597 988; x_wconf 89' lang='lat'>1536.</span> 
     </span>
    </p>
   </div>
   <div class='ocr_carea' id='block_1_4' title="bbox 207 1036 1611 2489">
    <p class='ocr_par' dir='ltr' id='par_1_13' title="bbox 207 1036 1601 1150">
     <span class='ocr_line' id='line_1_16' title="bbox 262 1036 1601 1092; baseline -0.007 -7"><span class='ocrx_word' id='word_1_81' title='bbox 262 1045 487 1087; x_wconf 79' lang='lat' dir='ltr'>Concordia</span> <span class='ocrx_word' id='word_1_82' title='bbox 517 1045 616 1084; x_wconf 91' lang='lat' dir='ltr'>inter</span> <span class='ocrx_word' id='word_1_83' title='bbox 648 1046 843 1083; x_wconf 84' lang='lat' dir='ltr'>Doctores</span> <span class='ocrx_word' id='word_1_84' title='bbox 867 1042 1199 1092; x_wconf 87' lang='lat' dir='ltr'>Wittebergenses</span> <span class='ocrx_word' id='word_1_85' title='bbox 1223 1048 1261 1080; x_wconf 87' lang='lat' dir='ltr'>et</span> <span class='ocrx_word' id='word_1_86' title='bbox 1291 1041 1484 1078; x_wconf 85' lang='lat' dir='ltr'>Doctores</span> <span class='ocrx_word' id='word_1_87' title='bbox 1513 1036 1601 1076; x_wconf 78' lang='lat' dir='ltr'>civi-</span> 
     </span>
     <span class='ocr_line' id='line_1_17' title="bbox 207 1096 1119 1150; baseline -0.007 -11"><span class='ocrx_word' id='word_1_88' title='bbox 207 1110 331 1140; x_wconf 85' lang='lat' dir='ltr'>tatum</span> <span class='ocrx_word' id='word_1_89' title='bbox 354 1099 514 1150; x_wconf 87' lang='lat' dir='ltr'>Imperii</span> <span class='ocrx_word' id='word_1_90' title='bbox 535 1099 574 1137; x_wconf 89' lang='lat' dir='ltr'>in</span> <span class='ocrx_word' id='word_1_91' title='bbox 595 1098 807 1138; x_wconf 84' lang='lat' dir='ltr'>Germania</span> <span class='ocrx_word' id='word_1_92' title='bbox 828 1096 1028 1147; x_wconf 86' lang='lat' dir='ltr'>superiori.</span> <span class='ocrx_word' id='word_1_93' title='bbox 1052 1126 1059 1134; x_wconf 94' lang='lat'>.</span> <span class='ocrx_word' id='word_1_94' title='bbox 1081 1126 1088 1134; x_wconf 88' lang='lat'>.</span> <span class='ocrx_word' id='word_1_95' title='bbox 1112 1127 1119 1135; x_wconf 92' lang='lat'>.</span> 
     </span>
    </p>

    <p class='ocr_par' dir='ltr' id='par_1_14' title="bbox 210 1145 1603 1365">
     <span class='ocr_line' id='line_1_18' title="bbox 265 1145 1601 1205; baseline -0.007 -12"><span class='ocrx_word' id='word_1_96' title='bbox 265 1155 323 1205; x_wconf 83' lang='lat'>(1)</span> <span class='ocrx_word' id='word_1_97' title='bbox 354 1155 602 1193; x_wconf 89' lang='lat' dir='ltr'>Confitemur</span> <span class='ocrx_word' id='word_1_98' title='bbox 630 1153 736 1191; x_wconf 84' lang='lat' dir='ltr'>iuxta</span> <span class='ocrx_word' id='word_1_99' title='bbox 766 1152 884 1190; x_wconf 89' lang='lat' dir='ltr'>verba</span> <span class='ocrx_word' id='word_1_100' title='bbox 918 1151 1068 1189; x_wconf 88' lang='lat' dir='ltr'>Irenaei</span> <span class='ocrx_word' id='word_1_101' title='bbox 1103 1155 1283 1188; x_wconf 77' lang='lat' dir='ltr'>constare</span> <span class='ocrx_word' id='word_1_102' title='bbox 1315 1145 1601 1186; x_wconf 89' lang='lat' dir='ltr'>Eucharistiam</span> 
     </span>
     <span class='ocr_line' id='line_1_19' title="bbox 210 1201 1603 1256; baseline -0.007 -9"><span class='ocrx_word' id='word_1_103' title='bbox 210 1209 364 1248; x_wconf 89' lang='lat' dir='ltr'>duabus</span> <span class='ocrx_word' id='word_1_104' title='bbox 385 1208 511 1256; x_wconf 88' lang='lat' dir='ltr'>rebus,</span> <span class='ocrx_word' id='word_1_105' title='bbox 535 1215 689 1246; x_wconf 88' lang='lat' dir='ltr'>terrena</span> <span class='ocrx_word' id='word_1_106' title='bbox 711 1214 750 1245; x_wconf 88' lang='lat' dir='ltr'>et</span> <span class='ocrx_word' id='word_1_107' title='bbox 784 1204 955 1245; x_wconf 90' lang='lat' dir='ltr'>coelesti.</span> <span class='ocrx_word' id='word_1_108' title='bbox 1016 1206 1157 1253; x_wconf 90' lang='lat' dir='ltr'>Itaque</span> <span class='ocrx_word' id='word_1_109' title='bbox 1183 1201 1357 1242; x_wconf 88' lang='lat' dir='ltr'>sentiunt</span> <span class='ocrx_word' id='word_1_110' title='bbox 1386 1208 1424 1240; x_wconf 89' lang='lat' dir='ltr'>et</span> <span class='ocrx_word' id='word_1_111' title='bbox 1456 1201 1603 1239; x_wconf 90' lang='lat' dir='ltr'>docent</span> 
     </span>
     <span class='ocr_line' id='line_1_20' title="bbox 211 1253 1603 1313; baseline -0.007 -12"><span class='ocrx_word' id='word_1_112' title='bbox 211 1277 301 1301; x_wconf 87' lang='lat' dir='ltr'>cum</span> <span class='ocrx_word' id='word_1_113' title='bbox 328 1275 431 1313; x_wconf 88' lang='lat' dir='ltr'>pane</span> <span class='ocrx_word' id='word_1_114' title='bbox 459 1270 497 1301; x_wconf 90' lang='lat' dir='ltr'>et</span> <span class='ocrx_word' id='word_1_115' title='bbox 531 1261 623 1299; x_wconf 88' lang='lat' dir='ltr'>vino</span> <span class='ocrx_word' id='word_1_116' title='bbox 657 1273 747 1299; x_wconf 85' lang='lat' dir='ltr'>vere</span> <span class='ocrx_word' id='word_1_117' title='bbox 781 1267 820 1299; x_wconf 91' lang='lat' dir='ltr'>et</span> <span class='ocrx_word' id='word_1_118' title='bbox 849 1257 1155 1298; x_wconf 79' lang='lat' dir='ltr'>substantialiter</span> <span class='ocrx_word' id='word_1_119' title='bbox 1183 1258 1333 1303; x_wconf 89' lang='lat' dir='ltr'>adesse,</span> <span class='ocrx_word' id='word_1_120' title='bbox 1361 1253 1534 1294; x_wconf 87' lang='lat' dir='ltr'>exhiberi</span> <span class='ocrx_word' id='word_1_121' title='bbox 1565 1259 1603 1291; x_wconf 89' lang='lat' dir='ltr'>et</span> 
     </span>
     <span class='ocr_line' id='line_1_21' title="bbox 211 1313 1314 1365; baseline -0.006 -10"><span class='ocrx_word' id='word_1_122' title='bbox 211 1316 313 1355; x_wconf 86' lang='lat' dir='ltr'>sumi</span> <span class='ocrx_word' id='word_1_123' title='bbox 333 1329 474 1365; x_wconf 88' lang='lat' dir='ltr'>corpus</span> <span class='ocrx_word' id='word_1_124' title='bbox 491 1314 637 1355; x_wconf 85' lang='lat' dir='ltr'>Christi</span> <span class='ocrx_word' id='word_1_125' title='bbox 658 1323 697 1353; x_wconf 92' lang='lat' dir='ltr'>et</span> <span class='ocrx_word' id='word_1_126' title='bbox 717 1313 959 1364; x_wconf 87' lang='lat' dir='ltr'>sanguinem.</span> <span class='ocrx_word' id='word_1_127' title='bbox 1307 1334 1314 1339; x_wconf 82' lang='lat'><em>-</em></span> 
     </span>
    </p>

    <p class='ocr_par' dir='ltr' id='par_1_15' title="bbox 213 1363 1606 1796">
     <span class='ocr_line' id='line_1_22' title="bbox 266 1363 1605 1421; baseline -0.007 -13"><span class='ocrx_word' id='word_1_128' title='bbox 266 1369 327 1421; x_wconf 79' lang='lat'>(2)</span> <span class='ocrx_word' id='word_1_129' title='bbox 357 1372 408 1407; x_wconf 90' lang='lat' dir='ltr'>Et</span> <span class='ocrx_word' id='word_1_130' title='bbox 428 1382 655 1419; x_wconf 85' lang='lat' dir='ltr'>quanquam</span> <span class='ocrx_word' id='word_1_131' title='bbox 677 1375 821 1418; x_wconf 83' lang='lat' dir='ltr'>negant</span> <span class='ocrx_word' id='word_1_132' title='bbox 842 1366 923 1405; x_wconf 89' lang='lat' dir='ltr'>fieri</span> <span class='ocrx_word' id='word_1_133' title='bbox 949 1363 1406 1404; x_wconf 87' lang='lat' dir='ltr'>transubstantiationem</span> <span class='ocrx_word' id='word_1_134' title='bbox 1426 1374 1500 1400; x_wconf 91' lang='lat' dir='ltr'>nec</span> <span class='ocrx_word' id='word_1_135' title='bbox 1521 1373 1605 1400; x_wconf 90' lang='lat' dir='ltr'>sen-</span> 
     </span>
     <span class='ocr_line' id='line_1_23' title="bbox 213 1415 1604 1469; baseline -0.007 -7"><span class='ocrx_word' id='word_1_136' title='bbox 213 1424 315 1463; x_wconf 89' lang='lat' dir='ltr'>tiunt</span> <span class='ocrx_word' id='word_1_137' title='bbox 339 1423 420 1462; x_wconf 87' lang='lat' dir='ltr'>fieri</span> <span class='ocrx_word' id='word_1_138' title='bbox 444 1424 611 1461; x_wconf 88' lang='lat' dir='ltr'>localem</span> <span class='ocrx_word' id='word_1_139' title='bbox 638 1421 897 1460; x_wconf 89' lang='lat' dir='ltr'>inclusionem</span> <span class='ocrx_word' id='word_1_140' title='bbox 919 1419 959 1457; x_wconf 88' lang='lat' dir='ltr'>in</span> <span class='ocrx_word' id='word_1_141' title='bbox 982 1432 1083 1469; x_wconf 91' lang='lat' dir='ltr'>pane</span> <span class='ocrx_word' id='word_1_142' title='bbox 1105 1425 1173 1456; x_wconf 89' lang='lat' dir='ltr'>aut</span> <span class='ocrx_word' id='word_1_143' title='bbox 1193 1416 1412 1456; x_wconf 89' lang='lat' dir='ltr'>durabilem</span> <span class='ocrx_word' id='word_1_144' title='bbox 1432 1415 1604 1465; x_wconf 57' lang='lat' dir='ltr'>aliquam</span> 
     </span>
     <span class='ocr_line' id='line_1_24' title="bbox 214 1469 1605 1516; baseline -0.007 0"><span class='ocrx_word' id='word_1_145' title='bbox 214 1476 536 1516; x_wconf 83' lang='lat' dir='ltr'>coniunctionem</span> <span class='ocrx_word' id='word_1_146' title='bbox 580 1483 686 1514; x_wconf 79' lang='lat' dir='ltr'>extra</span> <span class='ocrx_word' id='word_1_147' title='bbox 732 1488 847 1513; x_wconf 88' lang='lat' dir='ltr'>usum</span> <span class='ocrx_word' id='word_1_148' title='bbox 891 1472 1155 1512; x_wconf 86' lang='lat' dir='ltr'>Sacramenti:</span> <span class='ocrx_word' id='word_1_149' title='bbox 1199 1479 1332 1509; x_wconf 88' lang='lat' dir='ltr'>tamen</span> <span class='ocrx_word' id='word_1_150' title='bbox 1378 1469 1605 1508; x_wconf 88' lang='lat' dir='ltr'>concedunt</span> 
     </span>
     <span class='ocr_line' id='line_1_25' title="bbox 215 1524 1606 1580; baseline -0.008 -10"><span class='ocrx_word' id='word_1_151' title='bbox 215 1530 487 1570; x_wconf 82' lang='lat' dir='ltr'>sacramentali</span> <span class='ocrx_word' id='word_1_152' title='bbox 514 1529 661 1568; x_wconf 90' lang='lat' dir='ltr'>unione</span> <span class='ocrx_word' id='word_1_153' title='bbox 681 1542 824 1580; x_wconf 88' lang='lat' dir='ltr'>panem</span> <span class='ocrx_word' id='word_1_154' title='bbox 852 1541 937 1567; x_wconf 86' lang='lat' dir='ltr'>esse</span> <span class='ocrx_word' id='word_1_155' title='bbox 961 1539 1103 1577; x_wconf 86' lang='lat' dir='ltr'>corpus</span> <span class='ocrx_word' id='word_1_156' title='bbox 1131 1524 1288 1572; x_wconf 88' lang='lat' dir='ltr'>Christi,</span> <span class='ocrx_word' id='word_1_157' title='bbox 1319 1525 1396 1562; x_wconf 88' lang='lat' dir='ltr'>hoc</span> <span class='ocrx_word' id='word_1_158' title='bbox 1424 1530 1493 1570; x_wconf 90' lang='lat' dir='ltr'>est,</span> <span class='ocrx_word' id='word_1_159' title='bbox 1522 1535 1606 1560; x_wconf 89' lang='lat' dir='ltr'>sen-</span> 
     </span>
     <span class='ocr_line' id='line_1_26' title="bbox 216 1576 1606 1635; baseline -0.008 -11"><span class='ocrx_word' id='word_1_160' title='bbox 216 1586 316 1624; x_wconf 88' lang='lat' dir='ltr'>tiunt</span> <span class='ocrx_word' id='word_1_161' title='bbox 358 1591 539 1635; x_wconf 90' lang='lat' dir='ltr'>porrecto</span> <span class='ocrx_word' id='word_1_162' title='bbox 577 1596 679 1633; x_wconf 91' lang='lat' dir='ltr'>pane</span> <span class='ocrx_word' id='word_1_163' title='bbox 722 1582 837 1621; x_wconf 88' lang='lat' dir='ltr'>simul</span> <span class='ocrx_word' id='word_1_164' title='bbox 874 1582 1013 1621; x_wconf 89' lang='lat' dir='ltr'>adesse</span> <span class='ocrx_word' id='word_1_165' title='bbox 1052 1588 1090 1619; x_wconf 89' lang='lat' dir='ltr'>et</span> <span class='ocrx_word' id='word_1_166' title='bbox 1128 1592 1217 1617; x_wconf 89' lang='lat' dir='ltr'>vere</span> <span class='ocrx_word' id='word_1_167' title='bbox 1255 1576 1429 1617; x_wconf 86' lang='lat' dir='ltr'>exhiberi</span> <span class='ocrx_word' id='word_1_168' title='bbox 1465 1588 1606 1626; x_wconf 90' lang='lat' dir='ltr'>corpus</span> 
     </span>
     <span class='ocr_line' id='line_1_27' title="bbox 217 1629 1606 1683; baseline -0.008 -5"><span class='ocrx_word' id='word_1_169' title='bbox 217 1638 373 1680; x_wconf 90' lang='lat' dir='ltr'>Christi.</span> <span class='ocrx_word' id='word_1_170' title='bbox 432 1640 536 1676; x_wconf 90' lang='lat' dir='ltr'>Nam</span> <span class='ocrx_word' id='word_1_171' title='bbox 585 1644 691 1676; x_wconf 83' lang='lat' dir='ltr'>extra</span> <span class='ocrx_word' id='word_1_172' title='bbox 732 1650 859 1683; x_wconf 90' lang='lat' dir='ltr'>usum,</span> <span class='ocrx_word' id='word_1_173' title='bbox 899 1649 990 1674; x_wconf 88' lang='lat' dir='ltr'>cum</span> <span class='ocrx_word' id='word_1_174' title='bbox 1028 1640 1246 1673; x_wconf 89' lang='lat' dir='ltr'>asservatur</span> <span class='ocrx_word' id='word_1_175' title='bbox 1284 1631 1324 1670; x_wconf 93' lang='lat' dir='ltr'>in</span> <span class='ocrx_word' id='word_1_176' title='bbox 1361 1629 1493 1681; x_wconf 85' lang='lat' dir='ltr'>pixide</span> <span class='ocrx_word' id='word_1_177' title='bbox 1539 1637 1606 1668; x_wconf 86' lang='lat' dir='ltr'>aut</span> 
     </span>
     <span class='ocr_line' id='line_1_28' title="bbox 217 1684 1605 1742; baseline -0.008 -10"><span class='ocrx_word' id='word_1_178' title='bbox 217 1692 436 1733; x_wconf 83' lang='lat' dir='ltr'>ostenditur</span> <span class='ocrx_word' id='word_1_179' title='bbox 467 1692 507 1730; x_wconf 89' lang='lat' dir='ltr'>in</span> <span class='ocrx_word' id='word_1_180' title='bbox 538 1690 866 1742; x_wconf 87' lang='lat' dir='ltr'>processionibus,</span> <span class='ocrx_word' id='word_1_181' title='bbox 903 1697 945 1728; x_wconf 94' lang='lat' dir='ltr'>ut</span> <span class='ocrx_word' id='word_1_182' title='bbox 976 1689 1018 1726; x_wconf 88' lang='lat' dir='ltr'>fit</span> <span class='ocrx_word' id='word_1_183' title='bbox 1052 1701 1075 1726; x_wconf 94' lang='lat' dir='ltr'>a</span> <span class='ocrx_word' id='word_1_184' title='bbox 1106 1685 1288 1737; x_wconf 89' lang='lat' dir='ltr'>Papistis,</span> <span class='ocrx_word' id='word_1_185' title='bbox 1320 1684 1495 1724; x_wconf 89' lang='lat' dir='ltr'>sentiunt</span> <span class='ocrx_word' id='word_1_186' title='bbox 1526 1696 1605 1722; x_wconf 90' lang='lat' dir='ltr'>non</span> 
     </span>
     <span class='ocr_line' id='line_1_29' title="bbox 216 1745 694 1796; baseline -0.008 -10"><span class='ocrx_word' id='word_1_187' title='bbox 216 1749 355 1787; x_wconf 85' lang='lat' dir='ltr'>adesse</span> <span class='ocrx_word' id='word_1_188' title='bbox 375 1759 516 1796; x_wconf 89' lang='lat' dir='ltr'>corpus</span> <span class='ocrx_word' id='word_1_189' title='bbox 539 1745 694 1785; x_wconf 88' lang='lat' dir='ltr'>Christi.</span> 
     </span>
    </p>

    <p class='ocr_par' dir='ltr' id='par_1_16' title="bbox 220 1791 1610 2332">
     <span class='ocr_line' id='line_1_30' title="bbox 270 1791 1607 1850; baseline -0.008 -11"><span class='ocrx_word' id='word_1_190' title='bbox 270 1801 330 1850; x_wconf 79' lang='lat'>(3)</span> <span class='ocrx_word' id='word_1_191' title='bbox 363 1800 520 1838; x_wconf 89' lang='lat' dir='ltr'>Deinde</span> <span class='ocrx_word' id='word_1_192' title='bbox 554 1801 656 1837; x_wconf 87' lang='lat' dir='ltr'>hanc</span> <span class='ocrx_word' id='word_1_193' title='bbox 688 1797 974 1836; x_wconf 89' lang='lat' dir='ltr'>institutionem</span> <span class='ocrx_word' id='word_1_194' title='bbox 1006 1793 1247 1834; x_wconf 81' lang='lat' dir='ltr'>Sacramenti</span> <span class='ocrx_word' id='word_1_195' title='bbox 1277 1791 1452 1832; x_wconf 89' lang='lat' dir='ltr'>sentiunt</span> <span class='ocrx_word' id='word_1_196' title='bbox 1481 1792 1607 1829; x_wconf 90' lang='lat' dir='ltr'>valere</span> 
     </span>
     <span class='ocr_line' id='line_1_31' title="bbox 220 1843 1607 1902; baseline -0.008 -10"><span class='ocrx_word' id='word_1_197' title='bbox 220 1855 259 1892; x_wconf 89' lang='lat' dir='ltr'>in</span> <span class='ocrx_word' id='word_1_198' title='bbox 290 1853 480 1899; x_wconf 87' lang='lat' dir='ltr'>Ecclesia,</span> <span class='ocrx_word' id='word_1_199' title='bbox 507 1866 580 1890; x_wconf 91' lang='lat' dir='ltr'>nec</span> <span class='ocrx_word' id='word_1_200' title='bbox 614 1853 788 1902; x_wconf 91' lang='lat' dir='ltr'>pendere</span> <span class='ocrx_word' id='word_1_201' title='bbox 817 1864 863 1889; x_wconf 88' lang='lat' dir='ltr'>ex</span> <span class='ocrx_word' id='word_1_202' title='bbox 894 1849 1084 1900; x_wconf 81' lang='lat' dir='ltr'>dignitate</span> <span class='ocrx_word' id='word_1_203' title='bbox 1114 1846 1279 1886; x_wconf 90' lang='lat' dir='ltr'>ministri</span> <span class='ocrx_word' id='word_1_204' title='bbox 1307 1853 1375 1885; x_wconf 89' lang='lat' dir='ltr'>aut</span> <span class='ocrx_word' id='word_1_205' title='bbox 1406 1843 1607 1883; x_wconf 90' lang='lat' dir='ltr'>sumentis.</span> 
     </span>
     <span class='ocr_line' id='line_1_32' title="bbox 222 1897 1610 1956; baseline -0.007 -11"><span class='ocrx_word' id='word_1_206' title='bbox 222 1910 365 1956; x_wconf 85' lang='lat' dir='ltr'>Quare,</span> <span class='ocrx_word' id='word_1_207' title='bbox 388 1906 487 1944; x_wconf 88' lang='lat' dir='ltr'>sicut</span> <span class='ocrx_word' id='word_1_208' title='bbox 507 1907 652 1944; x_wconf 87' lang='lat' dir='ltr'>Paulus</span> <span class='ocrx_word' id='word_1_209' title='bbox 671 1905 736 1953; x_wconf 89' lang='lat' dir='ltr'>ait,</span> <span class='ocrx_word' id='word_1_210' title='bbox 757 1904 875 1943; x_wconf 88' lang='lat' dir='ltr'>etiam</span> <span class='ocrx_word' id='word_1_211' title='bbox 896 1903 1078 1953; x_wconf 90' lang='lat' dir='ltr'>indignos</span> <span class='ocrx_word' id='word_1_212' title='bbox 1093 1902 1343 1946; x_wconf 85' lang='lat' dir='ltr'>manducare,</span> <span class='ocrx_word' id='word_1_213' title='bbox 1363 1898 1416 1937; x_wconf 90' lang='lat' dir='ltr'>ita</span> <span class='ocrx_word' id='word_1_214' title='bbox 1435 1897 1610 1937; x_wconf 85' lang='lat' dir='ltr'>sentiunt</span> 
     </span>
     <span class='ocr_line' id='line_1_33' title="bbox 221 1951 1610 2011; baseline -0.008 -12"><span class='ocrx_word' id='word_1_215' title='bbox 221 1960 362 2011; x_wconf 83' lang='lat' dir='ltr'>porrigi</span> <span class='ocrx_word' id='word_1_216' title='bbox 392 1972 480 1999; x_wconf 76' lang='lat' dir='ltr'>vere</span> <span class='ocrx_word' id='word_1_217' title='bbox 514 1973 656 2009; x_wconf 89' lang='lat' dir='ltr'>corpus</span> <span class='ocrx_word' id='word_1_218' title='bbox 686 1967 723 1997; x_wconf 88' lang='lat' dir='ltr'>et</span> <span class='ocrx_word' id='word_1_219' title='bbox 752 1957 982 2008; x_wconf 86' lang='lat' dir='ltr'>sanguinem</span> <span class='ocrx_word' id='word_1_220' title='bbox 1015 1954 1177 1994; x_wconf 89' lang='lat' dir='ltr'>Domini</span> <span class='ocrx_word' id='word_1_221' title='bbox 1207 1953 1324 1992; x_wconf 89' lang='lat' dir='ltr'>etiam</span> <span class='ocrx_word' id='word_1_222' title='bbox 1353 1951 1535 2000; x_wconf 87' lang='lat' dir='ltr'>indignis,</span> <span class='ocrx_word' id='word_1_223' title='bbox 1572 1957 1610 1989; x_wconf 88' lang='lat' dir='ltr'>et</span> 
     </span>
     <span class='ocr_line' id='line_1_34' title="bbox 223 2005 1609 2064; baseline -0.007 -12"><span class='ocrx_word' id='word_1_224' title='bbox 223 2014 406 2064; x_wconf 82' lang='lat' dir='ltr'>indignos</span> <span class='ocrx_word' id='word_1_225' title='bbox 427 2026 581 2051; x_wconf 88' lang='lat' dir='ltr'>sumere</span> <span class='ocrx_word' id='word_1_226' title='bbox 597 2012 665 2051; x_wconf 92' lang='lat' dir='ltr'>ubi</span> <span class='ocrx_word' id='word_1_227' title='bbox 685 2019 886 2050; x_wconf 88' lang='lat' dir='ltr'>servantur</span> <span class='ocrx_word' id='word_1_228' title='bbox 906 2009 1024 2049; x_wconf 79' lang='lat' dir='ltr'>verba</span> <span class='ocrx_word' id='word_1_229' title='bbox 1044 2017 1082 2047; x_wconf 91' lang='lat' dir='ltr'>et</span> <span class='ocrx_word' id='word_1_230' title='bbox 1102 2006 1294 2046; x_wconf 89' lang='lat' dir='ltr'>institutio</span> <span class='ocrx_word' id='word_1_231' title='bbox 1315 2005 1472 2046; x_wconf 88' lang='lat' dir='ltr'>Christi.</span> <span class='ocrx_word' id='word_1_232' title='bbox 1530 2005 1609 2043; x_wconf 92' lang='lat' dir='ltr'>Sed</span> 
     </span>
     <span class='ocr_line' id='line_1_35' title="bbox 223 2059 1610 2111; baseline -0.008 -5"><span class='ocrx_word' id='word_1_233' title='bbox 223 2070 318 2106; x_wconf 85' lang='lat' dir='ltr'>tales</span> <span class='ocrx_word' id='word_1_234' title='bbox 339 2074 499 2105; x_wconf 90' lang='lat' dir='ltr'>sumunt</span> <span class='ocrx_word' id='word_1_235' title='bbox 521 2067 573 2105; x_wconf 89' lang='lat' dir='ltr'>ad</span> <span class='ocrx_word' id='word_1_236' title='bbox 594 2066 794 2111; x_wconf 89' lang='lat' dir='ltr'>iudicium,</span> <span class='ocrx_word' id='word_1_237' title='bbox 823 2072 865 2103; x_wconf 91' lang='lat' dir='ltr'>ut</span> <span class='ocrx_word' id='word_1_238' title='bbox 886 2065 1030 2102; x_wconf 90' lang='lat' dir='ltr'>Paulus</span> <span class='ocrx_word' id='word_1_239' title='bbox 1049 2062 1112 2108; x_wconf 87' lang='lat' dir='ltr'>ait,</span> <span class='ocrx_word' id='word_1_240' title='bbox 1135 2060 1227 2111; x_wconf 88' lang='lat' dir='ltr'>quia</span> <span class='ocrx_word' id='word_1_241' title='bbox 1246 2060 1461 2098; x_wconf 88' lang='lat' dir='ltr'>abutuntur</span> <span class='ocrx_word' id='word_1_242' title='bbox 1480 2059 1610 2097; x_wconf 88' lang='lat' dir='ltr'>Sacra-</span> 
     </span>
     <span class='ocr_line' id='line_1_36' title="bbox 225 2112 1608 2169; baseline -0.008 -10"><span class='ocrx_word' id='word_1_243' title='bbox 225 2128 359 2160; x_wconf 87' lang='lat' dir='ltr'>mento</span> <span class='ocrx_word' id='word_1_244' title='bbox 387 2134 476 2158; x_wconf 89' lang='lat' dir='ltr'>cum</span> <span class='ocrx_word' id='word_1_245' title='bbox 510 2120 593 2158; x_wconf 89' lang='lat' dir='ltr'>sine</span> <span class='ocrx_word' id='word_1_246' title='bbox 620 2117 863 2169; x_wconf 88' lang='lat' dir='ltr'>poenitentia</span> <span class='ocrx_word' id='word_1_247' title='bbox 887 2125 925 2155; x_wconf 92' lang='lat' dir='ltr'>et</span> <span class='ocrx_word' id='word_1_248' title='bbox 960 2116 1043 2154; x_wconf 89' lang='lat' dir='ltr'>sine</span> <span class='ocrx_word' id='word_1_249' title='bbox 1074 2116 1153 2153; x_wconf 88' lang='lat' dir='ltr'>fide</span> <span class='ocrx_word' id='word_1_250' title='bbox 1184 2127 1232 2152; x_wconf 92' lang='lat' dir='ltr'>eo</span> <span class='ocrx_word' id='word_1_251' title='bbox 1266 2121 1438 2151; x_wconf 90' lang='lat' dir='ltr'>utuntur.</span> <span class='ocrx_word' id='word_1_252' title='bbox 1509 2112 1608 2149; x_wconf 89' lang='lat' dir='ltr'>Ideo</span> 
     </span>
     <span class='ocr_line' id='line_1_37' title="bbox 224 2163 1608 2223; baseline -0.009 -10"><span class='ocrx_word' id='word_1_253' title='bbox 224 2175 329 2214; x_wconf 88' lang='lat' dir='ltr'>enim</span> <span class='ocrx_word' id='word_1_254' title='bbox 351 2173 593 2223; x_wconf 85' lang='lat' dir='ltr'>propositum</span> <span class='ocrx_word' id='word_1_255' title='bbox 615 2180 673 2211; x_wconf 90' lang='lat' dir='ltr'>est</span> <span class='ocrx_word' id='word_1_256' title='bbox 693 2180 735 2210; x_wconf 90' lang='lat' dir='ltr'>ut</span> <span class='ocrx_word' id='word_1_257' title='bbox 755 2178 916 2210; x_wconf 89' lang='lat' dir='ltr'>testetur</span> <span class='ocrx_word' id='word_1_258' title='bbox 937 2169 1010 2207; x_wconf 92' lang='lat' dir='ltr'>illis</span> <span class='ocrx_word' id='word_1_259' title='bbox 1035 2167 1219 2218; x_wconf 86' lang='lat' dir='ltr'>applicari</span> <span class='ocrx_word' id='word_1_260' title='bbox 1239 2165 1433 2205; x_wconf 88' lang='lat' dir='ltr'>beneficia</span> <span class='ocrx_word' id='word_1_261' title='bbox 1462 2163 1608 2205; x_wconf 88' lang='lat' dir='ltr'>Christi</span> 
     </span>
     <span class='ocr_line' id='line_1_38' title="bbox 225 2218 1610 2271; baseline -0.009 -4"><span class='ocrx_word' id='word_1_262' title='bbox 225 2237 263 2268; x_wconf 85' lang='lat' dir='ltr'>et</span> <span class='ocrx_word' id='word_1_263' title='bbox 283 2227 364 2266; x_wconf 80' lang='lat' dir='ltr'>fieri</span> <span class='ocrx_word' id='word_1_264' title='bbox 385 2240 452 2266; x_wconf 90' lang='lat' dir='ltr'>eos</span> <span class='ocrx_word' id='word_1_265' title='bbox 473 2227 650 2265; x_wconf 89' lang='lat' dir='ltr'>membra</span> <span class='ocrx_word' id='word_1_266' title='bbox 671 2224 817 2265; x_wconf 91' lang='lat' dir='ltr'>Christi</span> <span class='ocrx_word' id='word_1_267' title='bbox 829 2232 867 2263; x_wconf 90' lang='lat' dir='ltr'>et</span> <span class='ocrx_word' id='word_1_268' title='bbox 887 2222 993 2262; x_wconf 88' lang='lat' dir='ltr'>ablui</span> <span class='ocrx_word' id='word_1_269' title='bbox 1015 2220 1204 2271; x_wconf 87' lang='lat' dir='ltr'>sanguine</span> <span class='ocrx_word' id='word_1_270' title='bbox 1224 2219 1381 2267; x_wconf 88' lang='lat' dir='ltr'>Christi,</span> <span class='ocrx_word' id='word_1_271' title='bbox 1402 2218 1470 2269; x_wconf 92' lang='lat' dir='ltr'>qui</span> <span class='ocrx_word' id='word_1_272' title='bbox 1489 2224 1610 2268; x_wconf 86' lang='lat' dir='ltr'>agunt</span> 
     </span>
     <span class='ocr_line' id='line_1_39' title="bbox 227 2274 1195 2332; baseline -0.007 -13"><span class='ocrx_word' id='word_1_273' title='bbox 227 2280 509 2332; x_wconf 80' lang='lat' dir='ltr'>poenitentiam</span> <span class='ocrx_word' id='word_1_274' title='bbox 531 2287 569 2318; x_wconf 90' lang='lat' dir='ltr'>et</span> <span class='ocrx_word' id='word_1_275' title='bbox 590 2279 741 2329; x_wconf 89' lang='lat' dir='ltr'>erigunt</span> <span class='ocrx_word' id='word_1_276' title='bbox 762 2291 803 2316; x_wconf 92' lang='lat' dir='ltr'>se</span> <span class='ocrx_word' id='word_1_277' title='bbox 824 2278 902 2316; x_wconf 88' lang='lat' dir='ltr'>fide</span> <span class='ocrx_word' id='word_1_278' title='bbox 922 2276 963 2314; x_wconf 93' lang='lat' dir='ltr'>in</span> <span class='ocrx_word' id='word_1_279' title='bbox 984 2274 1195 2313; x_wconf 88' lang='lat' dir='ltr'>Christum.</span> 
     </span>
    </p>

    <p class='ocr_par' dir='ltr' id='par_1_17' title="bbox 228 2325 1611 2489">
     <span class='ocr_line' id='line_1_40' title="bbox 281 2325 1611 2383; baseline -0.009 -9"><span class='ocrx_word' id='word_1_280' title='bbox 281 2337 384 2376; x_wconf 91' lang='lat' dir='ltr'>Cum</span> <span class='ocrx_word' id='word_1_281' title='bbox 412 2342 543 2372; x_wconf 88' lang='lat' dir='ltr'>autem</span> <span class='ocrx_word' id='word_1_282' title='bbox 575 2331 690 2383; x_wconf 87' lang='lat' dir='ltr'>pauci</span> <span class='ocrx_word' id='word_1_283' title='bbox 713 2329 1011 2370; x_wconf 90' lang='lat' dir='ltr'>convenerimus</span> <span class='ocrx_word' id='word_1_284' title='bbox 1035 2336 1074 2367; x_wconf 91' lang='lat' dir='ltr'>et</span> <span class='ocrx_word' id='word_1_285' title='bbox 1101 2340 1201 2378; x_wconf 89' lang='lat' dir='ltr'>opus</span> <span class='ocrx_word' id='word_1_286' title='bbox 1231 2326 1278 2365; x_wconf 90' lang='lat' dir='ltr'>sit</span> <span class='ocrx_word' id='word_1_287' title='bbox 1298 2326 1480 2375; x_wconf 88' lang='lat' dir='ltr'>utrinque</span> <span class='ocrx_word' id='word_1_288' title='bbox 1508 2325 1611 2362; x_wconf 91' lang='lat' dir='ltr'>hanc</span> 
     </span>
     <span class='ocr_line' id='line_1_41' title="bbox 228 2377 1611 2433; baseline -0.009 -5"><span class='ocrx_word' id='word_1_289' title='bbox 228 2403 308 2428; x_wconf 89' lang='lat' dir='ltr'>rem</span> <span class='ocrx_word' id='word_1_290' title='bbox 329 2390 380 2427; x_wconf 84' lang='lat' dir='ltr'>ad</span> <span class='ocrx_word' id='word_1_291' title='bbox 399 2388 496 2426; x_wconf 91' lang='lat' dir='ltr'>alios</span> <span class='ocrx_word' id='word_1_292' title='bbox 517 2386 815 2425; x_wconf 86' lang='lat' dir='ltr'>concionatores</span> <span class='ocrx_word' id='word_1_293' title='bbox 842 2391 879 2423; x_wconf 88' lang='lat' dir='ltr'>et</span> <span class='ocrx_word' id='word_1_294' title='bbox 901 2382 1118 2433; x_wconf 87' lang='lat' dir='ltr'>superiores</span> <span class='ocrx_word' id='word_1_295' title='bbox 1141 2382 1292 2427; x_wconf 90' lang='lat' dir='ltr'>referre,</span> <span class='ocrx_word' id='word_1_296' title='bbox 1313 2380 1493 2418; x_wconf 90' lang='lat' dir='ltr'>nondum</span> <span class='ocrx_word' id='word_1_297' title='bbox 1520 2377 1611 2416; x_wconf 91' lang='lat' dir='ltr'>licet</span> 
     </span>
     <span class='ocr_line' id='line_1_42' title="bbox 230 2431 1504 2489; baseline -0.009 -7"><span class='ocrx_word' id='word_1_298' title='bbox 230 2443 344 2481; x_wconf 89' lang='lat' dir='ltr'>nobis</span> <span class='ocrx_word' id='word_1_299' title='bbox 365 2443 414 2480; x_wconf 91' lang='lat' dir='ltr'>de</span> <span class='ocrx_word' id='word_1_300' title='bbox 435 2441 645 2480; x_wconf 86' lang='lat' dir='ltr'>concordia</span> <span class='ocrx_word' id='word_1_301' title='bbox 666 2437 808 2489; x_wconf 90' lang='lat' dir='ltr'>pacisci</span> <span class='ocrx_word' id='word_1_302' title='bbox 830 2436 1055 2488; x_wconf 84' lang='lat' dir='ltr'>priusquam</span> <span class='ocrx_word' id='word_1_303' title='bbox 1075 2436 1126 2474; x_wconf 85' lang='lat' dir='ltr'>ad</span> <span class='ocrx_word' id='word_1_304' title='bbox 1145 2434 1240 2473; x_wconf 84' lang='lat' dir='ltr'>alios</span> <span class='ocrx_word' id='word_1_305' title='bbox 1261 2431 1504 2473; x_wconf 87' lang='lat' dir='ltr'>retulerimus</span> 
     </span>
    </p>
   </div>
  </div>
 </body>
</html>
