1715 2780
178 97 249 141 148
343 97 462 134 THE
493 96 723 135 MISSION
755 97 825 135 OF
855 95 1204 143 CAMPEGGIO,
1241 108 1394 146 1523—4
1515 105 1563 145 73

174 197 391 245 Michaelis,
408 197 598 237 Omnium
621 196 865 245 Sanctorum,
884 198 1057 246 Martini,
1077 197 1232 238 Nicolai
1252 205 1291 238 et
1304 198 1541 239 Catharinae
1557 214 1565 246 3

171 261 209 291 et
239 265 306 302 per
335 252 525 291 diocesim
556 252 879 303 Salzburgensem
910 252 1137 292 festivitates
1168 253 1204 291 S.
1238 252 1415 304 Ruperti,
1451 252 1564 292 sicuti

171 308 361 345 hactenus
391 307 619 345 observatae
650 307 766 353 fuere,
790 306 964 345 celebres
985 319 1146 357 quoque
1166 315 1204 345 et
1224 306 1313 346 festi
1332 307 1561 346 habeantur.

172 363 219 399 In
259 360 420 399 caeteris
459 368 589 399 autem
629 360 914 408 festivitatibus,
955 374 1192 411 quacunque
1229 360 1379 400 ratione
1417 361 1478 399 vel
1512 360 1566 399 in-

172 414 314 453 stitutis
345 416 403 453 vel
435 414 612 464 receptis,
643 422 682 453 et
711 416 777 464 qui
813 415 886 453 sub
920 422 1131 466 praecepto
1165 414 1352 454 celebrari
1381 414 1564 462 debeant,

171 468 432 519 permittimus
462 468 707 518 liberumque
737 468 879 519 cuique
912 468 1076 507 facimus
1111 475 1153 507 ut
1186 468 1310 508 Missa
1341 468 1477 508 audita
1513 470 1565 508 ad

171 536 308 573 operas
338 536 427 561 suas
457 522 601 572 quibus
631 536 742 561 suam
771 535 1010 573 suorumque
1039 522 1265 561 alimoniam
1289 536 1476 574 quaerere
1504 535 1566 562 co-

170 577 271 627 gitur
298 578 423 615 redire
453 576 597 626 possit:
637 577 743 616 festis
771 584 902 616 tamen
930 576 1226 616 dedicationum
1251 585 1506 627 patronorum
1527 584 1566 616 et

170 630 444 681 principalium
480 630 576 668 nihil
608 632 840 681 derogantes
875 644 955 681 quo
993 632 1044 670 ad
1082 643 1218 670 eorum
1257 630 1563 670 celebrationem

172 687 211 723 in
241 684 455 723 cathedrali
486 686 579 724 sede
609 684 844 735 civitateque
874 698 919 723 ac
949 686 1049 732 loco,
1073 684 1190 723 etiarn
1221 684 1454 735 episcopalis
1477 684 1566 724 resi-

173 738 329 778 dentiae
350 740 552 777 duntaxat.

229 807 288 831 22.
321 793 506 843 Cumque
540 792 639 831 inter
673 800 848 843 pastores
883 800 922 831 et
954 806 1111 844 gregem
1145 800 1302 844 propter
1340 791 1563 844 nuptiarum

172 847 450 895 celebritatem,
472 860 591 897 quam
620 846 684 885 alii
714 846 1082 886 inthronizationem
1111 847 1175 885 alii
1202 847 1564 886 solemnizationem

172 914 311 940 vocare
331 903 469 947 solent,
494 902 617 939 multa
637 908 675 939 et
696 902 816 951 iurgia
836 909 874 940 et
895 902 1080 940 scandala
1104 901 1297 949 eveniant,
1319 902 1565 941 declaramus

173 963 210 994 et
241 957 447 994 statuimus
477 956 586 1005 quod
616 954 864 994 matrimonia
893 955 933 993 in
964 962 1178 1005 conspectu
1205 954 1394 994 ecclesiae
1413 954 1566 1006 possint

173 1009 428 1056 solemnizari,
445 1011 554 1048 nullo
574 1009 625 1048 ab
640 1009 850 1048 Ordinatio
866 1011 917 1048 ad
932 1010 1009 1048 hoc
1030 1022 1227 1048 consensu
1248 1010 1372 1060 petito
1391 1016 1459 1048 aut
1474 1022 1566 1059 qua-

174 1063 277 1113 piam
308 1077 347 1102 re
375 1077 444 1113 pro
471 1076 519 1101 eo
544 1063 741 1113 exposita:
772 1063 944 1114 exceptis
970 1070 1103 1102 tamen
1130 1070 1212 1102 tota
1243 1062 1564 1113 Quadragesima,

174 1117 310 1155 ultima
340 1118 593 1156 hebdomada
622 1118 841 1165 Adventus,
871 1116 978 1156 festis
1013 1118 1199 1165 Paschae,
1236 1119 1490 1156 Pentecostes
1529 1124 1567 1155 et

174 1171 398 1209 Nativitatis
422 1171 666 1219 Dominicae,
690 1185 780 1210 cum
802 1173 960 1218 octaviS,
983 1179 1021 1210 et
1041 1171 1182 1211 diebus
1204 1170 1482 1222 Rogationum.

231 1239 290 1275 23.
324 1225 477 1264 Ieiunia
515 1226 565 1263 ab
604 1227 769 1264 ecclesia
807 1225 993 1273 instituta,
1035 1226 1108 1264 sub
1146 1226 1283 1265 debito
1317 1224 1567 1265 obedientiae

174 1287 331 1318 sanctae
361 1279 549 1318 ecclesiae
579 1279 806 1327 catholicae,
829 1279 869 1318 in
889 1287 1089 1330 posterum
1111 1279 1230 1318 indici
1251 1279 1399 1319 debent
1419 1278 1566 1318 omisso

174 1332 594 1372 excommunicationis
633 1334 754 1372 verbo
792 1347 842 1372 ne
875 1333 1119 1372 infirmorum
1154 1333 1418 1373 conscientiae
1447 1334 1566 1372 offen-

174 1389 316 1426 dantur
332 1402 341 1435 3
378 1400 469 1426 cum
499 1387 559 1425 his
580 1387 823 1437 temporibus
844 1387 967 1438 pietas
987 1401 1113 1438 paene
1133 1389 1262 1426 omnis
1289 1387 1424 1435 iaceat,
1446 1400 1567 1427 sacer-

174 1440 414 1490 dotibusque
434 1454 572 1491 parum
593 1443 799 1480 deferatur.

231 1508 289 1542 24.
322 1497 379 1534 Ut
408 1494 522 1544 igitur
551 1502 589 1534 et
618 1497 811 1534 extinctus
841 1496 968 1534 cultus
998 1495 1185 1534 excitetur
1210 1496 1459 1546 populusque
1484 1508 1565 1534 non

176 1549 241 1587 fiat
270 1548 309 1586 in
340 1548 423 1588 dies
454 1548 720 1600 negligentior,
752 1550 958 1588 statuimus
992 1557 1034 1587 ut
1064 1557 1222 1600 propter
1259 1550 1422 1589 caedem
1461 1548 1567 1587 cleri-

174 1616 311 1641 corum
338 1616 505 1653 persona
525 1610 689 1650 tantum,
712 1617 793 1642 non
813 1611 944 1643 autem
966 1604 1087 1651 locus,
1109 1602 1402 1642 interdicendus
1422 1602 1563 1650 veniat,

174 1656 247 1694 nisi
268 1664 383 1695 coetu
405 1670 678 1707 concursuque
699 1657 877 1708 populari
900 1657 1049 1696 facinus
1070 1664 1264 1708 patratum
1285 1664 1398 1696 esset.

231 1723 288 1760 25.
324 1711 556 1750 Inhibemus
579 1713 735 1761 insuper
755 1725 805 1750 ne
828 1711 868 1749 in
888 1718 1089 1762 posterum
1111 1712 1286 1762 episcopi
1306 1709 1456 1750 clericis
1476 1709 1565 1761 legi-

175 1764 278 1802 timis
317 1764 367 1803 ab
397 1764 582 1803 intestato
607 1765 892 1804 decedentibus
923 1765 962 1803 in
992 1764 1331 1815 patrimonialibus
1362 1764 1475 1803 bonis
1498 1771 1566 1803 aut

175 1818 365 1856 industria
385 1819 540 1869 propria
559 1819 759 1869 acquisitis
780 1821 991 1858 succedere
1011 1819 1162 1869 possint
1181 1826 1248 1857 aut
1269 1818 1452 1858 debeant.

231 1874 290 1909 26.
322 1872 507 1922 Cumque
532 1872 710 1922 quotidie
740 1873 792 1912 ob
822 1886 955 1920 novas,
976 1873 1099 1911 immo
1120 1873 1197 1911 iam
1222 1872 1316 1911 olim
1346 1873 1563 1919 damnatas,

176 1926 366 1971 haereses,
389 1934 653 1975 apostatarum
684 1934 722 1965 et
742 1926 1010 1976 religiosorum
1032 1928 1359 1976 sacerdotumque
1379 1938 1565 1964 numerus

176 1978 214 2015 in
245 1978 482 2017 immensum
513 1987 670 2028 crescat,
703 1994 822 2030 quam
851 1980 1028 2031 plurimis
1058 1994 1193 2019 eorum
1223 1993 1362 2019 uxores
1390 1978 1567 2018 ducenti-

177 2032 273 2070 bus:
313 2039 354 2069 ut
384 2046 474 2082 ergo
509 2033 707 2083 sacrilegia
741 2035 837 2072 haec
868 2033 1062 2084 impunita
1094 2047 1175 2073 non
1205 2040 1443 2081 remaneant,
1476 2045 1566 2072 con-

175 2084 353 2124 cedimus
382 2085 685 2136 quibuscunque
712 2087 953 2137 principibus
973 2087 1218 2138 statibusque
1237 2087 1440 2138 potestatis
1460 2099 1567 2125 secu—

174 2138 263 2176 laris
293 2151 508 2188 eorumque
538 2140 768 2178 officialibus
798 2149 840 2178 ut
870 2140 1063 2180 eiusmodi
1083 2148 1280 2191 apostatas
1301 2148 1339 2179 et
1359 2139 1566 2190 sacrilegos

176 2205 315 2242 capere
345 2192 507 2241 possint,
541 2194 662 2231 modo
691 2206 777 2232 reos
807 2193 912 2243 ipsos
943 2194 1160 2233 Ordinariis
1189 2194 1287 2232 infra
1316 2201 1472 2243 tempus
1500 2194 1567 2232 de·

178 2245 303 2283 bitum
342 2246 496 2283 tradant
530 2253 568 2283 et
600 2245 799 2295 assignent
829 2247 980 2296 absque
1011 2247 1143 2297 aliqua
1180 2247 1220 2285 in
1251 2260 1318 2285 eos
1350 2254 1497 2285 tortura
1526 2254 1565 2285 et

176 2298 515 2337 animadversione
546 2298 679 2338 debite
713 2299 962 2349 puniendos:
1007 2300 1151 2349 quibus
1182 2301 1295 2338 enixe
1328 2301 1564 2338 mandamus

177 2360 230 2398 ut,
253 2351 360 2390 omni
394 2351 522 2402 posita
553 2365 662 2390 mora
690 2353 911 2402 favoreque,
953 2352 1177 2403 diligentius
1215 2366 1335 2403 quam
1373 2354 1564 2392 hactenus

176 2407 320 2444 factum
344 2405 426 2451 fuit,
444 2405 549 2443 iuxta
569 2418 695 2443 sacras
717 2405 938 2444 sanctiones
955 2406 1118 2445 omnino
1132 2406 1296 2457 puniant
1311 2407 1561 2451 facinorosos,

174 2461 276 2497 adeo
307 2460 414 2508 quod
445 2458 616 2497 criminis
647 2459 877 2497 enormitate
907 2462 1178 2508 expostulante
1200 2459 1321 2510 possit
1343 2459 1561 2510 episcopus,
