<?xml version="1.0" encoding="UTF-8"?>
<!DOCTYPE html PUBLIC "-//W3C//DTD XHTML 1.0 Transitional//EN"
    "http://www.w3.org/TR/xhtml1/DTD/xhtml1-transitional.dtd">
<html xmlns="http://www.w3.org/1999/xhtml" xml:lang="en" lang="en">
 <head>
  <title>
</title>
<meta http-equiv="Content-Type" content="text/html;charset=utf-8" />
  <meta name='ocr-system' content='tesseract 3.04.00' />
  <meta name='ocr-capabilities' content='ocr_page ocr_carea ocr_par ocr_line ocrx_word'/>
</head>
<body>
  <div class='ocr_page' id='page_1' title='image "./docreform00kidd_0682.png"; bbox 0 0 1715 2780; ppageno 0'>
   <div class='ocr_carea' id='block_1_1' title="bbox 213 106 1608 159">
    <p class='ocr_par' dir='ltr' id='par_1_1' title="bbox 213 106 1608 159">
     <span class='ocr_line' id='line_1_1' title="bbox 213 106 1608 159; baseline 0.004 -17"><span class='ocrx_word' id='word_1_1' title='bbox 213 107 288 155; x_wconf 73' lang='lat'>(154</span> <span class='ocrx_word' id='word_1_2' title='bbox 329 106 643 145; x_wconf 66' lang='lat' dir='ltr'>CALVINISM</span> <span class='ocrx_word' id='word_1_3' title='bbox 668 108 727 146; x_wconf 84' lang='lat' dir='ltr'>IN</span> <span class='ocrx_word' id='word_1_4' title='bbox 751 108 1171 155; x_wconf 75' lang='lat' dir='ltr'>SWITZERLAND,</span> <span class='ocrx_word' id='word_1_5' title='bbox 1195 109 1492 156; x_wconf 82' lang='lat' dir='ltr'>HUNGARY,</span> <span class='ocrx_word' id='word_1_6' title='bbox 1534 120 1608 159; x_wconf 87' lang='lat'>319</span> 
     </span>
    </p>
   </div>
   <div class='ocr_carea' id='block_1_2' title="bbox 186 211 1608 2525">
    <p class='ocr_par' dir='ltr' id='par_1_2' title="bbox 210 211 1608 316">
     <span class='ocr_line' id='line_1_2' title="bbox 211 211 1608 262; baseline 0.004 -14"><span class='ocrx_word' id='word_1_7' title='bbox 211 211 362 249; x_wconf 87' lang='lat' dir='ltr'>dudum</span> <span class='ocrx_word' id='word_1_8' title='bbox 385 212 592 262; x_wconf 82' lang='lat' dir='ltr'>participes</span> <span class='ocrx_word' id='word_1_9' title='bbox 614 213 703 251; x_wconf 90' lang='lat' dir='ltr'>facti</span> <span class='ocrx_word' id='word_1_10' title='bbox 731 220 839 250; x_wconf 86' lang='lat' dir='ltr'>erant</span> <span class='ocrx_word' id='word_1_11' title='bbox 861 212 1016 259; x_wconf 77' lang='lat' dir='ltr'>Christi,</span> <span class='ocrx_word' id='word_1_12' title='bbox 1040 214 1365 252; x_wconf 78' lang='lat' dir='ltr'>communionem</span> <span class='ocrx_word' id='word_1_13' title='bbox 1392 214 1496 252; x_wconf 91' lang='lat' dir='ltr'>illam</span> <span class='ocrx_word' id='word_1_14' title='bbox 1518 227 1608 253; x_wconf 78' lang='lat' dir='ltr'>con-</span> 
     </span>
     <span class='ocr_line' id='line_1_3' title="bbox 210 265 850 316; baseline 0.005 -14"><span class='ocrx_word' id='word_1_15' title='bbox 210 265 362 304; x_wconf 88' lang='lat' dir='ltr'>tinuare</span> <span class='ocrx_word' id='word_1_16' title='bbox 382 279 428 304; x_wconf 90' lang='lat' dir='ltr'>ac</span> <span class='ocrx_word' id='word_1_17' title='bbox 450 279 626 316; x_wconf 91' lang='lat' dir='ltr'>reparare</span> <span class='ocrx_word' id='word_1_18' title='bbox 647 268 850 305; x_wconf 81' lang='lat' dir='ltr'><strong>fateamur.</strong></span> 
     </span>
    </p>

    <p class='ocr_par' dir='ltr' id='par_1_3' title="bbox 203 320 1606 750">
     <span class='ocr_line' id='line_1_4' title="bbox 265 320 1604 372; baseline 0.002 -14"><span class='ocrx_word' id='word_1_19' title='bbox 265 321 315 358; x_wconf 91' lang='lat' dir='ltr'>X.</span> <span class='ocrx_word' id='word_1_20' title='bbox 347 321 490 370; x_wconf 83' lang='lat' dir='ltr'>Neque</span> <span class='ocrx_word' id='word_1_21' title='bbox 510 320 615 358; x_wconf 90' lang='lat' dir='ltr'>enim</span> <span class='ocrx_word' id='word_1_22' title='bbox 636 321 687 360; x_wconf 91' lang='lat' dir='ltr'>ad</span> <span class='ocrx_word' id='word_1_23' title='bbox 708 320 816 371; x_wconf 86' lang='lat' dir='ltr'>signa</span> <span class='ocrx_word' id='word_1_24' title='bbox 836 321 953 368; x_wconf 91' lang='lat' dir='ltr'>nuda,</span> <span class='ocrx_word' id='word_1_25' title='bbox 978 321 1047 360; x_wconf 87' lang='lat' dir='ltr'>sed</span> <span class='ocrx_word' id='word_1_26' title='bbox 1069 321 1199 371; x_wconf 89' lang='lat' dir='ltr'>potius</span> <span class='ocrx_word' id='word_1_27' title='bbox 1220 322 1271 360; x_wconf 91' lang='lat' dir='ltr'>ad</span> <span class='ocrx_word' id='word_1_28' title='bbox 1291 321 1604 372; x_wconf 86' lang='lat' dir='ltr'>promissionem,</span> 
     </span>
     <span class='ocr_line' id='line_1_5' title="bbox 209 374 1606 428; baseline 0.001 -15"><span class='ocrx_word' id='word_1_29' title='bbox 209 387 310 425; x_wconf 89' lang='lat' dir='ltr'>quae</span> <span class='ocrx_word' id='word_1_30' title='bbox 326 374 403 412; x_wconf 88' lang='lat' dir='ltr'>illic</span> <span class='ocrx_word' id='word_1_31' title='bbox 419 388 571 413; x_wconf 81' lang='lat' dir='ltr'>annexa</span> <span class='ocrx_word' id='word_1_32' title='bbox 587 383 655 421; x_wconf 86' lang='lat' dir='ltr'>est,</span> <span class='ocrx_word' id='word_1_33' title='bbox 674 375 867 425; x_wconf 78' lang='lat' dir='ltr'><strong>respicere</strong></span> <span class='ocrx_word' id='word_1_34' title='bbox 881 374 1074 413; x_wconf 85' lang='lat' dir='ltr'>convenit.</span> <span class='ocrx_word' id='word_1_35' title='bbox 1131 376 1338 425; x_wconf 83' lang='lat' dir='ltr'>Quatenus</span> <span class='ocrx_word' id='word_1_36' title='bbox 1358 389 1449 426; x_wconf 87' lang='lat' dir='ltr'>ergo</span> <span class='ocrx_word' id='word_1_37' title='bbox 1462 376 1502 414; x_wconf 92' lang='lat' dir='ltr'>in</span> <span class='ocrx_word' id='word_1_38' title='bbox 1523 390 1606 428; x_wconf 93' lang='lat' dir='ltr'>pro-</span> 
     </span>
     <span class='ocr_line' id='line_1_6' title="bbox 209 428 1605 479; baseline 0.002 -13"><span class='ocrx_word' id='word_1_39' title='bbox 209 428 397 467; x_wconf 74' lang='lat' dir='ltr'>missione</span> <span class='ocrx_word' id='word_1_40' title='bbox 419 428 495 466; x_wconf 90' lang='lat' dir='ltr'>illic</span> <span class='ocrx_word' id='word_1_41' title='bbox 524 429 656 467; x_wconf 87' lang='lat' dir='ltr'>oblata</span> <span class='ocrx_word' id='word_1_42' title='bbox 685 430 863 479; x_wconf 88' lang='lat' dir='ltr'>proficiat</span> <span class='ocrx_word' id='word_1_43' title='bbox 888 437 1019 468; x_wconf 91' lang='lat' dir='ltr'>nostra</span> <span class='ocrx_word' id='word_1_44' title='bbox 1050 430 1158 475; x_wconf 84' lang='lat' dir='ltr'>fideS,</span> <span class='ocrx_word' id='word_1_45' title='bbox 1186 438 1348 469; x_wconf 87' lang='lat' dir='ltr'>eatenus</span> <span class='ocrx_word' id='word_1_46' title='bbox 1378 430 1450 469; x_wconf 83' lang='lat' dir='ltr'>ista</span> <span class='ocrx_word' id='word_1_47' title='bbox 1481 430 1536 469; x_wconf 88' lang='lat' dir='ltr'>vis</span> <span class='ocrx_word' id='word_1_48' title='bbox 1567 440 1605 470; x_wconf 93' lang='lat' dir='ltr'>et</span> 
     </span>
     <span class='ocr_line' id='line_1_7' title="bbox 208 482 1604 535; baseline 0.002 -15"><span class='ocrx_word' id='word_1_49' title='bbox 208 482 391 529; x_wconf 84' lang='lat' dir='ltr'>efficacia,</span> <span class='ocrx_word' id='word_1_50' title='bbox 424 496 542 532; x_wconf 91' lang='lat' dir='ltr'>quam</span> <span class='ocrx_word' id='word_1_51' title='bbox 574 482 754 530; x_wconf 84' lang='lat' dir='ltr'>dicimus,</span> <span class='ocrx_word' id='word_1_52' title='bbox 781 496 822 521; x_wconf 86' lang='lat' dir='ltr'>se</span> <span class='ocrx_word' id='word_1_53' title='bbox 850 484 1000 521; x_wconf 83' lang='lat' dir='ltr'>exserit.</span> <span class='ocrx_word' id='word_1_54' title='bbox 1062 485 1123 521; x_wconf 94' lang='lat' dir='ltr'>Ita</span> <span class='ocrx_word' id='word_1_55' title='bbox 1147 484 1307 523; x_wconf 89' lang='lat' dir='ltr'>materia</span> <span class='ocrx_word' id='word_1_56' title='bbox 1332 497 1469 534; x_wconf 87' lang='lat' dir='ltr'>aquae,</span> <span class='ocrx_word' id='word_1_57' title='bbox 1492 485 1604 535; x_wconf 91' lang='lat' dir='ltr'>panis</span> 
     </span>
     <span class='ocr_line' id='line_1_8' title="bbox 205 536 1603 589; baseline 0.002 -14"><span class='ocrx_word' id='word_1_58' title='bbox 205 545 272 575; x_wconf 88' lang='lat' dir='ltr'>aut</span> <span class='ocrx_word' id='word_1_59' title='bbox 303 536 391 583; x_wconf 87' lang='lat' dir='ltr'>vini,</span> <span class='ocrx_word' id='word_1_60' title='bbox 425 537 627 576; x_wconf 81' lang='lat' dir='ltr'>Christum</span> <span class='ocrx_word' id='word_1_61' title='bbox 658 550 908 587; x_wconf 86' lang='lat' dir='ltr'>nequaquam</span> <span class='ocrx_word' id='word_1_62' title='bbox 939 537 1054 576; x_wconf 87' lang='lat' dir='ltr'>nobis</span> <span class='ocrx_word' id='word_1_63' title='bbox 1083 539 1207 585; x_wconf 84' lang='lat' dir='ltr'>offert,</span> <span class='ocrx_word' id='word_1_64' title='bbox 1238 551 1311 576; x_wconf 91' lang='lat' dir='ltr'>nec</span> <span class='ocrx_word' id='word_1_65' title='bbox 1345 538 1603 589; x_wconf 86' lang='lat' dir='ltr'>spiritualium</span> 
     </span>
     <span class='ocr_line' id='line_1_9' title="bbox 206 591 1603 644; baseline 0.001 -15"><span class='ocrx_word' id='word_1_66' title='bbox 206 591 290 629; x_wconf 90' lang='lat' dir='ltr'>eius</span> <span class='ocrx_word' id='word_1_67' title='bbox 320 592 517 629; x_wconf 90' lang='lat' dir='ltr'>donorum</span> <span class='ocrx_word' id='word_1_68' title='bbox 542 599 747 641; x_wconf 89' lang='lat' dir='ltr'>compotes</span> <span class='ocrx_word' id='word_1_69' title='bbox 779 605 851 630; x_wconf 90' lang='lat' dir='ltr'>nos</span> <span class='ocrx_word' id='word_1_70' title='bbox 881 591 998 630; x_wconf 89' lang='lat' dir='ltr'>facit:</span> <span class='ocrx_word' id='word_1_71' title='bbox 1031 593 1101 630; x_wconf 88' lang='lat' dir='ltr'>sed</span> <span class='ocrx_word' id='word_1_72' title='bbox 1131 591 1339 641; x_wconf 89' lang='lat' dir='ltr'>promissio</span> <span class='ocrx_word' id='word_1_73' title='bbox 1368 592 1490 642; x_wconf 87' lang='lat' dir='ltr'>magis</span> <span class='ocrx_word' id='word_1_74' title='bbox 1520 606 1603 644; x_wconf 91' lang='lat' dir='ltr'>spe-</span> 
     </span>
     <span class='ocr_line' id='line_1_10' title="bbox 206 645 1601 696; baseline 0.002 -14"><span class='ocrx_word' id='word_1_75' title='bbox 206 646 350 683; x_wconf 89' lang='lat' dir='ltr'>ctanda</span> <span class='ocrx_word' id='word_1_76' title='bbox 380 653 449 691; x_wconf 89' lang='lat' dir='ltr'>est,</span> <span class='ocrx_word' id='word_1_77' title='bbox 473 645 582 684; x_wconf 89' lang='lat' dir='ltr'>cuius</span> <span class='ocrx_word' id='word_1_78' title='bbox 612 654 741 696; x_wconf 88' lang='lat' dir='ltr'>partes</span> <span class='ocrx_word' id='word_1_79' title='bbox 769 654 859 684; x_wconf 91' lang='lat' dir='ltr'>sunt</span> <span class='ocrx_word' id='word_1_80' title='bbox 890 659 962 684; x_wconf 90' lang='lat' dir='ltr'>nos</span> <span class='ocrx_word' id='word_1_81' title='bbox 992 653 1098 684; x_wconf 90' lang='lat' dir='ltr'>recta</span> <span class='ocrx_word' id='word_1_82' title='bbox 1127 645 1219 684; x_wconf 90' lang='lat' dir='ltr'>fidei</span> <span class='ocrx_word' id='word_1_83' title='bbox 1241 647 1301 684; x_wconf 90' lang='lat' dir='ltr'>via</span> <span class='ocrx_word' id='word_1_84' title='bbox 1329 648 1379 685; x_wconf 89' lang='lat' dir='ltr'>ad</span> <span class='ocrx_word' id='word_1_85' title='bbox 1401 646 1601 686; x_wconf 87' lang='lat' dir='ltr'>Christum</span> 
     </span>
     <span class='ocr_line' id='line_1_11' title="bbox 203 699 1210 750; baseline 0.002 -14"><span class='ocrx_word' id='word_1_86' title='bbox 203 700 360 745; x_wconf 87' lang='lat' dir='ltr'>ducere,</span> <span class='ocrx_word' id='word_1_87' title='bbox 379 711 481 748; x_wconf 86' lang='lat' dir='ltr'>quae</span> <span class='ocrx_word' id='word_1_88' title='bbox 502 700 599 738; x_wconf 90' lang='lat' dir='ltr'>fides</span> <span class='ocrx_word' id='word_1_89' title='bbox 621 713 692 737; x_wconf 91' lang='lat' dir='ltr'>nos</span> <span class='ocrx_word' id='word_1_90' title='bbox 715 699 860 739; x_wconf 85' lang='lat' dir='ltr'>Christi</span> <span class='ocrx_word' id='word_1_91' title='bbox 880 699 1087 750; x_wconf 87' lang='lat' dir='ltr'>participes</span> <span class='ocrx_word' id='word_1_92' title='bbox 1108 699 1210 738; x_wconf 88' lang='lat' dir='ltr'>facit.</span> 
     </span>
    </p>

    <p class='ocr_par' dir='ltr' id='par_1_4' title="bbox 204 753 1601 1019">
     <span class='ocr_line' id='line_1_12' title="bbox 258 753 1599 805; baseline 0.003 -15"><span class='ocrx_word' id='word_1_93' title='bbox 258 754 332 791; x_wconf 89' lang='lat' dir='ltr'>XI.</span> <span class='ocrx_word' id='word_1_94' title='bbox 357 753 465 790; x_wconf 91' lang='lat' dir='ltr'>Hinc</span> <span class='ocrx_word' id='word_1_95' title='bbox 479 753 653 791; x_wconf 87' lang='lat' dir='ltr'>concidit</span> <span class='ocrx_word' id='word_1_96' title='bbox 670 766 806 791; x_wconf 91' lang='lat' dir='ltr'>eorum</span> <span class='ocrx_word' id='word_1_97' title='bbox 819 766 933 801; x_wconf 88' lang='lat' dir='ltr'>error,</span> <span class='ocrx_word' id='word_1_98' title='bbox 948 753 1016 804; x_wconf 89' lang='lat' dir='ltr'>qui</span> <span class='ocrx_word' id='word_1_99' title='bbox 1030 754 1068 791; x_wconf 90' lang='lat' dir='ltr'>in</span> <span class='ocrx_word' id='word_1_100' title='bbox 1083 753 1288 792; x_wconf 89' lang='lat' dir='ltr'>elementis</span> <span class='ocrx_word' id='word_1_101' title='bbox 1302 753 1599 805; x_wconf 88' lang='lat' dir='ltr'>obstupescunt,</span> 
     </span>
     <span class='ocr_line' id='line_1_13' title="bbox 204 806 1601 856; baseline 0.002 -12"><span class='ocrx_word' id='word_1_102' title='bbox 204 815 242 844; x_wconf 92' lang='lat' dir='ltr'>et</span> <span class='ocrx_word' id='word_1_103' title='bbox 256 806 333 845; x_wconf 90' lang='lat' dir='ltr'>illic</span> <span class='ocrx_word' id='word_1_104' title='bbox 346 807 507 856; x_wconf 83' lang='lat' dir='ltr'>affigunt</span> <span class='ocrx_word' id='word_1_105' title='bbox 522 807 655 845; x_wconf 88' lang='lat' dir='ltr'>salutis</span> <span class='ocrx_word' id='word_1_106' title='bbox 669 820 761 846; x_wconf 91' lang='lat' dir='ltr'>suae</span> <span class='ocrx_word' id='word_1_107' title='bbox 776 807 972 846; x_wconf 91' lang='lat' dir='ltr'>fiduciam.</span> <span class='ocrx_word' id='word_1_108' title='bbox 1005 809 1140 856; x_wconf 85' lang='lat' dir='ltr'>Quum</span> <span class='ocrx_word' id='word_1_109' title='bbox 1155 808 1601 848; x_wconf 88' lang='lat' dir='ltr'>sacramentaaChristo</span> 
     </span>
     <span class='ocr_line' id='line_1_14' title="bbox 204 861 1598 911; baseline 0.003 -13"><span class='ocrx_word' id='word_1_110' title='bbox 204 868 382 910; x_wconf 87' lang='lat' dir='ltr'>separata</span> <span class='ocrx_word' id='word_1_111' title='bbox 394 861 491 898; x_wconf 87' lang='lat' dir='ltr'>nihil</span> <span class='ocrx_word' id='word_1_112' title='bbox 508 861 585 899; x_wconf 90' lang='lat' dir='ltr'>sint</span> <span class='ocrx_word' id='word_1_113' title='bbox 601 875 719 911; x_wconf 87' lang='lat' dir='ltr'>quam</span> <span class='ocrx_word' id='word_1_114' title='bbox 738 861 874 900; x_wconf 86' lang='lat' dir='ltr'>inanes</span> <span class='ocrx_word' id='word_1_115' title='bbox 891 863 1018 900; x_wconf 82' lang='lat' dir='ltr'>larvae</span> <span class='ocrx_word' id='word_1_116' title='bbox 1034 876 1040 898; x_wconf 90' lang='lat'>:</span> <span class='ocrx_word' id='word_1_117' title='bbox 1073 870 1111 900; x_wconf 91' lang='lat' dir='ltr'>et</span> <span class='ocrx_word' id='word_1_118' title='bbox 1132 861 1170 899; x_wconf 93' lang='lat' dir='ltr'>in</span> <span class='ocrx_word' id='word_1_119' title='bbox 1192 861 1283 911; x_wconf 89' lang='lat' dir='ltr'>ipsis</span> <span class='ocrx_word' id='word_1_120' title='bbox 1300 861 1485 900; x_wconf 90' lang='lat' dir='ltr'>omnibus</span> <span class='ocrx_word' id='word_1_121' title='bbox 1502 864 1598 902; x_wconf 85' lang='lat' dir='ltr'>haec</span> 
     </span>
     <span class='ocr_line' id='line_1_15' title="bbox 204 915 1597 965; baseline 0.002 -13"><span class='ocrx_word' id='word_1_122' title='bbox 204 927 278 953; x_wconf 83' lang='lat' dir='ltr'>vox</span> <span class='ocrx_word' id='word_1_123' title='bbox 299 916 401 953; x_wconf 89' lang='lat' dir='ltr'>clare</span> <span class='ocrx_word' id='word_1_124' title='bbox 422 923 616 964; x_wconf 89' lang='lat' dir='ltr'>personet,</span> <span class='ocrx_word' id='word_1_125' title='bbox 640 929 720 953; x_wconf 91' lang='lat' dir='ltr'>non</span> <span class='ocrx_word' id='word_1_126' title='bbox 741 915 834 954; x_wconf 90' lang='lat' dir='ltr'>alibi</span> <span class='ocrx_word' id='word_1_127' title='bbox 855 928 973 965; x_wconf 89' lang='lat' dir='ltr'>quam</span> <span class='ocrx_word' id='word_1_128' title='bbox 996 915 1035 953; x_wconf 92' lang='lat' dir='ltr'>in</span> <span class='ocrx_word' id='word_1_129' title='bbox 1057 916 1142 954; x_wconf 92' lang='lat' dir='ltr'>solo</span> <span class='ocrx_word' id='word_1_130' title='bbox 1163 915 1322 955; x_wconf 89' lang='lat' dir='ltr'>Christo</span> <span class='ocrx_word' id='word_1_131' title='bbox 1342 916 1597 965; x_wconf 90' lang='lat' dir='ltr'>haerendum,</span> 
     </span>
     <span class='ocr_line' id='line_1_16' title="bbox 204 968 1151 1019; baseline 0.001 -13"><span class='ocrx_word' id='word_1_132' title='bbox 204 981 277 1006; x_wconf 91' lang='lat' dir='ltr'>nec</span> <span class='ocrx_word' id='word_1_133' title='bbox 298 968 459 1007; x_wconf 86' lang='lat' dir='ltr'>aliunde</span> <span class='ocrx_word' id='word_1_134' title='bbox 480 970 693 1019; x_wconf 87' lang='lat' dir='ltr'>petendam</span> <span class='ocrx_word' id='word_1_135' title='bbox 717 982 802 1008; x_wconf 90' lang='lat' dir='ltr'>esse</span> <span class='ocrx_word' id='word_1_136' title='bbox 822 969 957 1008; x_wconf 90' lang='lat' dir='ltr'>salutis</span> <span class='ocrx_word' id='word_1_137' title='bbox 977 969 1151 1019; x_wconf 82' lang='lat' dir='ltr'>gratiam.</span> 
     </span>
    </p>

    <p class='ocr_par' dir='ltr' id='par_1_5' title="bbox 200 1023 1598 1398">
     <span class='ocr_line' id='line_1_17' title="bbox 256 1023 1596 1073; baseline 0.002 -13"><span class='ocrx_word' id='word_1_138' title='bbox 256 1024 352 1061; x_wconf 87' lang='lat' dir='ltr'><strong>XII.</strong></span> <span class='ocrx_word' id='word_1_139' title='bbox 386 1025 600 1068; x_wconf 87' lang='lat' dir='ltr'>Praeterea,</span> <span class='ocrx_word' id='word_1_140' title='bbox 623 1023 652 1061; x_wconf 89' lang='lat' dir='ltr'>si</span> <span class='ocrx_word' id='word_1_141' title='bbox 674 1023 769 1073; x_wconf 89' lang='lat' dir='ltr'>quid</span> <span class='ocrx_word' id='word_1_142' title='bbox 791 1023 885 1062; x_wconf 89' lang='lat' dir='ltr'>boni</span> <span class='ocrx_word' id='word_1_143' title='bbox 908 1023 1022 1062; x_wconf 87' lang='lat' dir='ltr'>nobis</span> <span class='ocrx_word' id='word_1_144' title='bbox 1043 1037 1111 1073; x_wconf 92' lang='lat' dir='ltr'>per</span> <span class='ocrx_word' id='word_1_145' title='bbox 1131 1030 1375 1062; x_wconf 90' lang='lat' dir='ltr'>sacramenta</span> <span class='ocrx_word' id='word_1_146' title='bbox 1388 1025 1596 1071; x_wconf 92' lang='lat' dir='ltr'>confertur,</span> 
     </span>
     <span class='ocr_line' id='line_1_18' title="bbox 203 1076 1598 1129; baseline 0.003 -16"><span class='ocrx_word' id='word_1_147' title='bbox 203 1076 242 1114; x_wconf 91' lang='lat' dir='ltr'>id</span> <span class='ocrx_word' id='word_1_148' title='bbox 273 1090 354 1114; x_wconf 90' lang='lat' dir='ltr'>non</span> <span class='ocrx_word' id='word_1_149' title='bbox 386 1077 427 1115; x_wconf 88' lang='lat' dir='ltr'>fit</span> <span class='ocrx_word' id='word_1_150' title='bbox 452 1078 606 1127; x_wconf 90' lang='lat' dir='ltr'>propria</span> <span class='ocrx_word' id='word_1_151' title='bbox 633 1091 767 1116; x_wconf 90' lang='lat' dir='ltr'>eorum</span> <span class='ocrx_word' id='word_1_152' title='bbox 796 1077 948 1125; x_wconf 76' lang='lat' dir='ltr'>virtute,</span> <span class='ocrx_word' id='word_1_153' title='bbox 971 1077 1088 1116; x_wconf 87' lang='lat' dir='ltr'>etiam</span> <span class='ocrx_word' id='word_1_154' title='bbox 1119 1077 1149 1116; x_wconf 92' lang='lat' dir='ltr'>si</span> <span class='ocrx_word' id='word_1_155' title='bbox 1176 1077 1488 1127; x_wconf 89' lang='lat' dir='ltr'>promissionem,</span> <span class='ocrx_word' id='word_1_156' title='bbox 1520 1092 1598 1129; x_wconf 88' lang='lat' dir='ltr'>qua</span> 
     </span>
     <span class='ocr_line' id='line_1_19' title="bbox 202 1130 1596 1182; baseline 0.002 -15"><span class='ocrx_word' id='word_1_157' title='bbox 202 1130 474 1180; x_wconf 84' lang='lat' dir='ltr'>insigniuntur,</span> <span class='ocrx_word' id='word_1_158' title='bbox 497 1132 822 1182; x_wconf 87' lang='lat' dir='ltr'>comprehendas.</span> <span class='ocrx_word' id='word_1_159' title='bbox 885 1133 993 1170; x_wconf 91' lang='lat' dir='ltr'>Deus</span> <span class='ocrx_word' id='word_1_160' title='bbox 1021 1131 1126 1170; x_wconf 92' lang='lat' dir='ltr'>enim</span> <span class='ocrx_word' id='word_1_161' title='bbox 1148 1133 1253 1170; x_wconf 89' lang='lat' dir='ltr'>solus</span> <span class='ocrx_word' id='word_1_162' title='bbox 1274 1140 1342 1178; x_wconf 88' lang='lat' dir='ltr'>est,</span> <span class='ocrx_word' id='word_1_163' title='bbox 1365 1131 1433 1181; x_wconf 88' lang='lat' dir='ltr'>qui</span> <span class='ocrx_word' id='word_1_164' title='bbox 1453 1132 1596 1182; x_wconf 90' lang='lat' dir='ltr'>Spiritu</span> 
     </span>
     <span class='ocr_line' id='line_1_20' title="bbox 203 1184 1596 1237; baseline 0.002 -15"><span class='ocrx_word' id='word_1_165' title='bbox 203 1197 274 1223; x_wconf 90' lang='lat' dir='ltr'>suo</span> <span class='ocrx_word' id='word_1_166' title='bbox 289 1184 379 1234; x_wconf 86' lang='lat' dir='ltr'>agit.</span> <span class='ocrx_word' id='word_1_167' title='bbox 423 1186 473 1223; x_wconf 90' lang='lat' dir='ltr'>Et</span> <span class='ocrx_word' id='word_1_168' title='bbox 489 1186 597 1235; x_wconf 90' lang='lat' dir='ltr'>quod</span> <span class='ocrx_word' id='word_1_169' title='bbox 614 1193 947 1224; x_wconf 87' lang='lat' dir='ltr'>sacramentorum</span> <span class='ocrx_word' id='word_1_170' title='bbox 965 1185 1181 1224; x_wconf 89' lang='lat' dir='ltr'>ministerio</span> <span class='ocrx_word' id='word_1_171' title='bbox 1197 1185 1326 1233; x_wconf 90' lang='lat' dir='ltr'>utitur,</span> <span class='ocrx_word' id='word_1_172' title='bbox 1341 1187 1381 1223; x_wconf 91' lang='lat' dir='ltr'>in</span> <span class='ocrx_word' id='word_1_173' title='bbox 1403 1198 1450 1224; x_wconf 91' lang='lat' dir='ltr'>eo</span> <span class='ocrx_word' id='word_1_174' title='bbox 1467 1199 1596 1237; x_wconf 91' lang='lat' dir='ltr'>neque</span> 
     </span>
     <span class='ocr_line' id='line_1_21' title="bbox 202 1238 1594 1290; baseline 0.002 -15"><span class='ocrx_word' id='word_1_175' title='bbox 202 1238 279 1276; x_wconf 81' lang='lat' dir='ltr'>vim</span> <span class='ocrx_word' id='word_1_176' title='bbox 311 1238 384 1277; x_wconf 88' lang='lat' dir='ltr'>illis</span> <span class='ocrx_word' id='word_1_177' title='bbox 414 1252 524 1277; x_wconf 89' lang='lat' dir='ltr'>suam</span> <span class='ocrx_word' id='word_1_178' title='bbox 556 1239 739 1286; x_wconf 87' lang='lat' dir='ltr'>infundit,</span> <span class='ocrx_word' id='word_1_179' title='bbox 771 1253 844 1278; x_wconf 87' lang='lat' dir='ltr'>nec</span> <span class='ocrx_word' id='word_1_180' title='bbox 874 1239 1038 1289; x_wconf 87' lang='lat' dir='ltr'>Spiritus</span> <span class='ocrx_word' id='word_1_181' title='bbox 1068 1239 1126 1278; x_wconf 88' lang='lat' dir='ltr'>sui</span> <span class='ocrx_word' id='word_1_182' title='bbox 1156 1239 1352 1278; x_wconf 87' lang='lat' dir='ltr'>efficaciae</span> <span class='ocrx_word' id='word_1_183' title='bbox 1382 1239 1594 1290; x_wconf 88' lang='lat' dir='ltr'>quicquam</span> 
     </span>
     <span class='ocr_line' id='line_1_22' title="bbox 201 1293 1596 1344; baseline 0.001 -14"><span class='ocrx_word' id='word_1_184' title='bbox 201 1293 362 1343; x_wconf 82' lang='lat' dir='ltr'>derogat</span> <span class='ocrx_word' id='word_1_185' title='bbox 378 1306 384 1330; x_wconf 90' lang='lat'>:</span> <span class='ocrx_word' id='word_1_186' title='bbox 415 1294 484 1331; x_wconf 89' lang='lat' dir='ltr'>sed</span> <span class='ocrx_word' id='word_1_187' title='bbox 506 1307 576 1343; x_wconf 90' lang='lat' dir='ltr'>pro</span> <span class='ocrx_word' id='word_1_188' title='bbox 592 1293 769 1332; x_wconf 87' lang='lat' dir='ltr'>ruditatis</span> <span class='ocrx_word' id='word_1_189' title='bbox 786 1302 942 1332; x_wconf 88' lang='lat' dir='ltr'>nostrae</span> <span class='ocrx_word' id='word_1_190' title='bbox 958 1302 1075 1343; x_wconf 91' lang='lat' dir='ltr'>captu</span> <span class='ocrx_word' id='word_1_191' title='bbox 1093 1307 1138 1332; x_wconf 89' lang='lat' dir='ltr'>ea</span> <span class='ocrx_word' id='word_1_192' title='bbox 1153 1301 1342 1344; x_wconf 85' lang='lat' dir='ltr'>tanquam</span> <span class='ocrx_word' id='word_1_193' title='bbox 1356 1293 1596 1332; x_wconf 88' lang='lat' dir='ltr'>adminicula</span> 
     </span>
     <span class='ocr_line' id='line_1_23' title="bbox 200 1346 1564 1398; baseline 0.003 -15"><span class='ocrx_word' id='word_1_194' title='bbox 200 1346 255 1384; x_wconf 91' lang='lat' dir='ltr'>sic</span> <span class='ocrx_word' id='word_1_195' title='bbox 275 1347 452 1387; x_wconf 84' lang='lat' dir='ltr'>adhibet.</span> <span class='ocrx_word' id='word_1_196' title='bbox 469 1355 510 1385; x_wconf 91' lang='lat' dir='ltr'>ut</span> <span class='ocrx_word' id='word_1_197' title='bbox 532 1355 613 1386; x_wconf 91' lang='lat' dir='ltr'>tota</span> <span class='ocrx_word' id='word_1_198' title='bbox 631 1347 774 1398; x_wconf 87' lang='lat' dir='ltr'>agendi</span> <span class='ocrx_word' id='word_1_199' title='bbox 794 1348 956 1386; x_wconf 88' lang='lat' dir='ltr'>facultas</span> <span class='ocrx_word' id='word_1_200' title='bbox 979 1356 1134 1386; x_wconf 90' lang='lat' dir='ltr'>maneat</span> <span class='ocrx_word' id='word_1_201' title='bbox 1154 1349 1258 1397; x_wconf 91' lang='lat' dir='ltr'>apud</span> <span class='ocrx_word' id='word_1_202' title='bbox 1281 1347 1408 1397; x_wconf 89' lang='lat' dir='ltr'>ipsum</span> <span class='ocrx_word' id='word_1_203' title='bbox 1425 1349 1564 1387; x_wconf 91' lang='lat' dir='ltr'>solum.</span> 
     </span>
    </p>

    <p class='ocr_par' dir='ltr' id='par_1_6' title="bbox 197 1402 1593 1720">
     <span class='ocr_line' id='line_1_24' title="bbox 255 1402 1593 1451; baseline 0.001 -13"><span class='ocrx_word' id='word_1_204' title='bbox 255 1402 375 1438; x_wconf 88' lang='lat' dir='ltr'>XIII.</span> <span class='ocrx_word' id='word_1_205' title='bbox 419 1403 569 1450; x_wconf 88' lang='lat' dir='ltr'>Itaque,</span> <span class='ocrx_word' id='word_1_206' title='bbox 611 1402 952 1450; x_wconf 83' lang='lat' dir='ltr'>quemadmodum</span> <span class='ocrx_word' id='word_1_207' title='bbox 986 1402 1130 1439; x_wconf 87' lang='lat' dir='ltr'>Paulus</span> <span class='ocrx_word' id='word_1_208' title='bbox 1164 1403 1364 1448; x_wconf 84' lang='lat' dir='ltr'>admonet,</span> <span class='ocrx_word' id='word_1_209' title='bbox 1401 1414 1490 1440; x_wconf 90' lang='lat' dir='ltr'>eum</span> <span class='ocrx_word' id='word_1_210' title='bbox 1527 1402 1593 1451; x_wconf 90' lang='lat' dir='ltr'>qui</span> 
     </span>
     <span class='ocr_line' id='line_1_25' title="bbox 200 1455 1593 1505; baseline 0.001 -14"><span class='ocrx_word' id='word_1_211' title='bbox 200 1455 349 1503; x_wconf 88' lang='lat' dir='ltr'>plantat</span> <span class='ocrx_word' id='word_1_212' title='bbox 376 1463 443 1492; x_wconf 88' lang='lat' dir='ltr'>aut</span> <span class='ocrx_word' id='word_1_213' title='bbox 475 1455 571 1504; x_wconf 89' lang='lat' dir='ltr'>rigat</span> <span class='ocrx_word' id='word_1_214' title='bbox 601 1455 697 1492; x_wconf 86' lang='lat' dir='ltr'>nihil</span> <span class='ocrx_word' id='word_1_215' title='bbox 727 1468 822 1501; x_wconf 88' lang='lat' dir='ltr'>esse,</span> <span class='ocrx_word' id='word_1_216' title='bbox 855 1456 924 1493; x_wconf 91' lang='lat' dir='ltr'>sed</span> <span class='ocrx_word' id='word_1_217' title='bbox 957 1468 1080 1492; x_wconf 90' lang='lat' dir='ltr'>unum</span> <span class='ocrx_word' id='word_1_218' title='bbox 1115 1457 1244 1493; x_wconf 88' lang='lat' dir='ltr'>Deum</span> <span class='ocrx_word' id='word_1_219' title='bbox 1277 1455 1344 1505; x_wconf 90' lang='lat' dir='ltr'>qui</span> <span class='ocrx_word' id='word_1_220' title='bbox 1376 1456 1443 1493; x_wconf 89' lang='lat' dir='ltr'>dat</span> <span class='ocrx_word' id='word_1_221' title='bbox 1473 1456 1593 1494; x_wconf 90' lang='lat' dir='ltr'>incre-</span> 
     </span>
     <span class='ocr_line' id='line_1_26' title="bbox 201 1508 1589 1557; baseline 0.001 -12"><span class='ocrx_word' id='word_1_222' title='bbox 201 1515 403 1546; x_wconf 88' lang='lat' dir='ltr'>mentum:</span> <span class='ocrx_word' id='word_1_223' title='bbox 434 1508 486 1546; x_wconf 91' lang='lat' dir='ltr'>ita</span> <span class='ocrx_word' id='word_1_224' title='bbox 516 1517 553 1546; x_wconf 89' lang='lat' dir='ltr'>et</span> <span class='ocrx_word' id='word_1_225' title='bbox 584 1509 634 1546; x_wconf 91' lang='lat' dir='ltr'>de</span> <span class='ocrx_word' id='word_1_226' title='bbox 662 1509 923 1546; x_wconf 85' lang='lat' dir='ltr'>Sacramentis</span> <span class='ocrx_word' id='word_1_227' title='bbox 952 1508 1166 1547; x_wconf 90' lang='lat' dir='ltr'>dicendum</span> <span class='ocrx_word' id='word_1_228' title='bbox 1194 1517 1263 1555; x_wconf 91' lang='lat' dir='ltr'>est,</span> <span class='ocrx_word' id='word_1_229' title='bbox 1293 1522 1338 1547; x_wconf 86' lang='lat' dir='ltr'>ea</span> <span class='ocrx_word' id='word_1_230' title='bbox 1372 1509 1469 1546; x_wconf 88' lang='lat' dir='ltr'>nihil</span> <span class='ocrx_word' id='word_1_231' title='bbox 1493 1522 1589 1557; x_wconf 90' lang='lat' dir='ltr'>esse,</span> 
     </span>
     <span class='ocr_line' id='line_1_27' title="bbox 198 1561 1592 1612; baseline 0.001 -13"><span class='ocrx_word' id='word_1_232' title='bbox 198 1561 289 1610; x_wconf 88' lang='lat' dir='ltr'>quia</span> <span class='ocrx_word' id='word_1_233' title='bbox 303 1562 400 1599; x_wconf 90' lang='lat' dir='ltr'>nihil</span> <span class='ocrx_word' id='word_1_234' title='bbox 414 1563 614 1612; x_wconf 88' lang='lat' dir='ltr'>profutura</span> <span class='ocrx_word' id='word_1_235' title='bbox 627 1562 714 1609; x_wconf 85' lang='lat' dir='ltr'>sint,</span> <span class='ocrx_word' id='word_1_236' title='bbox 730 1562 803 1600; x_wconf 88' lang='lat' dir='ltr'>nisi</span> <span class='ocrx_word' id='word_1_237' title='bbox 821 1564 929 1601; x_wconf 87' lang='lat' dir='ltr'>Deus</span> <span class='ocrx_word' id='word_1_238' title='bbox 946 1562 985 1599; x_wconf 89' lang='lat' dir='ltr'>in</span> <span class='ocrx_word' id='word_1_239' title='bbox 1000 1562 1169 1601; x_wconf 87' lang='lat' dir='ltr'>solidum</span> <span class='ocrx_word' id='word_1_240' title='bbox 1187 1562 1320 1601; x_wconf 87' lang='lat' dir='ltr'>omnia</span> <span class='ocrx_word' id='word_1_241' title='bbox 1336 1562 1488 1603; x_wconf 87' lang='lat' dir='ltr'>efficiat.</span> <span class='ocrx_word' id='word_1_242' title='bbox 1523 1564 1592 1602; x_wconf 93' lang='lat' dir='ltr'>Or-</span> 
     </span>
     <span class='ocr_line' id='line_1_28' title="bbox 197 1615 1590 1666; baseline 0.002 -13"><span class='ocrx_word' id='word_1_243' title='bbox 197 1628 297 1664; x_wconf 86' lang='lat' dir='ltr'>gana</span> <span class='ocrx_word' id='word_1_244' title='bbox 311 1616 471 1665; x_wconf 92' lang='lat' dir='ltr'>quidem</span> <span class='ocrx_word' id='word_1_245' title='bbox 487 1624 588 1662; x_wconf 84' lang='lat' dir='ltr'>sunt,</span> <span class='ocrx_word' id='word_1_246' title='bbox 599 1616 741 1666; x_wconf 91' lang='lat' dir='ltr'>quibus</span> <span class='ocrx_word' id='word_1_247' title='bbox 756 1615 1051 1663; x_wconf 87' lang='lat' dir='ltr'>efficaciter,ubi</span> <span class='ocrx_word' id='word_1_248' title='bbox 1066 1616 1191 1655; x_wconf 86' lang='lat' dir='ltr'>visum</span> <span class='ocrx_word' id='word_1_249' title='bbox 1206 1624 1275 1663; x_wconf 91' lang='lat' dir='ltr'>est,</span> <span class='ocrx_word' id='word_1_250' title='bbox 1285 1616 1363 1666; x_wconf 90' lang='lat' dir='ltr'>agit</span> <span class='ocrx_word' id='word_1_251' title='bbox 1373 1618 1499 1656; x_wconf 91' lang='lat' dir='ltr'>Deus:</span> <span class='ocrx_word' id='word_1_252' title='bbox 1520 1618 1590 1656; x_wconf 86' lang='lat' dir='ltr'>sed</span> 
     </span>
     <span class='ocr_line' id='line_1_29' title="bbox 198 1669 1569 1720; baseline 0.002 -14"><span class='ocrx_word' id='word_1_253' title='bbox 198 1669 250 1706; x_wconf 86' lang='lat' dir='ltr'>ita</span> <span class='ocrx_word' id='word_1_254' title='bbox 267 1677 308 1707; x_wconf 91' lang='lat' dir='ltr'>ut</span> <span class='ocrx_word' id='word_1_255' title='bbox 329 1678 454 1708; x_wconf 87' lang='lat' dir='ltr'>totum</span> <span class='ocrx_word' id='word_1_256' title='bbox 477 1670 610 1708; x_wconf 87' lang='lat' dir='ltr'>salutis</span> <span class='ocrx_word' id='word_1_257' title='bbox 632 1678 787 1709; x_wconf 90' lang='lat' dir='ltr'>nostrae</span> <span class='ocrx_word' id='word_1_258' title='bbox 803 1683 902 1720; x_wconf 90' lang='lat' dir='ltr'>opus</span> <span class='ocrx_word' id='word_1_259' title='bbox 919 1669 991 1720; x_wconf 90' lang='lat' dir='ltr'>ipsi</span> <span class='ocrx_word' id='word_1_260' title='bbox 1008 1669 1075 1708; x_wconf 87' lang='lat' dir='ltr'>uni</span> <span class='ocrx_word' id='word_1_261' title='bbox 1090 1677 1297 1720; x_wconf 89' lang='lat' dir='ltr'>acceptum</span> <span class='ocrx_word' id='word_1_262' title='bbox 1314 1670 1401 1708; x_wconf 92' lang='lat' dir='ltr'>ferri</span> <span class='ocrx_word' id='word_1_263' title='bbox 1414 1670 1569 1709; x_wconf 87' lang='lat' dir='ltr'>debeat.</span> 
     </span>
    </p>

    <p class='ocr_par' dir='ltr' id='par_1_7' title="bbox 195 1723 1589 1935">
     <span class='ocr_line' id='line_1_30' title="bbox 251 1723 1589 1774; baseline 0.001 -13"><span class='ocrx_word' id='word_1_264' title='bbox 251 1724 362 1761; x_wconf 83' lang='lat' dir='ltr'>XIV.</span> <span class='ocrx_word' id='word_1_265' title='bbox 395 1723 684 1763; x_wconf 89' lang='lat' dir='ltr'>Constituimus</span> <span class='ocrx_word' id='word_1_266' title='bbox 704 1737 795 1774; x_wconf 85' lang='lat' dir='ltr'>ergo</span> <span class='ocrx_word' id='word_1_267' title='bbox 816 1738 939 1762; x_wconf 90' lang='lat' dir='ltr'>unum</span> <span class='ocrx_word' id='word_1_268' title='bbox 961 1737 1046 1762; x_wconf 89' lang='lat' dir='ltr'>esse</span> <span class='ocrx_word' id='word_1_269' title='bbox 1059 1723 1271 1770; x_wconf 90' lang='lat' dir='ltr'>Christum,</span> <span class='ocrx_word' id='word_1_270' title='bbox 1289 1723 1355 1773; x_wconf 91' lang='lat' dir='ltr'>qui</span> <span class='ocrx_word' id='word_1_271' title='bbox 1375 1737 1464 1762; x_wconf 83' lang='lat' dir='ltr'>vere</span> <span class='ocrx_word' id='word_1_272' title='bbox 1484 1724 1589 1763; x_wconf 90' lang='lat' dir='ltr'>intus</span> 
     </span>
     <span class='ocr_line' id='line_1_31' title="bbox 197 1776 1588 1829; baseline 0.001 -14"><span class='ocrx_word' id='word_1_273' title='bbox 197 1776 377 1827; x_wconf 84' lang='lat' dir='ltr'>baptizat,</span> <span class='ocrx_word' id='word_1_274' title='bbox 410 1777 477 1827; x_wconf 93' lang='lat' dir='ltr'>qui</span> <span class='ocrx_word' id='word_1_275' title='bbox 509 1791 581 1815; x_wconf 90' lang='lat' dir='ltr'>nos</span> <span class='ocrx_word' id='word_1_276' title='bbox 615 1777 655 1815; x_wconf 88' lang='lat' dir='ltr'>in</span> <span class='ocrx_word' id='word_1_277' title='bbox 686 1778 825 1817; x_wconf 88' lang='lat' dir='ltr'>Coena</span> <span class='ocrx_word' id='word_1_278' title='bbox 858 1777 950 1816; x_wconf 88' lang='lat' dir='ltr'>facit</span> <span class='ocrx_word' id='word_1_279' title='bbox 981 1779 1039 1816; x_wconf 88' lang='lat' dir='ltr'>sui</span> <span class='ocrx_word' id='word_1_280' title='bbox 1070 1777 1289 1828; x_wconf 89' lang='lat' dir='ltr'>participes,</span> <span class='ocrx_word' id='word_1_281' title='bbox 1323 1777 1390 1827; x_wconf 87' lang='lat' dir='ltr'>qui</span> <span class='ocrx_word' id='word_1_282' title='bbox 1416 1777 1588 1829; x_wconf 89' lang='lat' dir='ltr'>denique</span> 
     </span>
     <span class='ocr_line' id='line_1_32' title="bbox 197 1830 1586 1882; baseline 0.001 -14"><span class='ocrx_word' id='word_1_283' title='bbox 197 1830 332 1880; x_wconf 90' lang='lat' dir='ltr'>implet</span> <span class='ocrx_word' id='word_1_284' title='bbox 349 1832 457 1881; x_wconf 90' lang='lat' dir='ltr'>quod</span> <span class='ocrx_word' id='word_1_285' title='bbox 474 1832 639 1881; x_wconf 89' lang='lat' dir='ltr'>figurant</span> <span class='ocrx_word' id='word_1_286' title='bbox 657 1833 908 1870; x_wconf 86' lang='lat' dir='ltr'>Sacramenta</span> <span class='ocrx_word' id='word_1_287' title='bbox 924 1847 930 1870; x_wconf 92' lang='lat'>:</span> <span class='ocrx_word' id='word_1_288' title='bbox 961 1839 999 1870; x_wconf 88' lang='lat' dir='ltr'>et</span> <span class='ocrx_word' id='word_1_289' title='bbox 1020 1833 1074 1870; x_wconf 90' lang='lat' dir='ltr'>sic</span> <span class='ocrx_word' id='word_1_290' title='bbox 1091 1833 1252 1882; x_wconf 89' lang='lat' dir='ltr'>quidem</span> <span class='ocrx_word' id='word_1_291' title='bbox 1274 1831 1330 1869; x_wconf 90' lang='lat' dir='ltr'>uti</span> <span class='ocrx_word' id='word_1_292' title='bbox 1351 1831 1410 1870; x_wconf 90' lang='lat' dir='ltr'>his</span> <span class='ocrx_word' id='word_1_293' title='bbox 1425 1831 1586 1870; x_wconf 84' lang='lat' dir='ltr'>admini-</span> 
     </span>
     <span class='ocr_line' id='line_1_33' title="bbox 195 1884 1326 1935; baseline 0.001 -13"><span class='ocrx_word' id='word_1_294' title='bbox 195 1884 303 1931; x_wconf 90' lang='lat' dir='ltr'>culis,</span> <span class='ocrx_word' id='word_1_295' title='bbox 326 1894 368 1923; x_wconf 93' lang='lat' dir='ltr'>ut</span> <span class='ocrx_word' id='word_1_296' title='bbox 390 1893 494 1923; x_wconf 92' lang='lat' dir='ltr'>totus</span> <span class='ocrx_word' id='word_1_297' title='bbox 514 1886 677 1924; x_wconf 85' lang='lat' dir='ltr'>effectus</span> <span class='ocrx_word' id='word_1_298' title='bbox 698 1899 818 1935; x_wconf 90' lang='lat' dir='ltr'>penes</span> <span class='ocrx_word' id='word_1_299' title='bbox 839 1885 921 1924; x_wconf 90' lang='lat' dir='ltr'>eius</span> <span class='ocrx_word' id='word_1_300' title='bbox 941 1885 1127 1935; x_wconf 90' lang='lat' dir='ltr'>Spiritum</span> <span class='ocrx_word' id='word_1_301' title='bbox 1147 1885 1326 1924; x_wconf 87' lang='lat' dir='ltr'>resideat.</span> 
     </span>
    </p>

    <p class='ocr_par' dir='ltr' id='par_1_8' title="bbox 191 1938 1586 2253">
     <span class='ocr_line' id='line_1_34' title="bbox 249 1938 1586 1989; baseline 0.001 -13"><span class='ocrx_word' id='word_1_302' title='bbox 249 1939 336 1977; x_wconf 86' lang='lat' dir='ltr'>XV.</span> <span class='ocrx_word' id='word_1_303' title='bbox 382 1938 445 1977; x_wconf 88' lang='lat' dir='ltr'>Sic</span> <span class='ocrx_word' id='word_1_304' title='bbox 484 1939 681 1978; x_wconf 91' lang='lat' dir='ltr'>interdum</span> <span class='ocrx_word' id='word_1_305' title='bbox 721 1947 964 1977; x_wconf 87' lang='lat' dir='ltr'>sacramenta</span> <span class='ocrx_word' id='word_1_306' title='bbox 1002 1947 1191 1978; x_wconf 86' lang='lat' dir='ltr'>vocantur</span> <span class='ocrx_word' id='word_1_307' title='bbox 1228 1938 1361 1989; x_wconf 88' lang='lat' dir='ltr'>sigilla,</span> <span class='ocrx_word' id='word_1_308' title='bbox 1401 1939 1586 1978; x_wconf 90' lang='lat' dir='ltr'>dicuntur</span> 
     </span>
     <span class='ocr_line' id='line_1_35' title="bbox 195 1991 1584 2043; baseline 0.001 -14"><span class='ocrx_word' id='word_1_309' title='bbox 195 1991 314 2030; x_wconf 90' lang='lat' dir='ltr'>fidem</span> <span class='ocrx_word' id='word_1_310' title='bbox 344 1993 457 2039; x_wconf 86' lang='lat' dir='ltr'>alere,</span> <span class='ocrx_word' id='word_1_311' title='bbox 487 1994 729 2039; x_wconf 88' lang='lat' dir='ltr'>confirmare,</span> <span class='ocrx_word' id='word_1_312' title='bbox 761 2005 1015 2042; x_wconf 80' lang='lat' dir='ltr'>promovere:</span> <span class='ocrx_word' id='word_1_313' title='bbox 1057 2001 1095 2031; x_wconf 93' lang='lat' dir='ltr'>et</span> <span class='ocrx_word' id='word_1_314' title='bbox 1124 2000 1256 2031; x_wconf 90' lang='lat' dir='ltr'>tamen</span> <span class='ocrx_word' id='word_1_315' title='bbox 1285 1993 1391 2031; x_wconf 90' lang='lat' dir='ltr'>solus</span> <span class='ocrx_word' id='word_1_316' title='bbox 1421 1992 1584 2043; x_wconf 91' lang='lat' dir='ltr'>Spiritus</span> 
     </span>
     <span class='ocr_line' id='line_1_36' title="bbox 193 2045 1582 2096; baseline 0.001 -13"><span class='ocrx_word' id='word_1_317' title='bbox 193 2045 347 2096; x_wconf 88' lang='lat' dir='ltr'>proprie</span> <span class='ocrx_word' id='word_1_318' title='bbox 374 2054 432 2084; x_wconf 91' lang='lat' dir='ltr'>est</span> <span class='ocrx_word' id='word_1_319' title='bbox 457 2046 637 2095; x_wconf 86' lang='lat' dir='ltr'>sigillum,</span> <span class='ocrx_word' id='word_1_320' title='bbox 663 2054 700 2084; x_wconf 90' lang='lat' dir='ltr'>et</span> <span class='ocrx_word' id='word_1_321' title='bbox 730 2046 835 2085; x_wconf 90' lang='lat' dir='ltr'>idem</span> <span class='ocrx_word' id='word_1_322' title='bbox 869 2047 960 2085; x_wconf 89' lang='lat' dir='ltr'>fidei</span> <span class='ocrx_word' id='word_1_323' title='bbox 991 2046 1197 2085; x_wconf 88' lang='lat' dir='ltr'>inchoator</span> <span class='ocrx_word' id='word_1_324' title='bbox 1228 2054 1286 2084; x_wconf 88' lang='lat' dir='ltr'>est</span> <span class='ocrx_word' id='word_1_325' title='bbox 1313 2053 1351 2085; x_wconf 91' lang='lat' dir='ltr'>et</span> <span class='ocrx_word' id='word_1_326' title='bbox 1380 2047 1582 2096; x_wconf 89' lang='lat' dir='ltr'>perfector.</span> 
     </span>
     <span class='ocr_line' id='line_1_37' title="bbox 194 2099 1584 2139; baseline 0.001 -3"><span class='ocrx_word' id='word_1_327' title='bbox 194 2099 297 2137; x_wconf 89' lang='lat' dir='ltr'>Nam</span> <span class='ocrx_word' id='word_1_328' title='bbox 320 2100 416 2139; x_wconf 87' lang='lat' dir='ltr'>haec</span> <span class='ocrx_word' id='word_1_329' title='bbox 438 2099 571 2137; x_wconf 91' lang='lat' dir='ltr'>omnia</span> <span class='ocrx_word' id='word_1_330' title='bbox 592 2109 924 2139; x_wconf 86' lang='lat' dir='ltr'>sacramentorum</span> <span class='ocrx_word' id='word_1_331' title='bbox 946 2100 1132 2139; x_wconf 88' lang='lat' dir='ltr'>attributa</span> <span class='ocrx_word' id='word_1_332' title='bbox 1152 2100 1333 2138; x_wconf 90' lang='lat' dir='ltr'>inferiore</span> <span class='ocrx_word' id='word_1_333' title='bbox 1353 2100 1442 2139; x_wconf 93' lang='lat' dir='ltr'>loco</span> <span class='ocrx_word' id='word_1_334' title='bbox 1462 2099 1584 2139; x_wconf 87' lang='lat' dir='ltr'>subsi-</span> 
     </span>
     <span class='ocr_line' id='line_1_38' title="bbox 193 2153 1582 2203; baseline 0.001 -12"><span class='ocrx_word' id='word_1_335' title='bbox 193 2153 302 2200; x_wconf 88' lang='lat' dir='ltr'>dunt,</span> <span class='ocrx_word' id='word_1_336' title='bbox 339 2161 381 2191; x_wconf 88' lang='lat' dir='ltr'>ut</span> <span class='ocrx_word' id='word_1_337' title='bbox 411 2167 462 2192; x_wconf 93' lang='lat' dir='ltr'>ne</span> <span class='ocrx_word' id='word_1_338' title='bbox 491 2153 654 2191; x_wconf 89' lang='lat' dir='ltr'>minima</span> <span class='ocrx_word' id='word_1_339' title='bbox 683 2153 845 2203; x_wconf 90' lang='lat' dir='ltr'>quidem</span> <span class='ocrx_word' id='word_1_340' title='bbox 875 2154 1009 2193; x_wconf 89' lang='lat' dir='ltr'>salutis</span> <span class='ocrx_word' id='word_1_341' title='bbox 1039 2162 1194 2193; x_wconf 87' lang='lat' dir='ltr'>nostrae</span> <span class='ocrx_word' id='word_1_342' title='bbox 1225 2153 1362 2203; x_wconf 88' lang='lat' dir='ltr'>portio,</span> <span class='ocrx_word' id='word_1_343' title='bbox 1384 2154 1435 2192; x_wconf 88' lang='lat' dir='ltr'>ab</span> <span class='ocrx_word' id='word_1_344' title='bbox 1464 2153 1582 2192; x_wconf 90' lang='lat' dir='ltr'>unico</span> 
     </span>
     <span class='ocr_line' id='line_1_39' title="bbox 191 2208 1230 2253; baseline 0 -9"><span class='ocrx_word' id='word_1_345' title='bbox 191 2215 361 2253; x_wconf 87' lang='lat' dir='ltr'>auctore,</span> <span class='ocrx_word' id='word_1_346' title='bbox 383 2209 434 2245; x_wconf 92' lang='lat' dir='ltr'>ad</span> <span class='ocrx_word' id='word_1_347' title='bbox 455 2215 649 2245; x_wconf 85' lang='lat' dir='ltr'>creaturas</span> <span class='ocrx_word' id='word_1_348' title='bbox 672 2208 731 2245; x_wconf 78' lang='lat' dir='ltr'>vel</span> <span class='ocrx_word' id='word_1_349' title='bbox 752 2208 946 2246; x_wconf 89' lang='lat' dir='ltr'>elementa</span> <span class='ocrx_word' id='word_1_350' title='bbox 969 2209 1230 2246; x_wconf 87' lang='lat' dir='ltr'>transferatur.</span> 
     </span>
    </p>

    <p class='ocr_par' dir='ltr' id='par_1_9' title="bbox 186 2260 1580 2525">
     <span class='ocr_line' id='line_1_40' title="bbox 245 2260 1578 2311; baseline 0.001 -13"><span class='ocrx_word' id='word_1_351' title='bbox 245 2262 355 2298; x_wconf 78' lang='lat' dir='ltr'>XVI.</span> <span class='ocrx_word' id='word_1_352' title='bbox 373 2263 594 2305; x_wconf 73' lang='lat' dir='ltr'>¹Praeterea</span> <span class='ocrx_word' id='word_1_353' title='bbox 613 2262 752 2299; x_wconf 89' lang='lat' dir='ltr'>sedulo</span> <span class='ocrx_word' id='word_1_354' title='bbox 777 2262 979 2308; x_wconf 88' lang='lat' dir='ltr'>docemus,</span> <span class='ocrx_word' id='word_1_355' title='bbox 1004 2263 1134 2299; x_wconf 92' lang='lat' dir='ltr'>Deum</span> <span class='ocrx_word' id='word_1_356' title='bbox 1160 2274 1240 2299; x_wconf 92' lang='lat' dir='ltr'>non</span> <span class='ocrx_word' id='word_1_357' title='bbox 1260 2260 1483 2311; x_wconf 90' lang='lat' dir='ltr'>promiscue</span> <span class='ocrx_word' id='word_1_358' title='bbox 1502 2260 1578 2299; x_wconf 91' lang='lat' dir='ltr'>vim</span> 
     </span>
     <span class='ocr_line' id='line_1_41' title="bbox 191 2313 1580 2364; baseline 0.001 -13"><span class='ocrx_word' id='word_1_359' title='bbox 191 2327 299 2352; x_wconf 89' lang='lat' dir='ltr'>suam</span> <span class='ocrx_word' id='word_1_360' title='bbox 331 2327 505 2353; x_wconf 79' lang='lat' dir='ltr'>exserere</span> <span class='ocrx_word' id='word_1_361' title='bbox 535 2316 573 2352; x_wconf 89' lang='lat' dir='ltr'>in</span> <span class='ocrx_word' id='word_1_362' title='bbox 603 2314 788 2353; x_wconf 88' lang='lat' dir='ltr'>omnibus</span> <span class='ocrx_word' id='word_1_363' title='bbox 815 2314 881 2364; x_wconf 87' lang='lat' dir='ltr'>qui</span> <span class='ocrx_word' id='word_1_364' title='bbox 912 2322 1155 2353; x_wconf 89' lang='lat' dir='ltr'>sacramenta</span> <span class='ocrx_word' id='word_1_365' title='bbox 1178 2313 1380 2364; x_wconf 88' lang='lat' dir='ltr'>recipiunt,</span> <span class='ocrx_word' id='word_1_366' title='bbox 1403 2315 1474 2352; x_wconf 91' lang='lat' dir='ltr'>sed</span> <span class='ocrx_word' id='word_1_367' title='bbox 1500 2320 1580 2352; x_wconf 87' lang='lat' dir='ltr'>tan-</span> 
     </span>
     <span class='ocr_line' id='line_1_42' title="bbox 190 2366 1579 2418; baseline 0 -13"><span class='ocrx_word' id='word_1_368' title='bbox 190 2375 273 2405; x_wconf 89' lang='lat' dir='ltr'>tum</span> <span class='ocrx_word' id='word_1_369' title='bbox 295 2367 335 2405; x_wconf 89' lang='lat' dir='ltr'>in</span> <span class='ocrx_word' id='word_1_370' title='bbox 356 2368 500 2406; x_wconf 88' lang='lat' dir='ltr'>electis.</span> <span class='ocrx_word' id='word_1_371' title='bbox 561 2369 665 2406; x_wconf 92' lang='lat' dir='ltr'>Nam</span> <span class='ocrx_word' id='word_1_372' title='bbox 693 2369 1031 2418; x_wconf 86' lang='lat' dir='ltr'>quemadmodum</span> <span class='ocrx_word' id='word_1_373' title='bbox 1056 2381 1136 2406; x_wconf 90' lang='lat' dir='ltr'>non</span> <span class='ocrx_word' id='word_1_374' title='bbox 1167 2367 1263 2406; x_wconf 91' lang='lat' dir='ltr'>alios</span> <span class='ocrx_word' id='word_1_375' title='bbox 1285 2368 1323 2405; x_wconf 91' lang='lat' dir='ltr'>in</span> <span class='ocrx_word' id='word_1_376' title='bbox 1351 2368 1470 2406; x_wconf 91' lang='lat' dir='ltr'>fidem</span> <span class='ocrx_word' id='word_1_377' title='bbox 1498 2366 1579 2405; x_wconf 92' lang='lat' dir='ltr'>illu-</span> 
     </span>
     <span class='ocr_line' id='line_1_43' title="bbox 189 2419 1578 2471; baseline 0 -13"><span class='ocrx_word' id='word_1_378' title='bbox 189 2420 322 2468; x_wconf 90' lang='lat' dir='ltr'>minat,</span> <span class='ocrx_word' id='word_1_379' title='bbox 349 2434 466 2471; x_wconf 91' lang='lat' dir='ltr'>quam</span> <span class='ocrx_word' id='word_1_380' title='bbox 494 2435 594 2471; x_wconf 84' lang='lat' dir='ltr'>quos</span> <span class='ocrx_word' id='word_1_381' title='bbox 622 2420 908 2471; x_wconf 81' lang='lat' dir='ltr'>praeordinavit</span> <span class='ocrx_word' id='word_1_382' title='bbox 933 2422 984 2460; x_wconf 88' lang='lat' dir='ltr'>ad</span> <span class='ocrx_word' id='word_1_383' title='bbox 1010 2420 1146 2459; x_wconf 79' lang='lat' dir='ltr'>vitam:</span> <span class='ocrx_word' id='word_1_384' title='bbox 1177 2421 1229 2459; x_wconf 89' lang='lat' dir='ltr'>ita</span> <span class='ocrx_word' id='word_1_385' title='bbox 1253 2434 1395 2459; x_wconf 92' lang='lat' dir='ltr'>arcana</span> <span class='ocrx_word' id='word_1_386' title='bbox 1415 2419 1578 2470; x_wconf 89' lang='lat' dir='ltr'>Spiritus</span> 
     </span>
     <span class='ocr_line' id='line_1_44' title="bbox 186 2474 1560 2525; baseline 0 -14"><span class='ocrx_word' id='word_1_387' title='bbox 186 2474 242 2511; x_wconf 88' lang='lat' dir='ltr'>sui</span> <span class='ocrx_word' id='word_1_388' title='bbox 266 2474 405 2513; x_wconf 75' lang='lat' dir='ltr'>virtute</span> <span class='ocrx_word' id='word_1_389' title='bbox 431 2475 547 2513; x_wconf 88' lang='lat' dir='ltr'>efficit</span> <span class='ocrx_word' id='word_1_390' title='bbox 569 2484 609 2513; x_wconf 87' lang='lat' dir='ltr'>ut</span> <span class='ocrx_word' id='word_1_391' title='bbox 632 2474 846 2525; x_wconf 86' lang='lat' dir='ltr'>percipiant</span> <span class='ocrx_word' id='word_1_392' title='bbox 867 2476 979 2513; x_wconf 90' lang='lat' dir='ltr'>electi</span> <span class='ocrx_word' id='word_1_393' title='bbox 1001 2488 1102 2524; x_wconf 89' lang='lat' dir='ltr'>quae</span> <span class='ocrx_word' id='word_1_394' title='bbox 1123 2475 1291 2512; x_wconf 83' lang='lat' dir='ltr'>offerunt</span> <span class='ocrx_word' id='word_1_395' title='bbox 1307 2481 1560 2512; x_wconf 88' lang='lat' dir='ltr'>sacramenta.</span> 
     </span>
    </p>
   </div>
   <div class='ocr_carea' id='block_1_3' title="bbox 1692 1929 1712 2340">
    <p class='ocr_par' dir='ltr' id='par_1_10' title="bbox 1692 1929 1712 2340">
     <span class='ocr_line' id='line_1_45' title="bbox 1692 1929 1712 2340; baseline 0 440"><span class='ocrx_word' id='word_1_396' title='bbox 1692 1929 1712 2340; x_wconf 95' lang='lat' dir='ltr'> </span> 
     </span>
    </p>
   </div>
  </div>
 </body>
</html>
