1715 2780
139 125 185 151 10
395 111 681 152 SPECIMEN
720 110 945 150 GRANTS
985 108 1056 150 OF
1091 120 1269 159 1513—17
1500 115 1526 154 4

134 230 157 255 a
195 217 368 267 praefato
407 218 535 266 legato
574 204 855 266 praescriptum
893 223 932 253 et
970 212 1193 253 ordinatum
1217 210 1346 249 suerit
1384 209 1424 248 in
1460 210 1528 248 illo

134 271 428 321 permanserint,
469 269 609 308 confisi
646 271 696 309 de
734 269 911 308 eiusdem
951 267 1027 306 Dei
1065 263 1348 316 omnipotentis
1386 262 1529 302 miseri-

135 324 278 371 cordia,
311 338 357 363 ac
388 325 593 363 beatorum
626 322 729 362 Petri
762 330 800 362 et
835 321 945 361 Pauli
974 321 1256 371 Apostolorum
1285 317 1527 364 auctoritate,

135 392 182 418 ac
197 377 305 417 verbi
326 377 408 417 eius
429 379 496 428 qui
517 385 574 416 est
595 377 656 416 via
676 377 815 416 veritas
836 384 874 415 et
894 375 982 423 vita,
1005 388 1050 413 ac
1066 373 1193 420 nobis,
1215 371 1283 423 qui
1302 371 1342 410 in
1361 384 1530 422 persona

137 432 314 471 eiusdem
355 434 398 470 B.
441 431 544 470 Petri
583 444 828 470 successores
867 442 1002 468 sumus
1041 427 1160 467 dixit:
1212 426 1529 476 ‘Quodcumque

137 486 313 537 ligaveris
343 499 459 536 super
486 494 638 533 terram,
660 485 731 524 erit
755 485 916 535 ligatum
944 491 982 522 et
1008 482 1048 520 in
1072 481 1191 521 coelis
1210 495 1219 529 3
1248 480 1529 531 quodcumque

138 540 297 580 solveris
326 553 442 590 super
469 548 623 586 terram,
650 539 721 578 erit
750 540 922 577 solutum
947 545 985 575 et
1008 536 1049 574 in
1074 536 1195 574 coelis
1210 536 1239 583 3’
1269 547 1314 572 ac
1341 533 1459 572 etiam
1479 533 1529 571 de

138 594 378 646 apostolicae
399 595 603 645 potestatis
633 592 880 643 plenitudine
901 590 1016 629 nobis
1037 589 1201 629 coelitus
1228 587 1378 634 tradita,
1400 588 1531 637 plena-

138 649 233 687 riam
255 649 434 687 omnium
455 655 707 698 peccatorum
728 659 900 694 suorum,
917 657 963 684 ac
979 657 1071 683 cum
1087 641 1290 682 Altissimo
1309 639 1531 680 reconcilia-

139 702 300 749 tionem,
318 702 614 752 indulgentiam,
633 709 671 740 et
687 700 956 739 remissionem
979 697 1103 749 qualis
1124 710 1193 747 per
1211 696 1531 747 praedecessores

141 765 294 796 nostros
315 755 398 794 dari
419 757 623 794 consuevit
644 753 984 805 proficiscentibus
1009 752 1049 790 in
1066 750 1285 790 subsidium
1306 757 1428 788 terrae
1448 761 1532 787 san-

142 819 226 849 ctae
255 819 291 849 et
318 818 454 848 contra
478 811 638 848 eosdem
662 808 944 859 perfidissimos
965 809 1126 853 Turcas,
1149 814 1187 844 et
1214 803 1339 854 qualis
1367 803 1406 841 in
1426 816 1532 841 anno

142 865 298 904 iubilaei
323 877 511 903 concessa
532 863 666 911 extitit,
691 862 947 901 concedimus
975 860 1115 911 pariter
1142 867 1179 898 et
1204 859 1465 907 indulgemus,
1487 869 1532 894 ac

141 920 357 958 eorundem
378 917 555 957 omnium
573 917 736 965 animas,
753 929 852 967 quos
874 916 913 953 in
934 917 1007 953 hac
1025 921 1159 953 sancta
1179 911 1429 963 expeditione
1449 923 1533 961 pro-

145 973 261 1011 ficisci
283 971 498 1022 contigerit,
522 978 746 1010 sanctorum
767 972 994 1021 angelorum
1017 966 1215 1007 consortio
1236 966 1275 1004 in
1296 964 1532 1004 coelestibus

142 1035 299 1065 aeterna
321 1027 502 1064 felicitate
524 1039 725 1064 mansuras
747 1032 936 1075 perpetuo
957 1022 1205 1062 decernimus
1225 1019 1500 1071 aggregandas.

800 1089 872 1139 (iii)

193 1157 233 1190 ln
253 1168 274 1190 a
290 1157 444 1191 formula
463 1156 501 1190 of
515 1156 725 1190 absolutior]
740 1153 994 1199 (XVidemanni
1016 1152 1150 1188 Clmwl.
1168 1151 1314 1193 Curiae,
1328 1160 1414 1185 ann.
1433 1147 1535 1193 1516,

144 1206 201 1248 ap.
219 1203 430 1238 Menckenii
450 1204 659 1248 Scriptores
675 1203 815 1236 Rerum
836 1202 1161 1241 Germaniam-mn,
1181 1198 1227 1233 iii.
1243 1198 1310 1242 736
1323 1197 1392 1242 sq.)
1412 1195 1534 1240 given,

146 1250 231 1284 with
250 1263 270 1284 a
289 1258 394 1295 grant
412 1250 524 1285 dated
546 1250 626 1284 Hos
639 1258 682 1292 27
704 1250 791 1284 Feb.
815 1249 915 1293 1516,
936 1254 972 1283 to
992 1258 1094 1282 some
1112 1246 1193 1280 who
1212 1246 1285 1280 had
1304 1241 1536 1279 contributed

145 1305 180 1332 to
200 1298 262 1332 the
284 1297 456 1342 Hospital
471 1298 512 1332 of
526 1299 641 1332 Santo
656 1296 794 1341 Spirito
812 1296 847 1330 in
863 1295 972 1331 saxia
988 1300 1025 1329 at
1040 1295 1170 1334 Rome,
1189 1293 1251 1327 the
1266 1288 1536 1326 commissaries

146 1356 291 1380 assume
310 1345 494 1389 authority
512 1356 599 1380 over
616 1345 689 1379 hell
708 1355 750 1378 as
768 1344 847 1378 well
866 1354 907 1377 as
926 1353 1013 1377 over
1030 1347 1238 1386 purgatory.

594 1405 625 1441 F
628 1403 779 1442 ormula
807 1398 1090 1440 Absolutionis.

202 1468 435 1508 Misereatur
468 1469 534 1515 tui,
568 1470 640 1507 &c.
698 1469 747 1506 D.
780 1469 830 1505 N.
862 1468 893 1505 Ι.
923 1467 967 1506 C.
1001 1479 1070 1516 per
1101 1464 1237 1503 merita
1270 1459 1539 1501 sanctissimae

147 1536 240 1562 suae
264 1523 467 1573 passionis,
490 1522 672 1573 dignetur
692 1530 730 1560 te
749 1521 963 1568 absolvere,
986 1527 1024 1558 et
1049 1531 1122 1569 ego
1147 1516 1378 1556 auctoritate
1404 1514 1537 1565 ipsius,

148 1586 185 1616 et
213 1578 417 1616 beatorum
446 1577 550 1615 Petri
575 1584 612 1615 et
639 1575 750 1614 Pauli
778 1575 1062 1625 Apostolorum
1083 1572 1177 1620 eius,
1199 1577 1237 1610 et
1264 1572 1313 1609 D.
1337 1570 1387 1608 N.
1410 1571 1540 1618 Papae

150 1630 243 1668 mihi
279 1630 317 1668 in
347 1632 420 1669 hac
450 1638 557 1681 parte
587 1629 797 1669 commissa
827 1636 865 1667 et
895 1627 966 1667 tibi
996 1639 1198 1673 concessa,
1225 1624 1388 1663 absolvo
1418 1629 1456 1661 te
1489 1621 1539 1660 ab

149 1684 257 1722 omni
278 1684 436 1723 vinculo
463 1682 893 1730 excommunicationis,
917 1681 1074 1720 maioris
1095 1681 1155 1719 vel
1182 1678 1353 1725 minoris,
1382 1688 1540 1726 suspen-

150 1738 268 1777 sionis
296 1746 333 1776 et
365 1738 571 1786 interdicti,
600 1738 632 1775 si
661 1751 779 1788 quam
809 1735 1028 1775 incurristi:
1077 1742 1114 1774 et
1143 1732 1305 1772 restituo
1332 1739 1370 1770 te
1397 1728 1540 1769 sanctis

153 1793 351 1830 Ecclesiae
386 1792 638 1830 sacramentis
677 1799 715 1830 et
754 1790 893 1829 unitati
931 1788 1120 1836 fidelium,
1155 1787 1319 1826 absolvo
1352 1792 1390 1824 te
1423 1782 1538 1823 etiam

150 1845 321 1896 plenarie
341 1846 391 1884 ab
412 1845 597 1884 omnibus
618 1844 789 1895 peccatis
816 1844 892 1883 tuis
918 1843 1117 1889 confessis,
1140 1839 1315 1880 contritis
1338 1845 1377 1877 et
1397 1836 1539 1884 oblitis,

151 1907 189 1938 et
204 1914 226 1937 a
242 1900 397 1938 casibus
414 1899 529 1937 etiam
549 1900 639 1937 Sedi
658 1898 911 1949 Apostolicae
928 1895 1141 1943 reservatis,
1153 1896 1192 1933 in
1206 1900 1398 1945 quantum
1414 1892 1541 1930 claves

151 1955 318 1992 Sanctae
348 1952 486 1990 Matris
509 1952 709 1991 Ecclesiae
730 1965 771 1990 se
792 1953 1019 1998 extendunt,
1043 1949 1114 1988 tibi
1134 1960 1366 1988 concessum
1388 1952 1426 1985 et
1447 1943 1542 1983 mihi

151 2006 407 2046 commissum
428 2013 486 2045 est
503 2021 509 2045 :
537 2013 574 2044 et
596 2005 757 2044 restituo
778 2014 815 2044 te
835 2005 889 2043 illi
910 2002 1160 2043 innocentiae
1175 2010 1213 2041 et
1234 2000 1390 2052 puritati
1409 1998 1451 2037 in
1466 2011 1544 2049 qua

152 2074 235 2100 eras
256 2061 417 2111 quando
438 2073 589 2098 sacrum
611 2059 806 2109 baptisma
827 2058 1018 2109 recepisti,
1039 2056 1276 2106 remittoque
1304 2053 1374 2092 tibi
1404 2064 1543 2091 omnes

153 2128 300 2165 poenas
316 2113 355 2152 in
372 2112 594 2165 purgatorio
611 2112 779 2152 debitas:
802 2114 945 2151 claudo
965 2112 1035 2150 tibi
1055 2119 1186 2160 portas
1203 2106 1342 2147 inferni
1358 2114 1396 2145 et
1408 2105 1544 2144 ianuas

152 2170 285 2219 aperio
308 2167 502 2207 Paradisi:
533 2168 639 2205 bona
660 2180 727 2216 per
742 2175 780 2204 te
801 2168 901 2205 sacta
921 2173 959 2205 et
981 2165 1111 2204 fienda
1132 2163 1209 2202 sint
1229 2162 1270 2200 in
1288 2166 1543 2211 augmentum

153 2230 243 2262 tuae
264 2223 397 2260 salutis
418 2230 456 2260 et
476 2221 621 2272 gratiae
641 2220 796 2259 divinae
818 2250 824 2257 .
849 2250 856 2257 .
881 2250 887 2257 .
