1715 2780
135 143 206 182 314
301 133 420 170 THE
454 130 778 170 DISCIPLINE
810 130 870 167 IN
901 129 1144 174 GENEVA‚
1182 127 1363 177 1542-64
1421 102 1424 105 ’
1457 128 1531 175 645

134 251 158 276 a
180 239 268 275 Deo
289 237 390 275 iuste
415 235 498 274 fieri
528 233 744 281 contendit,
778 233 851 272 nisi
882 231 993 272 cuius
1024 230 1122 270 ratio
1150 230 1224 270 sub
1253 228 1376 269 oculis
1407 228 1535 280 posita

134 291 270 330 iaceat.
330 290 462 330 Omne
483 289 588 329 enim
610 288 822 328 discrimen
846 287 946 325 inter
971 299 1108 325 causas
1129 291 1300 324 remotas
1322 291 1360 322 et
1380 282 1535 333 propin-

135 359 233 396 quas
254 345 409 391 tollens,
431 357 638 383 aerumnas
661 351 797 382 sancto
821 342 895 380 Iob
926 341 1128 391 impositas
1155 338 1230 377 Dei
1258 352 1358 389 opus
1383 336 1533 376 censeri

135 413 216 438 non
250 398 404 450 patitur,
436 398 531 449 quin
564 397 706 448 pariter
735 410 823 435 cum
860 395 1031 443 diaholo,
1064 394 1277 434 Chaldaeis
1305 400 1342 430 et
1374 391 1535 430 Sabaeis

135 453 353 492 latronibus
374 466 462 491 reus
485 453 563 490 fiat.
587 483 593 490 .
618 483 625 490 .
651 482 657 488 .

191 508 301 546 Faxit
324 506 521 546 Dominus
545 508 666 552 Deus,
692 503 895 555 Magnifici
921 512 959 542 et
983 510 1226 553 praestantes
1247 500 1327 547 viri,
1351 508 1403 547 ut,
1428 499 1536 550 quod

138 563 329 600 hactenus
360 573 502 611 magna
540 573 630 598 cum
670 560 786 597 laude
822 558 979 605 fecistis,
1012 556 1201 595 indefessi
1235 557 1285 593 ad
1317 563 1535 593 extremum

137 629 262 666 usque
283 628 422 665 puram
445 614 647 664 Evangelii
669 612 902 659 doctrinam,
919 625 1020 661 quae
1041 619 1119 649 tam
1142 610 1283 649 infesta
1304 608 1443 647 mundi
1459 607 1537 646 vio-

137 670 258 708 lentia
278 668 454 719 undique
475 670 661 718 pulsatur,
683 668 759 706 fide
776 666 1052 717 praesidioque
1075 673 1203 703 vestro
1226 662 1322 702 tueri
1343 661 1511 713 pergatis
1530 677 1535 700 :

139 732 177 763 et
192 723 279 774 pios
293 736 445 770 omnes,
459 721 526 772 qui
543 735 584 761 se
602 721 641 759 in
657 721 919 772 patrocinium
935 728 1105 758 vestrum
1128 719 1347 763 conferunt,
1364 715 1537 765 hospitio

138 777 318 828 excipere
338 791 419 815 non
440 776 629 815 desinatis
651 791 656 813 :
687 789 767 825 quo
783 775 832 814 sit
848 775 939 813 urbs
957 781 1084 812 vestra
1104 773 1204 810 inter
1220 770 1424 810 horribiles
1442 770 1536 809 istos

140 840 269 871 motus
283 832 402 870 fixum
419 832 508 869 Deo
522 831 799 876 sanctuarium,
814 837 852 867 et
869 830 983 867 fidele
998 827 1144 867 Christi
1160 825 1346 865 membris
1359 826 1522 874 asylum.

194 886 258 937 (β)
293 887 410 924 From
440 886 500 923 the
529 883 787 933 fexa—Quid
816 897 887 921 nos
919 882 1134 921 sentiamus
1160 880 1252 920 satis
1281 880 1468 929 locuples,
1497 886 1537 917 ut

140 940 236 979 nihil
262 947 462 990 praeterea
488 940 645 986 addam,
670 938 779 976 testis
805 945 861 975 est
885 937 1094 974 Institutio.
1156 937 1203 973 In
1226 934 1360 986 primis
1382 940 1538 983 rogatos

140 994 256 1033 velim
278 995 455 1041 lectores,
478 1001 519 1031 ut
540 994 649 1043 quod
671 992 747 1030 illic
769 993 969 1030 admoneo
995 989 1184 1028 memoria
1205 996 1384 1039 repetant
1402 1001 1408 1024 2
1445 989 1537 1025 Non

141 1062 238 1096 esse,
262 1056 303 1087 ut
334 1048 572 1098 quibusdam
605 1048 702 1085 falso
723 1046 887 1093 videtur,
910 1053 1086 1095 argutam
1118 1045 1220 1082 hanc
1247 1044 1305 1081 rel
1337 1043 1537 1092 spinosam

141 1103 465 1153 speculationem,
481 1115 582 1151 quae
602 1102 753 1151 absque
776 1102 900 1138 fructu
924 1099 1079 1149 ingenia
1100 1098 1250 1148 fatiget:
1277 1098 1347 1135 sed
1369 1096 1540 1145 disputa-

140 1157 289 1195 tionem
311 1157 490 1203 solidam,
510 1162 548 1194 et
567 1157 616 1194 ad
639 1154 794 1205 pietatis
817 1168 930 1192 usum
955 1153 1122 1191 maxime
1143 1151 1457 1190 accommodam.
1479 1181 1484 1188 .
1505 1180 1511 1187 .
1532 1180 1538 1186 .

143 1213 189 1249 In
212 1210 372 1251 Christo
394 1211 557 1249 fundata
587 1217 645 1248 est
676 1208 810 1247 salutis
842 1207 996 1254 fiducia,
1020 1214 1058 1245 et
1083 1206 1121 1244 in
1146 1206 1347 1255 Evangelii
1376 1203 1538 1255 promis-

142 1266 272 1304 siones
293 1263 500 1303 recumbit.
543 1265 621 1302 Sed
642 1265 739 1301 haec
761 1277 839 1301 non
862 1275 997 1312 parum
1020 1260 1147 1299 valida
1168 1261 1309 1298 fultura
1330 1266 1399 1306 est,
1416 1271 1537 1308 quum

142 1332 258 1367 nunc,
283 1327 324 1357 ut
346 1320 384 1356 in
407 1318 606 1357 Christum
630 1318 848 1363 credamus,
872 1316 1056 1355 audimus
1088 1314 1202 1353 nobis
1233 1313 1421 1353 divinitus
1452 1326 1538 1351 esse

141 1375 277 1413 datum
296 1388 302 1411 :
333 1372 424 1423 quia
440 1380 530 1410 ante
553 1371 691 1410 mundi
712 1371 902 1422 originem
925 1378 1003 1408 tam
1025 1370 1074 1408 ad
1094 1370 1211 1408 sidem
1231 1367 1398 1407 ordinati
1420 1380 1537 1417 quam

141 1429 192 1467 ad
213 1427 315 1466 vitae
342 1426 520 1466 caelestis
543 1425 826 1465 haereditatem
855 1424 969 1463 electi
991 1437 1157 1462 eramus.
1219 1423 1328 1461 Hinc
1353 1421 1417 1459 illa
1438 1421 1540 1459 inex-

143 1481 363 1532 pugnabilis
389 1480 575 1520 securitas
597 1481 705 1531 quod
728 1482 852 1526 Pater,
876 1479 942 1529 qui
965 1478 1065 1517 Filio
1087 1492 1158 1516 suo
1181 1491 1252 1516 nos
1281 1478 1319 1515 in
1340 1475 1539 1527 peculium

142 1535 264 1583 dedit,
287 1535 472 1574 omnibus
502 1534 709 1584 potentior,
734 1548 805 1573 nos
837 1547 857 1572 e
888 1547 1006 1571 manu
1030 1534 1112 1571 eius
1143 1531 1223 1582 rapi
1251 1545 1331 1570 non
1360 1529 1539 1581 patietur.

143 1620 150 1628 .
175 1622 181 1628 .
207 1619 214 1627 .
239 1589 393 1639 Quodsi
413 1603 483 1628 nos
503 1589 705 1639 Evangelii
726 1602 806 1627 non
824 1589 958 1638 pudet,
977 1588 1084 1637 quod
1112 1586 1189 1624 illic
1209 1594 1343 1636 aperte
1365 1583 1538 1629 traditur,

142 1645 250 1682 sateri
273 1657 435 1682 necesse
457 1651 526 1690 est,
547 1645 678 1681 Deum
695 1651 856 1681 aeterno
878 1655 949 1680 suo
968 1641 1231 1691 beneplacito,
1250 1641 1360 1677 cuius
1381 1638 1541 1676 aliunde

142 1711 261 1737 causa
288 1711 369 1736 non
400 1699 558 1747 pendet,
582 1711 681 1746 quos
710 1696 763 1734 illi
788 1698 911 1734 visum
936 1704 1005 1741 est,
1035 1694 1254 1733 destinasse
1282 1694 1332 1731 ad
1360 1693 1539 1736 salutem,

143 1752 226 1791 aliis
245 1751 415 1790 reiectis:
444 1759 482 1789 et
496 1765 595 1800 quos
612 1750 778 1801 gratuita
791 1749 1006 1799 adoptione
1024 1750 1207 1799 dignatus
1225 1755 1295 1793 est,
1310 1745 1454 1796 Spiritu
1469 1758 1542 1784 suo

142 1806 361 1845 illuminare
377 1814 418 1844 ut
435 1805 553 1843 vitam
571 1804 609 1842 in
628 1805 786 1844 Christo
803 1804 976 1842 oblatam
991 1802 1198 1852 recipiant:
1216 1801 1313 1839 alios
1331 1801 1383 1839 ita
1399 1807 1540 1850 sponte

143 1874 230 1899 esse
250 1859 474 1898 incredulos
496 1866 538 1897 ut
560 1858 651 1897 fidei
674 1860 759 1896 luce
781 1857 957 1897 destituti
979 1857 1019 1894 in
1040 1856 1213 1895 tenebris
1235 1862 1432 1894 maneant.
1456 1885 1463 1892 .
1489 1884 1495 1890 .
1519 1884 1525 1891 .

198 1914 252 1965 (b)
282 1915 398 1952 From
427 1915 517 1961 Reg.
542 1914 592 1950 da
626 1913 787 1959 Conseil,
811 1926 833 1963 9
855 1913 955 1950 Nov.
979 1909 1305 1961 1552.--Conseil
1334 1908 1541 1947 extraordi-

144 1969 250 2006 naire
271 1998 280 2007 .
304 1998 311 2005 .
335 1998 342 2007 .
367 1969 417 2006 de
445 1968 697 2005 l⁷lnsliszlfion
724 1967 938 2006 Cresllenne
964 1966 1017 2004 du
1040 1996 1047 2004 .
1071 1996 1078 2004 .
1103 1997 1109 2004 .
1135 1967 1190 2003 M.
1215 1963 1366 2004 Calvin.
1427 1964 1477 2000 Et
1507 1963 1542 2000 le

144 2029 229 2061 tout
249 2021 466 2067 considere,
482 2022 518 2059 le
535 2020 699 2060 Conseil
719 2034 741 2059 a
761 2022 905 2059 arreste
927 2028 965 2058 et
986 2021 1127 2058 conclu
1146 2033 1234 2069 que,
1254 2025 1383 2056 toutes
1401 2018 1542 2055 choses

145 2075 236 2114 bien
257 2075 374 2126 aoye‘s
405 2083 442 2114 et
467 2076 700 2123 entendues,
724 2077 801 2113 l'on
828 2087 1032 2125 pronunce
1058 2082 1095 2112 et
1123 2074 1304 2122 declayrc
1333 2071 1428 2110 ledit
1449 2070 1542 2108 livre

144 2131 411 2168 d'Institution
433 2136 534 2169 estre
555 2129 648 2168 bien
666 2137 703 2168 et
725 2129 987 2168 sainctement
1008 2128 1110 2174 saict,
1127 2134 1165 2165 et
1187 2140 1228 2165 sa
1242 2125 1420 2164 doctrine
1443 2133 1542 2163 estre

144 2183 292 2222 saincte
312 2183 489 2223 doctrine
509 2184 560 2222 de
584 2183 698 2230 Dieu,
722 2191 759 2221 et
781 2196 857 2233 que
878 2184 957 2221 l'on
984 2184 1019 2220 le
1045 2182 1142 2220 tient
1170 2194 1268 2230 pour
1293 2181 1372 2218 hon
1395 2186 1433 2216 ct
1453 2191 1543 2227 vray

145 2237 320 2277 ministre
348 2239 398 2277 de
419 2245 525 2276 ceste
548 2237 646 2285 Cite,
672 2245 709 2275 et
731 2251 808 2288 que
835 2237 906 2276 des
934 2237 992 2286 icy
1014 2250 1035 2274 ι
1061 2234 1248 2274 l'advenir
1275 2245 1471 2283 personne
1493 2244 1543 2270 ne

144 2291 220 2331 soit
247 2293 340 2331 ause
370 2293 496 2342 parler
526 2299 662 2330 contre
692 2291 787 2330 ledit
818 2291 912 2329 livre
943 2292 1004 2339 n'y
1029 2297 1165 2328 contre
1189 2287 1309 2326 ladite
1337 2286 1543 2325 doctrine:

144 2347 431 2384 commandans
461 2359 535 2384 aux
564 2347 709 2385 aultrcs
738 2345 881 2396 parties
912 2353 948 2383 et
979 2345 1001 2382 a
1029 2351 1117 2382 tous
1143 2341 1256 2392 qu'ilz
1285 2355 1325 2380 se
1353 2340 1544 2391 doibgent

145 2400 167 2438 a
190 2401 273 2438 cela
299 2399 409 2438 tenir.
