1715 2780
35 126 38 174 ᾗ
83 139 161 179 273
502 129 563 167 IN
593 128 1056 178 GENEVA‚1509-36
1403 138 1474 176 541

73 234 223 285 phetae,
245 231 360 271 tertio
383 233 667 281 Evangelistae,
691 239 832 281 quarto
851 232 1045 277 pastores,
1067 237 1266 290 postremo
1286 232 1479 268 Doctores.

85 289 145 326 Ex
174 285 319 337 quibus
345 287 427 325 duo
454 294 607 324 tantum
641 285 769 324 ultimi
799 284 1040 324 ordinarium
1070 284 1111 322 in
1141 283 1308 323 ecclesia
1337 297 1481 322 munus

34 348 38 355 “
83 341 255 380 habent:
285 339 383 379 alios
412 347 488 379 tres
517 340 629 379 initio
656 341 763 390 regni
790 339 849 378 sui
881 340 1079 377 Dominus
1107 338 1313 377 excitavit:
1344 346 1382 376 et
1403 351 1482 376 sus-

83 395 178 434 citat
207 394 325 434 etiam
347 394 557 442 interdum,
579 402 695 445 prout
715 402 938 444 temporum
966 392 1179 432 necessitas
1201 393 1385 443 postulat.
1412 423 1419 430 .
1444 422 1450 429 .
1473 422 1480 429 .

83 451 182 488 Tres
214 448 302 488 illae
336 448 558 487 functiones
589 462 670 487 non
705 448 796 487 ideo
825 447 1026 486 institutae
1060 448 1101 485 in
1130 446 1296 486 ecclesia
1325 447 1482 485 fuerunt

84 511 127 542 ut
158 511 370 554 perpetuae
396 504 534 550 forent,
564 504 633 541 sed
664 503 715 542 ad
747 502 787 541 id
822 503 943 540 modo
977 510 1132 551 tempus
1163 515 1242 551 quo
1273 501 1482 551 erigendae

84 564 194 596 erant
214 556 414 605 ecclesiae,
439 556 506 595 ubi
534 558 665 595 nullae
693 565 785 595 ante
815 557 977 602 fuerant,
1009 557 1069 594 vel
1099 563 1203 594 certe
1232 569 1254 593 a
1286 557 1402 593 Mose
1430 555 1482 593 ad

85 612 288 652 Christum
307 612 584 650 traducendae.
644 612 885 660 Quanquam
907 623 986 648 non
1016 623 1118 660 nego
1142 609 1237 659 quin
1267 610 1482 659 Apostolos

84 673 222 716 postea
250 678 421 716 quoque,
445 666 505 704 vel
535 666 673 704 saltem
702 678 838 704 eorum
869 666 958 703 loco
986 663 1256 714 Evangelistas
1282 663 1481 702 interdum

32 743 33 746 =
84 720 258 759 excitarit
288 721 409 766 Deus,
433 726 475 757 ut
504 727 639 758 nostro
669 726 847 769 ternpore
877 719 1023 757 factum
1054 726 1122 756 est.
1181 717 1345 756 Talibus
1375 718 1481 756 enirn

84 773 152 825 qui
176 774 383 813 ecclesiam
408 773 460 812 ab
486 772 717 812 Antichristi
747 772 971 811 defectione
1000 773 1245 819 reducerent,
1267 785 1368 822 opus
1397 771 1480 809 fuit.

87 830 237 867 Munus
275 836 408 867 tamen
447 827 575 878 ipsum
624 826 880 866 nihilominus
925 826 1275 865 extraordinarium
1313 827 1481 875 appello,

86 883 179 933 quia
200 881 242 920 in
268 881 444 921 ecclesiis
470 881 541 920 rite
567 882 790 921 constitutis
811 883 943 920 locum
965 894 1047 919 non
1068 880 1198 919 habet.
1257 881 1485 930 Sequuntur

86 938 265 975 pastores
292 950 339 975 ac
367 938 559 983 Doctores,
582 935 725 986 quibus
747 949 876 974 carere
900 948 1106 985 nunquam
1136 942 1265 985 potest
1293 933 1482 973 ecclesia:

86 990 187 1030 inter
210 1003 310 1042 quos
331 991 407 1029 hoc
427 990 663 1029 discriminis
684 1003 768 1029 esse
789 998 885 1040 puto
910 990 1019 1040 quod
1048 991 1243 1028 Doctores
1270 1001 1343 1027 nec
1371 987 1485 1026 disci-

87 1044 218 1095 plinae
251 1058 325 1084 nec
356 1052 690 1084 sacramentorum
722 1043 1055 1083 administrationi
1085 1057 1158 1082 nec
1198 1042 1484 1081 monitionibus

86 1106 154 1138 aut
183 1098 521 1138 exhortationibus
551 1106 746 1149 praesunt,
771 1099 840 1137 sed
864 1097 1085 1148 Scripturae
1117 1105 1269 1136 tantum
1298 1096 1483 1146 interpre-

87 1152 251 1192 tationi:
282 1160 324 1191 ut
355 1154 506 1192 sincera
537 1166 712 1202 sanaque
746 1152 926 1191 doctrina
959 1151 1059 1190 inter
1093 1153 1229 1190 fideles
1259 1150 1481 1189 retineatur.

89 1208 289 1246 Pastorale
308 1214 441 1246 autem
463 1220 606 1245 munus
627 1208 724 1245 haec
745 1206 879 1245 omnia
900 1206 939 1244 in
960 1219 1001 1244 se
1022 1205 1209 1244 continet.

141 1262 208 1311 ξὸ.
241 1262 453 1301 Caeterum
475 1262 583 1312 quod
604 1260 812 1321 episcopos
837 1268 875 1299 et
902 1260 1150 1310 presbyteros
1174 1268 1211 1298 et
1242 1266 1416 1309 pastores
1447 1265 1486 1296 et

33 1315 34 1326 ³
89 1315 287 1354 ministros
317 1315 540 1366 promiscue
573 1315 708 1354 vocavi
743 1314 810 1375 qui
849 1315 1034 1353 ecclesias
1069 1322 1218 1363 regunt,
1255 1312 1296 1352 id
1325 1312 1400 1351 feci
1438 1325 1485 1351 ex

90 1369 311 1429 Scripturae
331 1383 415 1417 usu,
439 1382 541 1419 quae
562 1370 755 1408 vocabula
776 1368 849 1407 ista
869 1368 1104 1407 confundit:
1135 1369 1363 1418 quicunque
1378 1366 1483 1405 enim

88 1423 210 1462 Verbi
230 1423 446 1462 ministerio
470 1425 696 1474 funguntur,
720 1423 765 1462 iis
786 1423 943 1462 titulum
964 1422 1241 1473 episcoporum
1263 1421 1407 1460 tribuit.
1425 1452 1432 1459 .
1449 1450 1456 1458 .
1477 1451 1484 1459 .

90 1477 172 1516 Hic
210 1477 286 1516 iam
326 1478 618 1517 observandum
656 1485 714 1516 est
749 1491 821 1516 nos
852 1478 1043 1516 hactenus
1075 1476 1234 1515 nonnisi
1273 1489 1319 1514 ea
1357 1474 1486 1514 officia

89 1531 341 1579 recensuisse,
365 1544 466 1582 quae
491 1533 530 1570 in
553 1532 672 1570 Verbi
704 1531 920 1570 ministerio
951 1530 1194 1570 consistunt:
1226 1543 1300 1568 nec
1327 1531 1376 1568 de
1400 1528 1485 1567 aliis

90 1587 235 1624 Paulus
252 1585 432 1625 meminit
452 1585 518 1624 illo
539 1593 678 1636 quarto
698 1587 749 1625 ad
771 1586 967 1636 Ephesios
988 1586 1116 1635 capite
1137 1585 1247 1634 quod
1267 1583 1483 1623 citavimus.

90 1641 239 1679 Verum
263 1641 303 1678 in
335 1642 453 1679 Rom.
474 1639 535 1678 xii.
562 1652 580 1689 7
604 1648 642 1678 et
667 1655 683 1679 1
709 1641 800 1680 Cor.
822 1639 884 1677 xii.
911 1641 958 1677 28
979 1639 1054 1677 alia
1081 1646 1286 1678 enumerat
1313 1645 1355 1676 ut
1379 1645 1486 1688 pote-

91 1701 221 1742 states,
258 1695 409 1733 donum
440 1693 701 1741 sanationum,
736 1693 1110 1743 interpretationem,
1144 1691 1485 1742 gubernationem,

33 1757 35 1767 ³
89 1761 307 1799 pauperum
338 1747 593 1786 curationem.
653 1750 711 1786 Ex
741 1747 885 1797 quibus
925 1761 1026 1797 quae
1059 1747 1294 1796 temporaria
1332 1747 1488 1784 fuerunt

91 1803 256 1841 omitto:
286 1801 378 1852 quia
398 1803 550 1840 nullum
571 1815 713 1852 operae
734 1800 901 1851 pretium
924 1809 982 1839 est
1003 1800 1042 1838 in
1063 1800 1117 1839 eis
1139 1799 1349 1838 immorari.
1396 1801 1488 1838 Duo

91 1863 223 1895 autem
253 1864 344 1895 sunt
373 1868 474 1905 quae
504 1864 695 1906 perpetuo
726 1862 910 1894 manent:
941 1854 1175 1905 gubernatio
1207 1863 1244 1893 et
1276 1867 1368 1892 cura
1397 1866 1489 1903 pau·

91 1923 241 1961 perum.
276 1910 569 1949 Gubernatores
589 1911 708 1948 fuisse
729 1908 909 1948 existimo
930 1908 1102 1947 seniores
1123 1922 1144 1947 e
1164 1909 1279 1958 plebe
1299 1909 1486 1953 delectos,

93 1963 161 2014 qui
186 1977 374 2003 censurae
404 1977 559 2003 morum
589 1971 627 2002 et
657 1964 901 2003 exercendae
921 1962 1153 2013 disciplinae
1183 1976 1262 2001 una
1291 1975 1382 2001 cum
1411 1961 1488 2011 epi-

92 2017 222 2068 scopis
242 2025 478 2069 praeessent.
537 2019 680 2068 Neque
707 2017 812 2056 enim
837 2031 950 2055 secus
974 2016 1217 2067 interpretari
1238 2029 1359 2067 queas
1381 2016 1489 2066 quod

92 2071 187 2110 dicit
227 2074 343 2110 Rom.
384 2072 446 2110 xii.
489 2075 522 2119 8,
562 2071 666 2121 ‘Qui
707 2078 870 2122 praeest,
906 2071 945 2110 id
977 2071 1092 2109 faciat
1124 2071 1163 2109 in
1198 2069 1488 2108 sollicitudine.’

97 2126 250 2165 Habuit
284 2125 398 2176 igitur
432 2126 482 2165 ab
512 2125 623 2164 initio
653 2138 916 2175 unaquaeque
947 2125 1114 2164 ecclesia
1142 2139 1255 2163 suum
1288 2127 1489 2169 Senatum,

93 2179 359 2230 conscriptum
399 2192 445 2218 ex
476 2179 565 2218 viris
597 2179 680 2230 piis,
714 2179 896 2229 gravibus
928 2187 966 2217 et
1005 2179 1171 2217 sanctis:
1216 2192 1337 2228 penes
1370 2190 1488 2226 quem

94 2241 175 2272 erat
205 2233 280 2281 illa,
314 2235 365 2273 de
398 2247 476 2283 qua
507 2241 642 2284 postea
675 2235 893 2283 loquemur,
927 2232 1144 2272 iurisdictio
1176 2232 1214 2270 in
1250 2230 1489 2280 corrigendis

93 2286 206 2325 vitiis.
264 2289 385 2326 Porro
414 2287 609 2326 eiusmodi
639 2287 819 2326 ordinem
850 2300 931 2325 non
958 2286 1074 2325 unius
1104 2286 1248 2324 saeculi
1279 2286 1408 2330 fuisse,
1430 2296 1491 2322 ex-

93 2340 283 2391 perientia
302 2340 387 2391 ipsa
407 2342 589 2380 declarat.
648 2342 720 2379 Est
740 2340 854 2390 igitur
875 2347 912 2379 et
934 2342 1010 2379 hoc
1029 2339 1325 2390 gubernationis
1346 2351 1491 2376 munus

95 2393 259 2433 saeculis
280 2394 464 2433 omnibus
485 2394 760 2434 necessarium.
785 2425 792 2433 .
816 2424 821 2432 .
847 2425 853 2432 .

150 2449 220 2498 ξς.
251 2448 358 2488 Cura
379 2461 597 2498 pauperum
619 2448 797 2487 diaconis
819 2448 1007 2486 mandata
1028 2446 1112 2485 fuit.
1138 2477 1143 2483 .
1169 2477 1175 2484 .
1200 2477 1205 2483 .

150 2503 245 2551 §15
277 2501 488 2550 Quaeritur
508 2515 614 2540 nunc
634 2516 656 2540 a
684 2509 817 2541 totane
842 2500 1007 2540 ecclesia
1028 2500 1116 2550 eligi
1139 2500 1281 2538 debeat
1304 2500 1489 2545 minister,
