1715 2780
235 71 312 115 460
550 67 786 106 REFORM
819 68 879 105 IN
909 68 1028 105 THE
1062 67 1202 106 REST
1232 68 1303 107 OF
1408 66 1410 68 ’
1556 77 1627 116 217

292 185 322 209 1.
355 170 498 210 Sancta
536 169 761 210 Christiana
810 171 998 217 Ecclesia,
1038 171 1150 209 cuius
1196 170 1356 210 unicum
1403 178 1522 222 caput
1568 178 1626 211 est

234 224 424 271 Christus,
466 232 556 263 nata
595 232 653 263 est
691 238 736 263 ex
777 224 852 263 Dei
891 225 1023 272 verbo,
1059 227 1098 263 in
1138 238 1266 276 eoque
1304 233 1517 275 permanet,
1554 239 1627 265 nec

233 292 373 318 vocem
402 279 513 318 audit
541 278 670 318 alieni.

290 347 322 371 2.
356 334 534 372 Ecclesia
564 332 710 373 Christi
739 346 820 371 non
851 332 986 372 condit
1012 334 1116 384 leges
1143 339 1181 372 et
1208 334 1393 372 mandata
1418 341 1524 373 extra
1551 333 1627 373 Dei

233 387 408 433 verbum,
440 401 486 426 ea
515 395 672 437 propter
702 400 840 426 omnes
869 388 1099 426 traditiones
1128 388 1336 436 humanae,
1367 401 1464 438 quas
1495 389 1628 427 Eccle-

235 440 408 480 siasticas
439 449 592 488 vocant,
614 454 694 480 non
722 441 883 480 ulterius
913 454 986 480 nos
1015 441 1192 492 obligant
1219 455 1337 492 quam
1365 449 1558 492 quatenus
1588 443 1627 480 in

236 495 311 534 Dei
332 495 452 533 verbo
473 502 564 533 sunt
584 495 771 534 fundatae
791 502 829 534 et
850 503 1092 545 praeceptae.

289 562 322 598 3.
355 548 536 588 Christus
564 556 623 587 est
649 549 765 587 unica
793 549 994 599 sapientia,
1023 549 1179 597 iustitia,
1209 549 1428 600 redemptio
1455 558 1493 588 et
1522 549 1627 588 satis-

234 603 351 641 factio
373 616 443 652 pro
464 603 633 653 peccatis
656 603 776 642 totius
797 603 936 642 mundi
950 618 960 651 ,-
990 603 1137 642 idcirco
1164 603 1272 642 aliud
1297 603 1431 642 salutis
1458 610 1496 642 et
1523 603 1628 642 satis-

233 656 412 695 factionis
440 657 621 696 meritum
643 670 713 708 pro
734 665 897 708 peccato
922 657 1099 696 confiteri
1119 665 1177 697 est
1198 657 1399 698 Christum
1419 657 1626 708 abnegare.

288 725 322 758 4.
355 712 476 760 Quod
497 725 638 762 corpus
654 719 693 750 et
709 713 865 762 sanguis
887 711 1034 751 Christi
1053 712 1310 751 essentialiter
1325 719 1363 751 et
1378 711 1629 763 corporaliter

233 765 272 802 in
293 778 396 815 pane
418 765 687 804 Eucharistiae
707 766 953 817 percipiatur,
976 779 1023 805 ex
1044 767 1241 817 Scriptura
1261 767 1378 805 Sacra
1397 779 1478 805 non
1499 774 1627 817 potest

232 819 503 858 demonstrari.

289 885 322 923 5.
356 874 490 921 Missa,
523 882 564 913 ut
593 874 713 913 hodie
744 874 783 912 in
813 888 885 913 usu
916 882 985 922 est,
1016 874 1056 913 in
1086 887 1164 924 qua
1193 873 1374 914 Christus
1406 876 1494 913 Deo
1525 873 1628 912 Patri

233 928 393 966 offertur
431 941 500 978 pro
539 928 709 979 peccatis
743 928 919 967 vivorum
955 936 993 967 et
1026 937 1280 976 mortuorum,
1317 927 1537 979 Scripturae
1570 935 1628 967 est

233 981 436 1028 contraria,
469 996 508 1020 ln
538 982 828 1021 sanctissimum
860 982 1105 1031 sacrificium,
1136 984 1360 1033 passionem
1393 990 1431 1021 et
1459 989 1627 1022 mortem

233 1035 378 1075 Christi
401 1036 632 1086 blasphema
652 1045 689 1075 et
710 1044 868 1087 propter
888 1037 1034 1076 abusus
1055 1050 1187 1075 coram
1210 1039 1298 1076 Deo
1319 1035 1609 1075 abominabilis.

288 1091 321 1126 6.
355 1091 709 1139 Quemadmodum
731 1091 910 1130 Christus
932 1092 1038 1130 solus
1058 1104 1128 1141 pro
1149 1090 1265 1129 nobis
1285 1098 1462 1130 mortuus
1483 1098 1552 1138 est,
1575 1089 1629 1128 ita

233 1144 350 1181 etiam
381 1146 486 1183 solus
516 1153 558 1183 ut
588 1145 782 1184 mediator
810 1153 848 1184 et
877 1146 1092 1184 advocatus
1123 1146 1223 1184 inter
1250 1146 1382 1183 Deum
1413 1146 1566 1184 Patrem
1589 1152 1628 1183 et

233 1210 305 1236 nos
327 1198 463 1237 fideles
489 1200 716 1238 adorandus
737 1207 819 1245 est3
850 1199 997 1238 idcirco
1018 1200 1115 1238 alios
1136 1198 1372 1238 mediatores
1399 1205 1505 1237 extra
1525 1199 1628 1237 hanc

233 1251 351 1289 vitam
383 1252 592 1292 existentes
626 1255 677 1293 ad
711 1254 958 1292 adorandum
989 1267 1210 1304 proponere
1242 1266 1332 1291 cum
1368 1254 1628 1292 fundamento

232 1305 340 1344 verbi
363 1306 439 1345 Dei
459 1315 617 1357 pugnat.

290 1372 320 1407 7.
355 1360 453 1398 Esse
482 1362 613 1399 locum
645 1369 733 1411 post
763 1362 865 1399 hanc
895 1360 1026 1408 vitam,
1052 1360 1091 1398 in
1113 1374 1192 1410 quo
1222 1344 1435 1411 purgentur
1458 1361 1626 1420 animae,

232 1413 270 1451 in
302 1413 499 1463 Scriptura
527 1427 607 1453 non
638 1415 850 1465 reperitur3
890 1414 1003 1464 proin
1033 1414 1165 1453 onmia
1200 1414 1327 1453 officia
1359 1428 1430 1465 pro
1464 1414 1628 1453 mortuis

232 1466 418 1514 instituta,
443 1476 484 1506 ut
505 1468 566 1505 vio
543 1468 667 1518 giliae,
691 1468 832 1507 missae
860 1482 929 1518 pro
953 1468 1160 1515 defunctis,
1182 1468 1401 1528 exsequiae,
1424 1468 1624 1518 septimae,

232 1520 464 1571 trigesimae,
504 1522 798 1569 anniversariae,
841 1523 1055 1573 lampades,
1097 1522 1197 1562 cerei
1236 1531 1273 1561 et
1312 1522 1352 1561 id
1391 1535 1514 1573 genus
1553 1524 1628 1561 alia

232 1576 429 1615 frustanea
458 1584 558 1614 sunt.

289 1632 322 1667 8.
357 1629 552 1680 Imagines
573 1630 760 1668 fabricare
777 1632 904 1669 cultus
923 1630 1055 1681 gratia,
1077 1629 1152 1669 Dei
1168 1631 1288 1669 verbo
1305 1632 1351 1669 V.
1371 1638 1408 1668 et
1426 1631 1478 1669 N.
1493 1632 1627 1669 Testa-

234 1685 355 1723 menti
390 1684 496 1723 libris
531 1686 818 1734 comprehenso
850 1692 1064 1735 repugnat,
1104 1684 1250 1723 idcirco
1285 1684 1315 1723 si
1348 1684 1421 1723 sub
1453 1684 1626 1735 periculo

232 1738 473 1778 adorationis
504 1746 782 1789 proponantur,
813 1739 1046 1777 abolendae.

287 1807 321 1842 9.
355 1793 655 1831 Matrimonium
686 1794 782 1830 nulli
812 1793 938 1831 ordini
971 1794 1177 1830 hominum
1212 1792 1251 1830 in
1287 1791 1484 1842 Scriptura
1514 1793 1627 1831 inter-

232 1846 381 1885 dictum
422 1855 490 1893 est,
533 1848 602 1885 sed
641 1846 887 1885 scortationis
927 1854 964 1885 et
1003 1846 1236 1896 impuritatis
1280 1846 1462 1885 vitandae
1509 1860 1626 1885 causa

232 1902 411 1939 omnium
432 1900 615 1939 ordinum
637 1900 864 1939 hominihus
886 1908 1138 1951 praeceptum
1160 1908 1198 1938 et
1216 1899 1464 1950 permissum.

292 1968 348 1992 10.
383 1953 487 2003 Quia
514 1954 743 1993 manifestus
771 1961 958 1993 scortator
978 1954 1084 1992 iuxta
1104 1953 1342 2004 Scripturam
1362 1953 1627 1993 excommuni-

233 2009 382 2047 candus
398 2023 408 2056 3
429 2007 603 2058 sequitur
621 2008 899 2047 scortationem
916 2016 982 2046 aut
999 2008 1196 2058 impurum
1213 2008 1451 2046 coelibatum
1467 2015 1625 2059 propter

232 2063 462 2101 scandalum
480 2061 576 2099 nulli
592 2061 719 2100 ordini
742 2062 863 2112 magis
880 2075 999 2112 quam
1015 2062 1246 2101 sacerdotali
1267 2063 1505 2101 damnosum
1526 2074 1622 2101 esse.

232 2170 319 2213 No.
344 2171 433 2213 218.
482 2170 704 2222 Jacobus
734 2170 1158 2214 Monasteriensis
1184 2182 1250 2213 on
1276 2171 1363 2214 the
1391 2170 1621 2225 Disputa-

549 2228 655 2270 tion
688 2226 746 2270 of
769 2228 917 2279 Rern,
950 2239 1011 2281 29
1038 2228 1150 2281 Jan.
1183 2229 1304 2281 1528.

286 2318 513 2359 Clarissimo
533 2319 616 2358 viro
637 2320 921 2367 Iureconsulto‚
947 2321 996 2357 D.
1019 2319 1272 2370 Sigismundo
1292 2320 1342 2359 de
1363 2321 1400 2359 S.
1421 2320 1621 2366 Trudone,

231 2373 437 2412 Canonico
454 2382 491 2412 et
508 2372 676 2414 Custodi
693 2372 854 2423 insignis
871 2373 1035 2423 Collegii
1057 2375 1162 2424 apud
1184 2375 1220 2413 S.
1239 2373 1438 2414 Victorem
1455 2376 1621 2424 Mogun-

231 2427 319 2475 tiae,
346 2428 520 2466 Domino
542 2436 578 2467 ct
600 2427 702 2466 fratri
724 2440 794 2465 suo
816 2427 1074 2467 observando.
