1715 2780
167 121 243 157 340
386 109 503 145 THE
539 108 838 146 FOUNDING
870 109 941 145 OF
970 109 1089 146 THE
1119 109 1340 157 JESUlTs
1497 118 1569 157 135

168 211 417 261 interrogant,
443 220 525 250 tum
557 211 673 250 etiam
703 220 878 261 posteros
903 219 1068 257 nostros
1092 211 1122 249 si
1150 224 1259 261 quOS,
1284 213 1373 250 Deo
1397 214 1564 262 volente,

168 266 382 304 imitatores
403 279 578 316 unquam
601 265 837 304 habebimus
867 265 982 303 huius
1007 266 1131 305 vitae:
1161 279 1280 316 quam
1307 278 1397 305 cum
1424 269 1565 306 multas

169 333 409 371 magnasque
430 320 574 359 habere
591 333 762 358 annexas
783 319 1032 358 difficultates
1048 320 1234 358 fuerimus
1251 320 1410 370 experti,
1427 334 1566 372 oppor-

169 382 309 413 tunum
347 374 605 413 iudicavimus
636 375 753 413 etiam
790 382 958 412 statuere
988 387 1038 412 ne
1067 375 1154 424 quis
1191 373 1232 412 in
1266 375 1340 413 hac
1371 375 1566 415 Societate

168 428 376 478 recipiatur
403 428 476 466 nisi
504 428 570 466 diu
592 442 637 466 ac
659 428 958 477 diligentissime
984 429 1097 467 fuerit
1121 428 1321 478 probatus.
1381 429 1566 481 Cumque

167 484 341 533 prudens
380 482 419 520 in
459 482 628 530 Christo,
670 490 708 520 et
746 483 807 520 vel
846 481 1026 521 doctrina
1064 495 1133 520 seu
1171 483 1273 521 vitae
1317 482 1564 523 Christianae

167 536 335 586 puritate
355 536 576 587 apparuerit
597 535 846 586 conspicuus,
865 544 960 575 tunc
980 538 1142 575 demum
1163 536 1392 575 admittatur
1405 538 1457 576 ad
1474 539 1564 577 Iesu

168 590 314 630 Christi
338 590 541 629 militiam:
572 590 640 640 qui
670 590 855 629 tenuibus
884 590 1035 641 coeptis
1064 590 1205 629 nostris
1235 591 1363 630 favere
1384 590 1566 642 dignetur

167 646 218 683 ad
246 644 409 694 gloriam
442 644 517 683 Dei
548 645 683 691 Patris,
713 644 776 682 cui
801 643 874 683 soli
903 646 952 683 sit
982 657 1136 695 semper
1162 645 1283 683 decus
1310 653 1347 684 et
1372 646 1499 685 honor
1525 647 1565 685 in

168 700 335 746 saecula,
358 701 501 737 Amen.

224 752 242 801 ξ
268 766 324 800 14.
358 753 460 792 Cum
481 759 614 791 autem
631 753 685 790 nil
706 752 746 790 in
769 752 991 802 praemissis
1005 752 1217 803 reperiatur
1234 754 1343 803 quod
1359 752 1467 803 pium
1485 766 1565 792 non

172 807 220 845 sit
237 815 303 845 aut
324 814 515 856 sanctum,
533 808 617 845 Nos
640 806 698 857 (ut
715 808 835 845 iidem
851 806 946 845 socii
963 807 1031 857 qui
1048 807 1175 846 Nobis
1192 820 1308 857 super
1321 808 1398 846 hoc
1427 807 1566 846 humil-

167 860 260 899 lime
276 860 485 911 supplicari
499 862 686 907 fecerunt,
703 862 741 898 in
756 874 892 899 eorum
906 860 973 911 pio
986 860 1143 900 vivendi
1157 862 1360 911 proposito
1374 874 1422 900 eo
1437 874 1565 911 prorn-

168 914 313 965 ptiores
334 915 499 953 existant
514 928 592 965 quo
608 928 649 953 se
666 914 802 953 maiori
820 915 931 953 Sedis
947 917 1200 965 Apostolicae
1220 915 1341 965 gratia
1354 917 1564 965 complecti

168 969 423 1019 cognoverint
445 976 482 1007 et
504 968 716 1019 praemissa
732 982 800 1018 per
817 970 902 1007 Nos
918 968 1127 1019 approbari
1147 969 1331 1020 viderint)
1353 969 1565 1020 praemissa

169 1022 303 1061 omnia
331 1023 485 1073 singula
516 1031 704 1072 tanquam
735 1023 786 1061 ad
820 1022 1060 1072 spiritualem
1095 1024 1315 1074 profectum
1347 1024 1564 1062 eorundem

169 1076 364 1115 sociorum
401 1084 438 1115 et
472 1076 609 1126 reliqui
651 1076 862 1116 Christiani
902 1077 1027 1127 gregis
1066 1084 1300 1127 opportuna,
1333 1077 1565 1127 Apostolica

167 1130 408 1177 auctoritate,
436 1139 572 1170 tenore
599 1130 864 1180 praesentium
892 1144 938 1170 ex
965 1138 1070 1170 certa
1097 1131 1260 1170 scientia
1285 1132 1562 1181 approbamus,

168 1185 448 1224 confirmamus
470 1193 507 1224 et
528 1185 802 1223 benedicimus
822 1198 868 1223 ac
895 1193 1107 1235 perpetuae
1129 1184 1321 1224 firmitatis
1346 1185 1564 1224 munimine

168 1239 412 1287 roboramus,
435 1239 621 1289 ipsosque
649 1238 776 1277 socios
806 1239 878 1277 sub
906 1246 1039 1277 nostra
1066 1246 1104 1278 et
1131 1239 1246 1278 huius
1273 1246 1432 1278 sanctae
1453 1240 1565 1278 Sedis

169 1292 424 1343 Apostolicae
472 1292 715 1342 protectione
763 1292 1018 1343 suscepimus,
1068 1293 1123 1332 eis
1170 1293 1426 1332 nihilominus
1475 1306 1566 1332 con-

168 1347 355 1385 cedentes
391 1348 498 1396 quod
533 1346 785 1396 particulares
816 1346 916 1385 inter
950 1360 1018 1386 eos
1049 1347 1350 1386 constitutiones
1383 1360 1479 1397 quas
1513 1349 1564 1386 ad

169 1400 375 1439 Societatis
403 1400 631 1438 huiusmodi
659 1401 778 1439 finem
807 1407 844 1439 et
867 1401 898 1438 I.
921 1401 965 1440 C.
991 1402 1039 1438 D.
1065 1403 1113 1439 N.
1136 1400 1298 1451 gloriam
1324 1414 1370 1439 ac
1398 1400 1563 1451 proximi

168 1454 376 1493 utilitatem
404 1456 627 1493 conformes
655 1467 739 1493 esse
764 1453 1033 1502 iudicaverint,
1055 1456 1226 1494 condere
1253 1454 1375 1494 libere
1394 1468 1440 1493 ac
1460 1454 1564 1494 licite

168 1509 335 1547 valeant.

223 1564 240 1612 ξ
267 1574 324 1613 15.
357 1563 450 1600 Non
477 1561 726 1600 obstantibus
757 1563 948 1612 generalis
974 1562 1144 1602 Concilii
1169 1570 1207 1601 et
1233 1562 1355 1601 felicis
1389 1563 1565 1602 recorda-

168 1618 285 1655 tionis
326 1616 503 1666 Gregorii
543 1618 672 1666 Papae
706 1618 743 1654 X
777 1616 1088 1666 praedecessoris
1127 1616 1249 1655 nostri
1281 1629 1327 1655 ac
1361 1616 1563 1667 quibusvis

168 1670 252 1709 aliis
283 1670 630 1709 constitutionibus
655 1678 693 1709 et
714 1670 1029 1709 ordinationibus
1054 1670 1292 1721 Apostolicis
1321 1670 1564 1721 caeterisque

169 1724 371 1763 contrariis
393 1724 722 1774 quibuscumque.

222 1779 240 1826 ξ
266 1781 323 1816 16.
355 1780 550 1817 Volumus
578 1786 709 1817 autem
740 1779 849 1828 quod
879 1780 918 1816 in
948 1779 1144 1817 Societate
1179 1777 1407 1817 huiusmodi
1439 1791 1564 1829 usque

168 1833 219 1870 ad
250 1845 456 1870 numerum
486 1831 685 1882 sexaginta
715 1845 969 1882 personarum
999 1833 1221 1870 normulam
1250 1831 1407 1871 vivendi
1434 1833 1564 1870 huius-

170 1885 278 1924 modi
312 1885 483 1935 profiteri
511 1886 766 1935 cupientium,
798 1894 835 1924 et
869 1899 950 1924 non
980 1887 1090 1934 ultra,
1118 1885 1273 1924 admitti
1306 1893 1344 1925 et
1378 1885 1563 1924 Societati

169 1940 364 1989 praefatae
393 1939 589 1989 aggregari
619 1940 821 1978 dumtaxat
851 1941 1014 1978 valeant.

830 2059 902 2095 XL

347 2146 466 2182 THE
499 2144 807 2192 COIIOQUY
849 2145 919 2183 OF
952 2144 1246 2191 RA,TISBON
1284 2156 1380 2194 1541

217 2232 276 2266 On
308 2230 364 2265 his
398 2236 521 2264 return
555 2236 593 2264 to
628 2230 827 2282 Germany‚
862 2231 944 2282 Jan.
984 2238 1083 2275 1541,
1118 2232 1180 2265 the
1215 2231 1406 2276 Emperor,
1441 2242 1482 2266 as
1516 2231 1561 2266 he

167 2278 336 2322 thought,
356 2289 431 2311 saw
448 2289 470 2311 a
488 2287 565 2321 way
583 2284 620 2310 to
639 2287 751 2329 peace
778 2277 813 2311 in
839 2276 995 2311 reliance
1019 2289 1118 2322 upon
1139 2277 1191 2322 (a)
1211 2278 1273 2312 the
1297 2277 1450 2312 middle—
1438 2284 1562 2322 —party

168 2325 209 2358 of
231 2325 362 2359 reform
386 2324 462 2369 just
480 2323 677 2358 victorious
698 2323 733 2357 in
756 2324 1035 2367 Brandenburg,
1054 2324 1129 2359 and
1149 2324 1197 2367 (b)
1218 2324 1340 2369 Philip
1364 2325 1406 2358 of
1428 2325 1560 2367 Hesse,

169 2372 263 2415 who,
281 2371 366 2405 with
386 2371 443 2405 his
459 2370 679 2412 son-in-laW‚
701 2371 877 2412 Maurice,
895 2381 977 2404 now
997 2371 1106 2405 Duke
1126 2371 1167 2405 of
1182 2372 1339 2415 Saxony,
1361 2371 1559 2416 1541—†53‚

169 2418 244 2452 had
270 2428 374 2452 come
401 2428 488 2452 over
512 2417 603 2452 from
629 2417 692 2452 the
719 2418 877 2462 League.
930 2418 1020 2451 Paul
1049 2419 1105 2452 III
1134 2418 1212 2453 also
1239 2417 1312 2452 still
1347 2417 1480 2453 Iooked
1502 2419 1562 2452 for

170 2464 297 2500 advice
316 2472 352 2500 to
370 2465 433 2499 the
451 2475 567 2510 group
593 2464 633 2499 of
646 2464 845 2510 reforming
865 2463 1070 2506 Cardinals,
1090 2466 1151 2500 the
1170 2471 1266 2500 most
1292 2464 1560 2509 distinguished
