1715 2780
110 81 167 118 60
419 77 555 114 DIET
586 74 656 113 OF
688 65 1016 119 NURNBERG,
1054 84 1206 122 1522—3
1440 83 1510 108 111

111 188 237 222 certos
264 181 410 220 abusus
438 181 561 218 multa
591 187 628 218 et
660 191 800 229 magna
827 177 1051 228 gravamina
1073 184 1110 215 et
1132 175 1387 214 incommoda
1409 175 1512 213 illata

112 250 220 276 esse:
250 236 303 275 ob
324 235 375 282 id,
399 234 430 273 si
458 248 528 285 pro
553 233 784 273 executione
804 231 1045 283 apostolicae
1073 230 1176 269 sedis
1208 229 1426 269 sententiae
1452 231 1513 267 vel

112 289 385 341 imperatoriae
420 288 633 328 maiestatis
668 286 787 327 edicti
820 285 1023 337 quippiam
1058 286 1238 324 acerbius
1277 292 1511 323 attentatum

112 352 225 392 esset,
242 358 334 383 mox
346 343 546 395 popularis
561 342 774 381 multitudo
788 340 862 379 sibi
876 342 979 378 hanc
995 339 1261 390 suspicionem
1275 338 1410 377 animo
1423 352 1513 377 con-

113 399 292 451 cepisset,
313 412 360 437 ac
383 398 415 437 si
442 399 532 436 talia
556 398 693 436 fierent
713 409 783 447 pro
804 396 1016 434 evertenda
1043 393 1268 444 evangelica
1289 393 1449 432 veritate
1477 399 1514 431 et

114 453 354 493 sustinendis
385 451 769 501 manutenendisque
795 449 906 488 malis
932 448 1122 488 abusibus
1151 447 1512 499 impietatibusque.

114 509 236 548 Unde
261 507 425 546 indubie
452 506 559 545 aliud
586 505 682 544 nihil
707 518 827 555 quam
847 503 1064 555 gravissimi
1092 504 1284 541 tumultus
1305 504 1514 553 populares

112 561 376 612 intestinaque
396 562 500 600 bella
520 561 713 611 speranda
728 566 868 607 essent,
887 559 1229 609 quemadmodum
1250 570 1296 595 ex
1318 556 1449 595 multis
1470 569 1516 594 ac

112 616 225 656 variis
260 629 388 655 rerum
422 614 661 666 argumentis
694 613 891 665 principes
925 612 1069 663 aliique
1104 611 1262 651 ordines
1292 611 1369 649 iam
1400 612 1516 661 plane

114 671 288 710 didicere
318 677 356 709 et
387 682 617 720 cognovere.
678 667 1039 718 Opportunioribus
1075 666 1208 716 itaque
1238 665 1421 705 remediis
1455 664 1515 703 his

114 725 237 773 malis,
259 725 298 763 in
320 726 394 763 hac
414 723 664 775 potissimum
691 730 914 773 temporum
942 721 1183 768 difficultate,
1207 721 1516 759 succurrendum

113 793 198 820 esse
218 779 452 819 existimant.
475 810 482 817 .
507 809 513 816 .
538 809 546 817 .
1004 802 1011 809 ·

169 832 205 888 [ξ
225 832 326 886 VII]
359 835 463 872 Nam
491 832 566 871 nisi
586 830 809 870 istiusmodi
835 831 982 869 abusus
1003 837 1041 868 et
1061 829 1296 880 gravamina,
1321 827 1517 878 simulque

115 888 209 927 certi
242 887 394 927 articuli
427 901 526 938 quos
557 887 775 925 saeculares
805 884 1001 936 principes
1028 884 1135 922 iuxta
1168 885 1267 922 haec
1297 882 1517 934 specialiter

114 943 339 993 designatos
353 941 505 992 scriptis
527 941 782 988 exhibebunt,
800 939 966 978 fideliter
987 940 1257 986 reformentur,
1271 951 1361 977 vera
1381 951 1456 988 pax
1480 944 1517 975 et

115 996 329 1036 concordia
358 996 458 1035 inter
487 995 774 1034 ecclesiasticos
802 995 1101 1043 saecularesque
1126 992 1295 1040 ordines,
1320 992 1517 1042 huiusque

115 1053 306 1090 tumultus
320 1058 358 1089 et
372 1064 544 1089 errorum
559 1050 784 1099 exstirpatio
798 1062 866 1098 per
878 1047 1132 1087 Germaniam
1148 1047 1310 1085 minime
1324 1047 1518 1097 speranda

116 1113 197 1145 est:
228 1119 319 1144 nam
341 1119 387 1144 ex
411 1137 417 1143 .
441 1136 447 1142 .
472 1135 478 1143 .
503 1103 616 1143 variis
647 1104 839 1142 bellorum
868 1102 1117 1149 tumultibus,
1138 1102 1282 1152 quibus
1305 1100 1518 1140 Germania

116 1167 249 1199 nostra
270 1159 402 1198 multis
423 1158 535 1198 annis
563 1158 844 1204 interturbata;
875 1157 968 1195 item
991 1157 1043 1195 ob
1063 1156 1138 1194 alia
1159 1155 1384 1206 gravamina
1405 1163 1442 1193 et
1464 1155 1519 1192 in-

116 1215 329 1253 commoda
356 1227 457 1264 quae
485 1212 576 1251 huic
604 1211 754 1251 nationi
777 1213 968 1249 hactenus
990 1210 1266 1257 incubuerunt,
1290 1211 1388 1248 haec
1410 1209 1517 1248 natio

116 1268 293 1320 pecuniis
326 1282 373 1307 ac
406 1267 551 1307 divitiis
582 1268 684 1305 adeo
716 1274 802 1305 est.
827 1297 834 1304 .
859 1297 865 1303 .
889 1266 1078 1304 exhausta
1114 1272 1155 1303 ut
1189 1266 1307 1303 etiam
1338 1264 1414 1302 iam
1448 1277 1518 1314 pro

119 1324 337 1362 necessaria
358 1321 527 1361 iustitiae
541 1335 586 1360 ac
603 1320 710 1371 pacis
727 1319 1025 1359 conservatione
1047 1319 1085 1357 in
1104 1319 1163 1357 his
1178 1318 1336 1357 deficiat
1356 1334 1362 1357 :
1394 1320 1519 1356 multo

118 1377 253 1416 maiori
273 1377 406 1427 itaque
426 1376 684 1415 incommodo
705 1383 743 1414 et
764 1374 993 1413 difficultate
1022 1376 1304 1424 Hungarorum
1335 1386 1455 1423 regno
1483 1379 1520 1411 et

117 1431 271 1472 Croatis
292 1430 414 1482 petita
433 1429 575 1469 auxilia
595 1437 731 1468 contra
752 1431 923 1467 Turcam
946 1435 1140 1479 praestare
1161 1427 1315 1478 poterit:

173 1484 208 1538 [ξ
226 1484 351 1538 VIII]
384 1486 487 1525 Cum
517 1491 649 1523 autem
680 1483 838 1522 ordines
861 1485 897 1522 S.
918 1485 965 1522 R.
991 1484 1020 1521 I.
1045 1482 1141 1520 nihil
1172 1481 1356 1521 dubitent
1387 1483 1518 1520 Beatm

120 1542 236 1579 Pontss¹
261 1553 332 1590 pro
352 1546 557 1590 comperto
577 1539 723 1577 habere
743 1537 939 1588 principes
961 1538 1197 1576 Germaniae
1218 1536 1257 1574 in
1280 1536 1518 1575 solutionem

119 1601 352 1633 annatarum
382 1595 433 1632 ad
462 1593 614 1643 aliquot
642 1606 768 1631 annos
799 1592 884 1631 sedi
911 1591 1153 1642 apostolicae
1175 1592 1452 1629 solvendarum
1474 1604 1520 1629 ea

118 1650 202 1699 lege
222 1662 268 1687 ac
295 1648 524 1687 conditione
545 1647 803 1693 consensisse,
827 1654 869 1684 ut
896 1646 984 1684 illae
1012 1646 1050 1683 in
1078 1645 1416 1696 oppugnationem
1439 1658 1520 1694 per-

120 1702 298 1741 fidissimi
319 1704 472 1741 Turcae
493 1709 530 1740 et
551 1701 824 1740 defensionem
842 1702 933 1739 fidei
955 1699 1173 1751 catholicae
1186 1707 1520 1746 converterentur,

120 1770 165 1795 ex
201 1770 281 1807 quo
307 1764 439 1796 autem
470 1769 657 1795 numerus
691 1768 885 1793 annorum
914 1786 921 1793 .
952 1786 959 1793 .
991 1785 998 1793 .
1028 1754 1164 1792 transit
1194 1767 1324 1804 neque
1351 1760 1520 1792 annatae

120 1811 207 1850 illae
223 1825 246 1850 a
263 1841 291 1849 ..
311 1842 319 1850 .
339 1810 598 1850 Pontificibus
617 1809 809 1848 Romanis
831 1810 870 1847 in
887 1810 993 1847 hunc
1010 1822 1125 1847 usum
1147 1808 1322 1858 inquem
1339 1809 1521 1847 decretae

120 1872 211 1904 sunt
230 1878 442 1904 conversae
463 1896 470 1904 .
495 1895 503 1903 .
525 1895 532 1903 .
556 1878 676 1914 quare
698 1895 704 1902 .
730 1895 736 1902 .
761 1895 768 1902 .
792 1871 904 1902 orant
925 1871 967 1901 ut
989 1865 1052 1901 B0.
1077 1865 1133 1901 Pe.
1156 1864 1248 1901 velit
1269 1864 1366 1901 haec
1387 1870 1426 1901 et
1445 1862 1520 1900 alia

120 1927 283 1970 paterno
303 1921 445 1958 affectu
466 1919 717 1958 considerare
738 1925 776 1956 ct
798 1917 881 1956 illas
901 1925 1066 1956 annatas
1088 1949 1094 1955 .
1119 1949 1126 1956 .
1152 1948 1159 1955 .
1183 1917 1221 1955 in
1243 1919 1416 1955 futurum
1439 1929 1520 1954 non

121 1973 282 2024 exigere,
314 1975 384 2013 sed
411 2005 418 2012 .
443 2005 450 2013 .
474 2004 481 2012 .
501 1975 596 2011 fisco
628 1972 801 2011 Romani
832 1971 983 2022 imperii
1014 1972 1270 2022 applicandas
1300 1971 1520 2021 relinquere

120 2035 162 2066 ut
191 2057 199 2066 .
233 2059 239 2065 .
272 2059 279 2066 .
312 2029 464 2078 possint
502 2041 570 2078 per
609 2026 887 2066 Germanicam
928 2026 1129 2064 nationem
1168 2026 1252 2064 aliis
1288 2025 1521 2065 Christianis

122 2082 389 2131 potentatibus
421 2090 557 2120 contra
590 2083 761 2120 Turcam
794 2094 1048 2119 communem
1085 2082 1240 2118 hostem
1274 2079 1416 2118 auxilia
1442 2111 1448 2118 .

121 2136 315 2185 praestari.
339 2167 347 2175 .
372 2167 378 2174 .
403 2167 409 2174 .

176 2187 310 2242 [§1X]
342 2192 455 2237 Item,
493 2203 615 2240 quum
656 2191 720 2228 ΒΟ.
756 2192 812 2228 PS.
850 2189 949 2227 inter
979 2188 1055 2227 alia
1089 2188 1286 2227 desiderat
1321 2187 1521 2226 informari

122 2243 264 2293 quibus
284 2244 424 2283 mediis
446 2244 537 2282 huic
560 2245 787 2282 Lutherano
808 2243 925 2282 errori
942 2243 1193 2281 commodius
1214 2241 1363 2281 obviari
1384 2241 1518 2292 possit,

121 2298 172 2335 ad
200 2298 298 2336 haec
320 2327 326 2335 .
349 2329 355 2336 .
381 2329 387 2336 .
411 2299 563 2336 nullum
586 2329 593 2336 .
617 2328 624 2335 .
649 2329 655 2336 .
679 2298 874 2336 efficacius
896 2329 903 2336 .
928 2329 934 2336 .
959 2328 965 2336 .
990 2297 1208 2336 remedium
1238 2295 1521 2334 illustrissimus

123 2351 307 2390 dominus
327 2352 509 2402 princeps
536 2354 810 2391 locumtenens
831 2351 1054 2401 caeterique
1082 2351 1276 2401 principes
1304 2358 1342 2388 et
1363 2349 1521 2387 ordines

124 2404 292 2454 cogitare
309 2414 473 2456 possunt
490 2420 608 2456 quam
630 2407 738 2456 quod
757 2408 819 2444 ΒΟ.
837 2408 906 2453 Ρ3.,
925 2407 1141 2444 accedente
1161 2406 1210 2443 ad
1232 2406 1330 2442 hacc
1347 2405 1382 2441 S.
1401 2404 1445 2441 C.
1463 2404 1518 2440 M.

124 2470 330 2507 consensu,
367 2460 531 2498 liberum
564 2460 829 2500 Christianum
876 2459 1086 2498 concilium
1108 2460 1176 2500 ‚ad
1212 2460 1342 2495 locum
1383 2469 1523 2494 eonve-
