1715 2780
154 117 226 155 142
390 105 653 145 CHARLES
684 107 803 144 AND
836 106 1086 155 FRANCIS,
1126 121 1279 158 1542—4
1474 123 1548 160 353

152 216 339 260 expetunt
360 223 491 249 veram
520 209 841 249 emendationem
863 211 1117 250 ecclesiarum
1136 228 1146 260 3
1175 215 1245 252 sed
1259 215 1406 264 reliqua
1424 215 1547 261 turba,

154 270 194 302 ut
214 262 320 311 alibi,
340 271 409 302 aut
430 277 510 302 non
532 272 640 303 curat
659 272 727 302 aut
748 273 937 315 repugnat
960 265 1074 304 bonis
1096 267 1269 305 consiliis
1292 298 1298 305 .
1323 299 1328 305 .
1355 299 1361 306 .

208 317 255 369 (c)
284 318 562 356 Melarzclztlzon
602 324 638 356 to
680 319 899 366 Caesareus,
944 333 993 366 24
1031 322 1200 370 July.-——.
1244 353 1250 359 .
1294 352 1299 359 .
1337 323 1456 360 Nunc
1500 324 1550 361 de

152 378 351 410 conventu
371 385 498 422 pauca
517 372 713 411 adiiciam.
772 372 1031 413 Brevissimae
1052 375 1356 414 deliberationes
1373 376 1548 424 fuissent,

152 425 227 463 nisi
247 438 329 464 rem
350 427 552 465 extrahere
573 427 802 477 Gropperus
826 428 1012 466 studeret.
1072 429 1261 477 Comites,
1286 430 1397 469 Ordo
1423 432 1550 480 Eque-

153 478 251 527 stris,
281 481 417 530 Legati
445 480 672 527 Civitatum,
704 489 943 520 censuerunt
972 481 1240 532 recipiendam
1269 496 1354 522 esse
1384 485 1550 522 formam

152 534 406 573 ecclesiarum
426 535 780 573 restaurandarum.
838 536 916 574 Sed
938 536 1074 586 Legati
1101 536 1268 587 Collegii
1298 537 1551 577 Coloniensis

152 588 401 637 refragantur.
459 587 546 626 Etsi
567 588 672 627 enim
694 588 897 627 doctrinae
917 603 1040 639 genus
1061 604 1142 629 non
1164 590 1401 641 improbant,
1417 600 1551 631 tamen

152 640 347 691 expectari
368 642 536 692 Collegii
563 655 804 681 consensum
832 644 982 692 volunt.
1042 646 1218 683 Nectunt
1244 659 1383 692 moras,
1406 654 1551 697 negant

151 707 234 734 rem
263 702 412 734 tantam
443 696 574 734 subito
604 696 923 735 constituendam
955 711 1051 736 esse.
1110 700 1268 738 Adsunt
1298 699 1367 738 viri
1397 700 1548 750 optimi,

152 762 272 788 senex
300 750 416 788 frater
443 750 648 800 Principis,
679 751 933 800 Stolbergius,
964 753 1199 800 Glichensis,
1230 755 1300 792 sed
1327 754 1485 801 habent,
1509 762 1551 792 ut

153 804 252 841 solet
281 802 374 851 fieri,
406 805 594 843 mandata
616 811 733 842 certa.
807 806 986 855 Suntque
1012 807 1189 845 adiuncti
1216 808 1297 846 duo
1321 809 1550 858 Gropperus

153 864 190 895 et
213 856 493 907 Hieronymus.
552 859 630 897 Sed
650 860 962 911 πρωταγωνιστὴς
982 868 1040 898 est
1063 861 1302 910 Gropperus.
1363 863 1402 900 Is
1423 863 1551 901 hacte-

153 923 225 949 nus
245 910 359 949 variis
388 911 560 950 artificiis
591 912 778 962 pugnavit
804 920 847 950 ut
874 913 1112 963 impediatur
1142 915 1395 953 ecclesiarum
1421 929 1552 954 emen-

152 963 272 1003 datio.
329 964 447 1005 Liber
484 967 660 1016 profecto
707 974 860 1005 tantum
899 968 1159 1006 necessariam
1198 970 1384 1007 omnibus
1422 969 1552 1019 pueris

154 1019 360 1070 κατήχησιν
379 1020 556 1058 continet
578 1028 615 1059 et
636 1033 832 1059 summam
856 1021 1103 1061 Christianae
1125 1022 1340 1062 doctrinae.

207 1074 269 1111 De
301 1073 488 1124 Collegiis
523 1081 561 1113 et
596 1076 762 1126 ῖεραρχίᾳ
794 1075 1081 1124 Ecclesiastica,
1119 1084 1160 1115 ut
1192 1086 1344 1124 vocant,
1376 1078 1552 1116 modera-

152 1126 324 1166 tissimae
345 1135 435 1166 sunt
457 1128 685 1175 sententiae,
704 1137 746 1167 ut
763 1137 920 1168 maneat
933 1131 1058 1168 forma
1074 1130 1233 1180 politiae
1249 1131 1548 1178 ecclesiasticae,

152 1188 339 1219 maneant
355 1180 533 1232 Collegia
546 1190 584 1221 et
597 1182 788 1233 ἀξιώματα
809 1185 986 1233 ἱερατικά,
997 1197 1104 1234 opes,
1123 1186 1278 1234 gradus,
1295 1194 1528 1223 ornamenta
1543 1200 1553 1233 ,-

152 1235 222 1273 sed
265 1235 560 1286 superstitiones
604 1250 740 1287 graves
783 1238 977 1276 tollantur.
1042 1240 1167 1288 Saepe
1205 1238 1245 1276 in
1290 1239 1552 1277 conventibus

153 1289 412 1329 Germanicae
442 1290 625 1329 Nationis
655 1292 757 1330 hanc
786 1291 893 1342 pacis
923 1291 1026 1330 viam
1060 1292 1259 1342 proposui.
1317 1294 1403 1331 Nec
1434 1293 1551 1331 aliam

152 1341 269 1381 video
300 1343 375 1382 nisi
408 1344 511 1382 hanc
543 1358 663 1383 unam
694 1353 736 1383 ut
766 1345 959 1384 retineant
990 1345 1180 1396 Episcopi
1210 1354 1248 1385 et
1279 1346 1454 1397 Collegia
1482 1360 1552 1385 sua

155 1397 343 1447 ἀξιώματα
376 1404 415 1436 et
446 1411 535 1437 suas
567 1412 675 1449 opes,
713 1406 750 1438 et
780 1399 971 1449 recipiant
1005 1401 1227 1438 doctrinam
1266 1400 1384 1450 piam.
1442 1400 1552 1450 Quid

155 1450 315 1501 cogitari
345 1451 510 1502 aequius
542 1454 704 1503 potest?
761 1453 801 1492 Si
831 1454 934 1491 hanc
974 1454 1288 1493 moderationem
1324 1455 1552 1505 Gropperus

153 1517 234 1543 non
264 1505 416 1554 probat,
448 1507 519 1545 sed
553 1506 659 1556 prius
694 1520 766 1545 nos
802 1507 966 1545 interfici
1000 1508 1119 1558 cupit,
1150 1521 1223 1547 nec
1255 1508 1445 1547 ecclesiae
1478 1521 1552 1547 nec

151 1558 297 1608 patriae
317 1558 421 1599 bene
441 1561 611 1599 consulit
634 1591 639 1598 .
662 1589 669 1598 .
693 1591 700 1598 .

210 1652 298 1695 No.
323 1663 413 1706 143.
479 1653 588 1696 The
620 1654 816 1709 Treaty
849 1655 907 1697 of
931 1656 1110 1707 Venlo‚
1144 1666 1168 1708 7
1201 1655 1341 1708 Sept.
1373 1666 1494 1709 1543.

207 1733 264 1771 Ut
298 1733 376 1771 suis
411 1732 450 1771 in
480 1733 721 1773 districtibus
751 1748 796 1773 ac
826 1735 1048 1785 provinciis,
1085 1748 1357 1785 quascumque
1391 1736 1553 1774 haberet

153 1787 214 1824 vel
248 1787 427 1825 Caesaris
460 1787 700 1837 benignitate
729 1796 831 1826 esset
861 1797 1098 1839 recepturus,
1131 1789 1360 1839 religionem
1385 1803 1430 1828 ac
1458 1789 1552 1828 ritus

155 1839 357 1878 Ecclesiae
403 1842 610 1879 Romanae
658 1841 840 1880 retineret
856 1857 865 1889 3
913 1842 943 1880 si
993 1843 1088 1893 quid
1137 1851 1238 1881 esset
1286 1843 1550 1891 immutatum,

153 1893 396 1941 restitueret;
426 1895 544 1933 fidem
566 1903 604 1933 et
625 1895 861 1945 obsequium
893 1897 1062 1944 Caesari,
1096 1897 1349 1936 Ferdinando
1379 1897 1479 1947 Regi
1506 1910 1553 1935 ac

154 1946 226 1984 toti
247 1947 421 1997 Imperio
442 1948 686 1998 promitteret
703 1964 712 1997 3
739 1963 762 1988 a
783 1951 941 1989 foedere
963 1952 1071 2000 quod
1093 1964 1182 1989 cum
1212 1952 1329 1989 Gallo
1356 1953 1553 2001 Danoque

155 2001 421 2049 percussisset,
439 2003 650 2042 decederet
666 2018 675 2051 ;
706 2011 842 2042 contra
864 2005 908 2043 C.
928 2005 984 2042 M.
1001 2012 1067 2043 aut
1088 2006 1171 2043 eius
1193 2006 1383 2044 haeredes
1403 2018 1450 2043 ac
1470 2018 1553 2043 suc>

154 2065 327 2093 cessores
347 2055 550 2105 pactiones
564 2057 605 2094 in
624 2065 824 2107 posterum
846 2059 972 2096 nullas
987 2059 1130 2097 faceret
1148 2073 1157 2106 3
1186 2072 1458 2108 quascumque
1472 2067 1553 2098 erat

125 2140 129 2144 .
154 2107 335 2155 facturus,
350 2108 396 2147 iis
417 2117 609 2159 perpetuo
626 2110 848 2158 Caesarem,
867 2113 1139 2150 Romanorum
1163 2114 1315 2162 Regem
1336 2125 1554 2162 eorumque

155 2160 342 2201 haeredes
371 2162 616 2212 includeret3
644 2178 667 2201 a
688 2164 844 2203 Gelriae
867 2167 1046 2204 Ducatus
1075 2179 1121 2204 ac
1142 2166 1365 2205 Comitatus
1385 2167 1554 2215 Zutpha-

155 2213 242 2253 niae
262 2216 513 2265 possessione
528 2219 738 2257 decederet
753 2232 800 2256 ac
825 2232 891 2257 eos
909 2219 1067 2259 Caesari
1088 2219 1251 2269 eiusque
1272 2220 1494 2258 haeredbus
1514 2218 1553 2256 in

156 2276 387 2317 perpetuum
419 2271 577 2309 cederet
595 2285 604 2319 3
651 2272 779 2310 Gelris
818 2272 1089 2312 iusiurandum
1125 2274 1234 2323 quod
1269 2272 1463 2319 fecissent,
1500 2286 1555 2310 re-

157 2319 325 2361 mitteret
343 2338 353 2370 3
381 2324 412 2362 si
433 2337 534 2374 quae
555 2326 653 2363 forte
674 2325 757 2364 eius
784 2327 962 2365 Ducatus
991 2340 1037 2365 ac
1063 2327 1286 2366 Comitatus
1309 2325 1554 2375 Zutphaniae

158 2373 243 2413 loca
263 2376 511 2416 deditionem
536 2379 663 2418 facere
684 2388 919 2428 recusarent,
941 2382 991 2419 ad
1013 2394 1058 2419 ea
1079 2381 1346 2430 recuperanda
1366 2380 1554 2417 auxilium

158 2426 275 2466 etiam
297 2442 412 2468 suum
443 2433 727 2471 commodaret.
785 2434 931 2473 Caesar
955 2433 1125 2472 vicissim
1158 2436 1357 2471 Ducatum
1384 2432 1418 2471 ei
1441 2433 1556 2471 Iulia-

157 2492 248 2519 cum
277 2484 470 2531 redderet,
493 2487 667 2535 exceptis
696 2487 932 2537 Hensberga
955 2496 992 2526 et
1020 2487 1221 2534 Zittard03
1251 2500 1353 2536 quae
1379 2499 1555 2536 eousque

207 2550 274 2582 944
817 2553 842 2578 Α
862 2554 885 2577 a
