1715 2780
197 65 269 101 106
584 61 806 99 ADRIAN
836 61 894 98 VI
926 61 1044 99 AND
1075 60 1194 98 THE
1534 58 1588 105 56

193 164 343 200 nicated
369 172 406 201 to
433 165 495 200 the
515 165 603 200 Diet
622 164 711 210 [No.
732 164 791 210 58]
805 175 831 199 a
850 164 963 199 Brief
980 164 1090 199 dated
1110 171 1151 208 25
1172 163 1270 197 Nov.
1293 169 1392 206 1522,
1411 161 1448 195 in
1468 159 1587 194 which

194 212 336 247 Adrian
370 212 524 248 insisted
557 224 604 247 on
632 212 760 256 taking
794 211 1002 257 repression
1037 211 1115 245 first
1145 209 1389 254 (Raynaldus,
1418 207 1590 243 Annales

196 261 460 305 Ecclesiasticz',
478 260 526 295 ad
545 271 627 295 ann.
643 268 744 304 1522,
758 258 920 303 lx—lxiv),
936 258 971 293 in
986 258 1080 304 spite
1095 258 1133 292 of
1147 257 1204 292 his
1219 268 1300 291 own
1314 254 1539 291 admissions
1553 254 1593 288 of

196 308 258 342 the
273 308 367 343 need
379 308 434 342 for
446 308 579 342 reform
599 307 780 351 which,as
795 313 877 352 part
891 306 928 341 of
941 305 1029 350 [No.
1043 304 1102 350 59]
1115 305 1187 340 the
1205 304 1396 348 Legate’s
1413 302 1589 337 Instruc-

196 356 312 390 tions
331 355 431 400 (ibid.
459 354 643 399 lxv—lxxi),
662 366 755 389 were
776 366 859 388 now
882 354 970 388 read
997 360 1034 388 to
1058 354 1122 387 the
1151 351 1250 386 Diet.
1302 351 1391 396 [No.
1414 349 1476 395 60]
1503 349 1591 383 The

196 402 369 438 Estates
383 404 538 447 replied
554 411 570 447 5
589 403 676 437 Feb.
691 402 776 435 with
796 413 817 436 a
833 400 993 435 demand
1004 400 1091 435 fora
1109 399 1205 434 ‘free
1220 397 1405 434 Christian
1419 395 1590 432 Council’

199 450 301 493 (ibid.
315 450 361 484 ad
373 458 569 494 ann.1523‚
582 449 678 484 ii--xii
692 462 699 491 ;
717 448 885 484 Goldasti
903 450 1023 483 Const.
1036 448 1131 492 Imp.
1147 447 1168 482 i.
1182 454 1249 491 452
1263 444 1370 492 sqq.)‚
1383 445 1457 480 and
1471 444 1589 486 when,

200 505 219 540 7
244 498 347 541 Feb.,
366 499 427 532 the
448 499 586 542 Legate
610 496 882 532 remonstrated
910 495 1145 541 (Raynaldus
1170 496 1317 537 xv—xx),
1340 491 1591 537 they‘Ponti-

200 544 322 579 ficium
342 551 527 579 oratorem
547 544 657 590 priori
673 543 915 588 responsione
931 548 1146 577 contentum
1165 552 1247 576 esse
1266 540 1461 583 iusserunt,
1473 539 1593 573 donec

197 592 414 636 gravamina
431 591 590 626 nationis
606 591 850 627 Germanicae
869 601 1013 625 summo
1034 588 1203 624 Pontifici
1221 588 1440 623 transmissa
1457 586 1592 621 forent'

201 639 303 683 (ibid.
321 639 394 684 xx).
430 640 522 674 This
542 638 823 674 re-affirmation
841 637 901 682 (cf.
921 639 962 672 B.
975 637 1180 678 Gebhardt‚
1195 637 1268 670 Die
1281 635 1519 670 Gravmm’rm
1529 633 1597 667 der

198 687 393 721 deutschen
417 687 574 731 Nation,
597 687 758 729 Breslau,
780 685 884 729 1884)
903 685 943 720 of
957 686 1008 730 [N
1015 696 1047 719 ο.
1066 683 1127 727 61]
1147 685 1325 719 German
1343 683 1593 726 grievances

201 734 388 777 (Goldasti
434 734 554 769 Const.
591 735 689 778 Imp.
724 733 746 768 i.
781 734 851 779 456
890 732 987 778 sqq.)
1024 743 1099 766 was
1137 732 1199 765 the
1238 730 1338 765 work
1375 730 1417 764 of
1446 729 1507 763 the
1535 729 1594 772 lay

200 782 362 816 Estates.
412 782 517 816 Thus
543 782 606 816 the
634 780 721 815 Diet
738 781 853 815 threw
873 780 919 814 its
941 780 1059 814 shield
1077 790 1165 813 over
1183 777 1454 819 Lutheranism,
1474 774 1593 810 which

199 840 273 863 was
300 829 425 864 within
451 840 499 864 an
526 840 591 863 ace
617 829 656 863 of
679 827 876 872 becoming
901 839 922 861 a
947 827 1111 861 national
1142 831 1362 860 movement.
1412 824 1494 859 The
1520 822 1594 857 col-

198 876 335 911 lection
353 877 392 910 of
414 876 460 911 its
485 876 636 911 decrees
654 887 695 910 or
714 877 854 910 Recess
879 874 1078 919 (Deutsclze
1094 873 1436 918 Reiclzstagsakten,
1454 870 1525 905 vol.
1544 869 1594 913 iii,

201 924 273 958 No.
305 932 382 967 117,
410 925 478 967 736
506 934 598 969 sqq.,
623 923 680 959 ed.
711 924 756 957 A.
782 922 931 963 Wrede,
972 923 1074 965 1901)
1104 932 1178 955 was
1213 921 1302 955 read
1329 929 1350 964 9
1389 919 1492 962 Feb.,
1519 917 1594 952 and

199 971 401 1006 confirmed
414 972 461 1015 by
480 970 567 1016 [No.
579 969 641 1015 62]
662 971 731 1005 the
749 970 942 1014 Imperial
954 970 1073 1003 Edict
1087 969 1128 1002 of
1141 968 1163 1002 6
1180 967 1311 1002 March
1329 966 1429 1011 (ibid.
1449 967 1521 1000 No.
1537 965 1594 1007 84,

200 1019 269 1061 448
288 1030 377 1064 sqq„
396 1018 470 1053 and
497 1018 534 1052 in
561 1019 678 1060 Latin,
709 1017 879 1052 Goldasti
904 1018 960 1062 op.
977 1017 1040 1051 cit.
1058 1016 1090 1050 ii.
1123 1023 1188 1060 150
1215 1013 1322 1060 sqq).
1371 1013 1513 1048 Adrian
1538 1013 1591 1046 VI

199 1065 284 1101 died
308 1076 348 1109 14
367 1067 469 1111 Sept.
500 1075 605 1111 1523.

315 1162 405 1206 No.
439 1163 515 1216 56.
576 1162 875 1206 Aleander's
904 1160 1084 1204 advice
1116 1162 1168 1204 to
1193 1158 1388 1203 Adrian
1422 1157 1505 1200 VI.

595 1237 682 1282 [See
701 1236 915 1281 Creighton,
933 1236 979 1272 vi.
1001 1246 1080 1279 240,
1100 1247 1135 1271 n.
1158 1233 1202 1279 1.]

256 1302 377 1351 Quod
405 1301 443 1339 in
468 1301 585 1352 priori
614 1301 688 1339 feci
715 1301 826 1347 libro,
856 1313 975 1350 quem
1001 1301 1051 1339 de
1078 1298 1261 1338 remediis
1288 1304 1425 1336 contra
1453 1296 1596 1334 Luthe-

204 1370 337 1394 ranam
359 1355 551 1394 haeresim
572 1356 623 1394 ab
637 1355 881 1405 amplissimo
904 1356 1052 1404 Legato
1069 1353 1108 1391 in
1127 1351 1339 1392 Germania
1359 1350 1597 1390 adhibendis

205 1409 350 1460 scripsi,
374 1410 412 1447 in
430 1411 506 1448 hoc
528 1409 676 1456 itidem,
696 1410 735 1447 in
753 1422 832 1459 quo
849 1408 986 1459 agitur,
1002 1408 1098 1458 quid
1114 1407 1178 1445 hic
1196 1406 1351 1445 interim
1368 1407 1442 1443 hac
1456 1405 1596 1443 eadem

203 1466 253 1503 de
284 1478 323 1502 re
354 1463 537 1502 Pontifici
568 1464 793 1502 faciendum
824 1470 952 1510 restet,
983 1463 1100 1501 etiam
1130 1469 1248 1511 atque
1284 1460 1401 1498 etiam
1437 1472 1598 1497 monere

205 1532 285 1557 non
307 1518 496 1566 desinam,
521 1532 682 1556 omnem
709 1517 843 1556 salutis
874 1530 983 1567 spem
1007 1523 1143 1555 contra
1162 1517 1238 1554 hoc
1260 1516 1407 1553 malum
1429 1514 1537 1564 quod
1558 1512 1597 1550 in

205 1573 289 1612 dies
309 1572 495 1623 augescit,
517 1586 540 1611 a
562 1575 650 1612 Deo
671 1573 855 1623 pendere.
917 1571 1026 1609 Hinc
1048 1571 1287 1609 sumendum
1308 1568 1424 1606 huius
1445 1566 1599 1605 consilii

204 1627 467 1677 principium:
517 1628 594 1665 huc
640 1626 843 1665 universae
883 1625 935 1664 rei
970 1625 1116 1664 exitum
1156 1623 1414 1662 referendum.
1476 1621 1600 1670 Igitur

206 1681 454 1732 imploranda
487 1682 538 1720 ad
569 1682 645 1719 hoc
675 1680 886 1731 praecipue
915 1679 1048 1718 divina
1079 1677 1346 1717 misericordia
1375 1684 1444 1724 est,
1478 1688 1597 1726 quam

205 1736 317 1774 facile
348 1735 462 1774 nobis
493 1735 793 1774 conciliabimus
829 1734 901 1784 piis
936 1733 1130 1784 precibus,
1163 1733 1232 1771 sed
1272 1729 1498 1782 praesertim
1529 1729 1601 1779 pri-

206 1789 330 1828 stinae
370 1789 472 1828 vitae
510 1790 549 1827 in
596 1789 735 1828 melius
775 1787 1064 1827 reformatione.
1097 1788 1267 1836 ‚Neque
1302 1797 1515 1836 speremus,
1547 1783 1600 1821 ita

207 1843 503 1893 praeteriturum
549 1846 676 1881 Deum
718 1843 1022 1881 conniventibus
1062 1840 1185 1880 oculis
1224 1847 1348 1878 errata
1381 1845 1524 1885 nostra,
1558 1845 1600 1875 ut

207 1897 391 1948 proximis
422 1905 523 1936 retro
554 1897 807 1947 temporibus.
869 1897 957 1935 Alia
980 1909 1087 1934 nunc
1116 1902 1234 1942 aetas,
1263 1893 1337 1932 alia
1368 1906 1474 1931 nunc
1509 1899 1603 1930 tem-

208 1965 347 2001 porum
374 1951 575 1990 conditio:
606 1951 835 1989 immutatus
863 1958 921 1989 est
948 1950 1103 1989 animus
1130 1950 1378 2000 populorum,
1403 1946 1471 1997 qui
1495 1945 1601 1996 prius

210 2005 353 2044 delicta
401 2013 534 2044 nostra
572 2005 712 2055 partim
759 2005 953 2055 putabant
991 2006 1099 2052 falsa,
1138 2002 1279 2054 partim
1318 2002 1358 2039 in
1399 1999 1600 2039 meliorem

209 2067 359 2110 partem
381 2059 746 2109 interpretabantur.
808 2061 893 2097 Iam
923 2060 1119 2108 flagellum
1144 2064 1333 2108 paratum,
1353 2055 1431 2093 iam
1459 2052 1603 2092 securis

209 2115 259 2153 ad
299 2113 471 2152 radicem
505 2113 654 2152 arboris
693 2112 820 2162 posita
858 2112 1020 2158 videtur,
1058 2111 1132 2150 nisi
1166 2110 1330 2149 velimus
1363 2107 1599 2158 resipiscere.

211 2169 352 2218 Neque
379 2168 598 2206 admodum
629 2180 790 2205 necesse
820 2165 890 2205 erit
912 2179 1032 2204 novas
1061 2178 1166 2203 nunc
1187 2166 1292 2214 leges
1319 2163 1503 2209 condere,
1534 2168 1602 2199 aut

211 2223 344 2260 Bullas
396 2222 663 2271 undequaque
711 2220 941 2258 fulminare:
992 2232 1121 2257 sacros
1172 2219 1363 2256 habemus
1415 2228 1599 2262 canones,

211 2276 361 2326 optima
400 2275 576 2313 instituta
607 2277 778 2321 Patrum,
812 2275 862 2312 ad
893 2287 993 2323 quae
1026 2273 1057 2310 si
1095 2279 1183 2310 acta
1212 2278 1346 2310 nostra
1374 2269 1599 2319 dirigamus,

211 2330 345 2369 omnia
374 2330 471 2368 haec
502 2330 604 2367 mala
632 2328 744 2367 facile
772 2328 1116 2379 propulsabuntur.
1175 2326 1307 2363 Tollat
1341 2326 1437 2363 Smus
1470 2325 1520 2361 D.
1551 2324 1602 2362 N.

210 2399 232 2423 e
258 2384 375 2424 Curia
405 2398 474 2422 sua
495 2397 562 2423 eos
582 2396 740 2429 errores,
764 2382 907 2433 quibus
932 2381 1070 2420 merito
1093 2382 1202 2418 Deus
1223 2386 1261 2418 et
1282 2378 1463 2417 homines
1484 2379 1604 2416 offen-

211 2440 382 2477 duntur:
416 2446 453 2477 et
478 2445 668 2488 quantum
698 2436 780 2476 eius
805 2436 903 2475 vires
928 2444 965 2474 et
989 2434 1198 2474 auctoritas
1224 2433 1432 2484 patiuntur,
1457 2432 1604 2470 clerum
