1715 2780
224 126 298 172 284
497 125 617 162 THE
649 124 786 162 DIET
816 122 887 162 OF
916 119 1246 168 AUGSBURG,
1271 134 1371 172 1530
1545 119 1612 160 116

221 240 317 279 dicit
346 238 552 279 Christus:
582 240 758 288 Regmwn
788 251 908 276 meum
939 250 1013 276 72072
1044 242 1100 275 est
1126 238 1170 275 de
1197 237 1264 275 lzoc
1292 239 1462 281 πηγαῖα,-
1493 238 1613 276 item:

225 294 324 343 Quis
359 293 556 331 constituit
591 306 646 330 me
682 293 839 330 iudicem
876 297 951 329 aut
983 292 1184 330 divisorem
1220 297 1336 341 super
1364 293 1458 330 vos?
1496 293 1531 329 8.
1562 292 1614 329 Et

225 349 370 386 Paulus
389 346 443 385 ait
464 346 630 396 Philipp.
655 345 694 383 iii
714 362 720 384 :
750 347 900 384 Nostra
922 346 1066 395 politia
1092 346 1133 383 in
1159 346 1265 383 coelis
1283 350 1338 383 est
1351 359 1360 393 3
1391 358 1410 382 2
1433 344 1613 385 Corinth.

222 415 270 439 x:
302 403 432 440 Arma
461 401 621 438 77zz'liliae
648 405 798 437 nostrae
822 413 897 437 non
923 404 1017 437 sunt
1038 400 1228 447 carnalia,
1253 400 1320 436 sed
1331 399 1506 449 potentia
1534 399 1618 437 Dei

221 457 276 493 ad
300 457 546 493 destruendas
573 454 812 503 cogitationes
840 460 912 492 616.
969 454 1035 491 Ad
1064 454 1170 491 hunc
1197 453 1362 491 modum
1386 453 1614 491 discernunt

221 509 343 547 nostri
373 508 574 558 utriusque
598 507 802 558 potestatis
829 506 967 553 officia,
1000 514 1037 546 et
1067 506 1203 545 iubent
1230 514 1437 557 utramque
1463 507 1613 545 honore

221 564 375 602 afficere
395 570 433 601 et
449 575 672 612 agnoscere,
696 569 902 611 utramque
924 560 1001 600 Dei
1021 562 1171 599 donum
1193 568 1232 599 et
1251 559 1489 599 beneficium
1515 574 1612 599 esse.

277 632 311 666 9.
344 616 383 655 Si
421 630 540 666 quam
580 616 728 654 habent
765 614 940 665 episcopi
975 622 1210 665 potestatem
1243 614 1373 665 gladii,
1396 615 1498 653 hanc
1531 627 1613 653 non

222 671 371 709 habent
391 669 567 720 episcopi
589 683 635 708 ex
659 670 848 707 mandato
875 668 1075 719 evangelii,
1099 670 1169 707 sed
1194 668 1275 706 iure
1299 669 1475 707 humano
1495 669 1614 707 dona-

222 732 302 763 tam
329 738 352 762 a
379 724 535 774 regibus
560 732 597 762 et
624 723 936 773 imperatoribus,
967 724 1018 761 ad
1047 722 1428 761 administrationem
1458 722 1613 761 civilem

223 792 383 817 suorum
411 779 619 817 bonorum.
678 779 792 816 Haec
819 777 973 815 interim
1000 776 1075 815 alia
1102 776 1252 815 functio
1278 784 1336 815 est
1357 790 1477 827 quam
1504 776 1614 814 mini-

223 834 383 871 sterium
405 831 605 882 evangelii.

281 901 339 925 10.
371 888 504 935 Quum
546 885 660 935 igitur
698 886 748 924 de
785 884 1052 923 iurisdictione
1090 884 1366 935 episcoporum
1405 883 1612 934 quaeritur,

222 940 392 979 discerni
419 940 537 979 debet
564 939 771 989 imperium
800 939 851 977 ab
873 937 1136 977 ecclesiastica
1156 938 1435 977 iurisdictione.
1494 940 1615 977 Porro

224 996 442 1033 secundum
483 993 739 1044 evangelium,
781 1006 860 1039 5611,
901 1000 944 1031 111
982 993 1207 1042 loquuntur,
1247 994 1298 1032 de
1342 991 1424 1031 iure
1466 991 1613 1039 divino,

222 1050 330 1086 nulla
359 1047 574 1087 iurisdictio
605 1046 795 1097 competit
825 1046 1019 1107 61115601115
1046 1054 1088 1084 111
1118 1046 1324 1097 episcopis,
1350 1047 1427 1084 1106
1457 1053 1525 1093 651,
1554 1045 1614 1084 1115

223 1103 366 1162 quibus
397 1110 455 1141 est
488 1101 744 1140 commissum
770 1100 1028 1140 ministerium
1059 1100 1167 1139 verbi
1196 1108 1235 1139 et
1268 1108 1613 1147 sacramentorum,

223 1156 418 1195 remittere
446 1164 619 1206 peccata,
651 1155 744 1194 item
784 1167 1022 1205 cognoscere
1055 1154 1286 1214 doctrinam,
1319 1161 1357 1193 et
1395 1155 1615 1193 doctrinam

222 1211 273 1249 ab
305 1210 507 1260 evangelio
539 1209 835 1248 dissentientem
866 1208 1035 1256 reiicere,
1068 1216 1105 1246 et
1134 1208 1286 1258 impios,
1320 1221 1486 1258 quorum
1522 1215 1616 1246 nota

223 1272 280 1303 est
300 1264 491 1314 impietas,
509 1265 715 1302 excludere
730 1276 752 1301 a
765 1262 1047 1301 communione
1061 1262 1260 1309 ecclesiae,
1277 1261 1360 1310 sine
1377 1261 1413 1300 vi
1428 1263 1612 1308 humana,

224 1319 293 1357 sed
323 1319 453 1357 verbo.
518 1331 576 1356 11.
610 1317 690 1355 Hic
719 1318 940 1355 necessario
970 1324 1008 1355 et
1034 1317 1084 1355 de
1113 1316 1195 1355 iure
1224 1315 1359 1355 divino
1388 1315 1536 1355 debent
1560 1314 1615 1354 eis

223 1372 412 1410 ecclesiae
450 1379 645 1421 praestare
682 1370 963 1417 obedientiam,
998 1370 1103 1408 iuxta
1134 1370 1255 1408 illud:
1290 1370 1374 1419 Qui
1399 1383 1463 1409 vos
1492 1370 1613 1416 audit,

223 1439 279 1463 me
298 1427 420 1463 audit.

283 1493 339 1517 12.
372 1481 519 1517 Verum
559 1491 682 1528 quum
720 1477 869 1527 aliquid
907 1484 1043 1516 contra
1081 1476 1326 1528 evangelium
1366 1478 1511 1516 docent
1548 1484 1616 1515 aut

224 1540 409 1579 statuunt,
434 1541 527 1571 tunc
554 1532 702 1571 habent
722 1532 910 1570 ecclesiae
940 1532 1169 1570 mandatum
1192 1531 1279 1578 Dei,
1302 1532 1410 1581 quod
1431 1530 1616 1569 obedien-

224 1586 316 1625 tiam
342 1587 536 1637 prohibet,
569 1587 710 1624 Matth.
727 1585 803 1624 vii:
847 1586 984 1624 Cavete
1016 1599 1039 1623 a
1062 1586 1407 1634 pseudopropheta.
1461 1585 1548 1624 Gal.
1580 1584 1615 1622 i:

226 1642 275 1680 δι
291 1642 447 1690 augelus
475 1642 519 1678 de
545 1642 638 1678 coelo
663 1641 777 1678 aliud
797 1652 831 1677 ez
835 1652 920 1688 ang
899 1640 1032 1677 cr'elzum
1059 1640 1384 1688 evangelzzaverzt,
1410 1639 1615 1677 anathema

223 1696 282 1733 szl.
345 1709 363 1732 2
388 1694 567 1734 Corinth.
604 1693 695 1732 xiii:
723 1694 817 1731 Non
837 1700 1042 1742 possumus
1070 1694 1223 1742 aliquid
1246 1699 1377 1731 contra
1405 1693 1613 1739 verztatem,

223 1750 289 1786 sed
306 1756 384 1799 pro
414 1749 597 1795 veritate3
632 1749 752 1786 item:
782 1749 896 1785 Data
934 1753 989 1785 est
1025 1748 1128 1785 nobis
1156 1752 1327 1796 potestas
1363 1748 1418 1784 ad
1447 1746 1616 1795 aedzfica-

224 1803 371 1849 tionem,
395 1816 469 1840 77072
490 1803 544 1840 ad
559 1802 854 1839 destructionem.
904 1814 960 1850 13.
992 1800 1055 1838 Sic
1075 1809 1113 1839 et
1130 1801 1314 1840 Canones
1331 1800 1340 1820 ¹
1358 1799 1614 1859 praecipiunt,

226 1857 280 1894 II.
317 1870 354 1905 q.
388 1857 483 1894 VII.
519 1855 616 1905 Cap.
652 1857 868 1894 Sacerdotes
901 1862 938 1892 et
977 1856 1074 1904 Cap.
1118 1855 1224 1893 Oves.
1284 1855 1335 1892 Et
1372 1852 1615 1914 Augustinus

224 1917 359 1947 contra
394 1909 572 1947 I‘etiliani
602 1908 807 1958 epistolam
842 1908 992 1957 inquit:
1029 1910 1139 1946 ‘Nec
1172 1907 1387 1947 Catholicis
1421 1907 1615 1966 episcopis

226 1964 555 2001 consentiendum
578 1971 647 2009 651,
667 1963 791 2000 sicubi
814 1963 911 2000 forte
932 1963 1127 2007 falluntur,
1149 1969 1216 1999 aut
1243 1969 1379 2000 contra
1405 1960 1614 2000 canonicas

228 2016 304 2054 Dei
325 2018 541 2065 Scripturas
561 2015 711 2065 aliquid
731 2017 914 2054 56111111111.
921 2017 928 2032 ²

285 2084 342 2117 14.
375 2070 413 2107 Si
435 2083 553 2119 quam
576 2070 723 2107 habent
743 2069 859 2106 aliam
880 2070 940 2107 vel
961 2076 1196 2118 potestatem
1224 2069 1285 2107 vel
1305 2067 1611 2107 iurisdictionem

226 2123 264 2161 in
285 2122 572 2173 cognoscendis
593 2122 705 2161 certis
727 2122 863 2169 causis,
887 2122 1069 2161 videlicet
1096 2122 1333 2160 matrimonii
1358 2130 1424 2160 aut
1448 2121 1615 2161 decima-

226 2191 311 2214 rum
333 2184 418 2224 etc.‚
442 2178 543 2214 hanc
564 2176 711 2214 habent
732 2177 907 2213 humano
927 2177 1008 2214 iure
1026 2191 1035 2223 3
1065 2176 1132 2214 ubi
1154 2176 1397 2214 cessantibus
1412 2174 1614 2214 ordinariis

225 2238 418 2280 coguntur
447 2229 652 2280 principes,
683 2230 741 2267 vel
766 2229 886 2275 inviti,
917 2229 994 2266 suis
1025 2229 1190 2267 subditis
1214 2229 1272 2267 ius
1297 2229 1438 2276 dicere,
1470 2237 1512 2267 111
1540 2241 1615 2278 pax

226 2285 449 2323 retineatur.

285 2350 342 2388 15.
376 2340 531 2376 Praeter
568 2338 665 2376 haec
697 2336 926 2386 disputatur,
963 2344 1091 2374 utrum
1132 2336 1306 2386 episcopi
1338 2349 1405 2375 5611
1440 2342 1614 2386 pastores

231 2393 402 2430 habeant
436 2391 494 2429 1115
534 2390 764 2429 instituendi
798 2389 1038 2428 ceremonias
1074 2389 1111 2427 in
1145 2389 1320 2437 ecclesia,
1357 2398 1395 2428 et
1429 2391 1533 2440 leges
1564 2390 1614 2427 de

227 2445 335 2492 cibis,
361 2445 472 2492 seriis,
496 2445 680 2494 gradibus
702 2443 966 2482 ministrorum
996 2457 1062 2482 seu
1085 2443 1287 2482 ordinibus
1309 2451 1379 2482 etc.
1401 2441 1612 2482 condendi.

542 2553 551 2571 ¹
580 2553 936 2592 Ι)661611Ρ.Ι1’,Ε,11,
959 2552 1023 2592 Qu.
1045 2560 1072 2592 7,
1094 2552 1190 2592 Caps.
1211 2553 1239 2583 -Q,
1263 2562 1310 2591 13.
