1715 2780
172 137 248 181 614
455 134 574 171 THE
607 131 1082 172 ECCLESIASTICAL
1112 130 1288 168 STATE
1486 139 1567 177 304

225 239 286 277 M.
319 239 537 292 Nullumne
578 243 777 288 praeterea
814 235 936 274 alium
977 236 1095 273 finem
1136 233 1379 286 propositum
1419 235 1567 275 habent

172 295 270 332 haec
291 293 373 332 duo
394 293 679 331 Sacramenta?

225 350 272 386 P.
305 348 404 386 Sunt
425 346 543 385 etiam
566 344 819 396 professionis
848 350 1004 383 nostrae
1031 350 1160 392 notae,
1193 350 1232 382 et
1261 343 1372 393 quasi
1395 350 1566 382 tesserae

173 402 380 452 quaedam.
440 402 603 439 Illorum
635 401 739 438 enim
771 413 843 437 usu
886 399 1006 437 fidem
1041 399 1147 448 apud
1177 397 1359 436 homines
1392 404 1567 436 nostram

173 457 412 506 profitemur,
436 462 473 493 et
495 461 684 493 testamur
704 467 777 491 nos
802 466 926 491 unum
954 451 1099 491 habere
1120 452 1160 490 in
1182 451 1341 491 Christo
1367 451 1565 502 religionis

173 523 427 548 consensum.

227 564 288 603 M.
321 563 360 602 Si
390 562 617 613 quempiam
648 561 893 611 contingeret
924 573 1058 599 eorum
1092 574 1206 598 usum
1240 558 1449 611 aspernari,
1486 572 1566 610 quo

173 620 262 656 loco
282 618 491 656 habendus
513 618 643 655 esset?

227 673 275 710 P.
307 673 421 710 Haec
451 685 543 710 vero
573 669 735 720 obliqua
764 676 866 709 esset
897 668 1042 708 Christi
1072 667 1293 718 abnegatio.
1353 668 1470 707 Certe
1499 667 1567 717 qui

174 726 260 765 talis
281 733 350 774 est,
374 739 496 775 quum
519 738 559 764 se
581 723 850 764 Christianum
872 724 1049 762 confiteri
1071 736 1152 761 non
1173 722 1365 773 dignetur,
1384 722 1568 772 indignus

174 787 242 828 est,
267 779 333 830 qui
355 780 455 819 inter
476 778 720 819 Christianos
740 785 958 817 censeatur.

227 836 288 873 M.
322 835 475 873 Satisne
496 841 566 881 est,
589 833 628 870 in
649 840 772 871 totam
793 832 913 871 vitam
935 839 1147 880 utrumque
1168 831 1290 869 semel
1310 829 1536 880 recepisse?

226 890 274 928 P.
308 890 448 938 Usque
468 889 570 926 adeo
591 886 730 925 sufficit
751 899 853 925 unus
875 885 1112 936 Baptismus,
1135 892 1177 923 ut
1208 891 1382 934 repetere
1408 885 1464 922 fas
1485 897 1566 922 non

176 942 235 981 sit.
296 944 457 982 Coenae
477 950 609 980 autem
632 941 785 980 diversa
806 948 864 979 est
885 940 992 978 ratio.

230 998 290 1035 Μ.
343 997 464 1045 Quod
486 1004 543 1034 est
565 996 776 1034 discrimen
798 994 924 1033 illud?

230 1053 276 1089 P.
309 1053 382 1089 Per
404 1050 650 1100 Baptismum
671 1063 744 1087 nos
764 1050 939 1098 adoptat,
961 1055 998 1086 et
1030 1046 1069 1085 in
1101 1045 1320 1085 Ecclesiam
1351 1058 1461 1084 suam
1482 1046 1571 1084 alle-

175 1105 228 1155 git
251 1105 460 1152 Dominus,
482 1112 524 1142 ut
545 1118 614 1153 pro
634 1102 862 1142 domesticis
882 1115 955 1140 nos
976 1101 1117 1140 exinde
1138 1100 1293 1139 habeat.
1353 1102 1569 1149 Postquam

176 1172 248 1198 nos
279 1159 483 1209 adscripsit
514 1159 553 1196 in
583 1171 791 1196 numerum
822 1169 994 1202 suorum,
1021 1167 1089 1206 per
1119 1155 1296 1194 Coenam
1327 1161 1492 1193 testatur
1521 1154 1571 1192 de

176 1212 291 1252 nobis
313 1214 562 1251 continenter
581 1211 733 1251 alendis
755 1224 888 1249 curam
911 1224 951 1249 se
972 1210 1128 1247 habere.

231 1268 291 1305 M.
326 1266 607 1305 Promiscuene
645 1267 696 1304 ad
736 1278 875 1304 omnes
914 1263 1083 1314 pertinet
1113 1270 1193 1302 tam
1224 1261 1416 1312 Baptismi
1452 1274 1571 1311 quam

178 1322 339 1359 Coenae
359 1320 677 1360 administratio?

231 1377 277 1413 P.
311 1377 574 1424 Nequaquam
595 1390 601 1412 :
624 1375 694 1412 sed
715 1386 863 1419 eorum,
882 1371 1026 1422 quibus
1043 1371 1273 1409 mandatum
1284 1377 1353 1412 „est
1367 1369 1570 1419 publicum

178 1429 350 1468 docendi
373 1441 528 1475 munus,
547 1427 726 1478 propriae
740 1434 830 1465 sunt
847 1426 944 1464 istae
960 1432 1100 1476 partes,
1160 1426 1258 1462 Sunt
1275 1423 1380 1462 enim
1396 1436 1456 1462 res
1474 1423 1573 1461 inter

178 1496 219 1522 se
235 1490 425 1533 perpetuo
438 1495 540 1520 nexu
555 1481 800 1527 coniunctae,
817 1493 975 1530 pascere
994 1478 1212 1517 Ecclesiam
1230 1477 1364 1515 salutis
1381 1477 1572 1524 doctrina,

179 1545 215 1575 et
240 1539 494 1575 Sacramenta
515 1535 800 1574 administrare.

232 1592 293 1628 sil.
327 1590 512 1629 Possisne
534 1589 629 1627 mihi
651 1588 872 1639 Scripturae
893 1586 1122 1626 testimonio
1143 1585 1182 1624 id
1204 1584 1492 1634 comprobare?

232 1647 278 1684 P.
312 1644 543 1694 Baptizandi
566 1643 727 1693 quidem
750 1643 981 1681 mandatum
1004 1639 1184 1680 Christus
1206 1639 1452 1689 peculiariter
1470 1639 1572 1688 Apo-

180 1700 288 1737 stolis
303 1699 413 1737 dedit
428 1698 561 1749 (Matt.
578 1697 702 1735 xxviii.
724 1697 798 1747 19).
833 1698 880 1734 In
895 1696 1056 1735 Coenae
1070 1692 1334 1732 celebratione
1348 1694 1571 1742 exemplum

180 1767 295 1791 suum
309 1752 421 1791 iussit
437 1766 508 1791 nos
526 1751 638 1801 sequi
655 1751 768 1802 (Luc.
787 1750 872 1788 xxii.
898 1750 972 1799 19).
1033 1749 1225 1787 Referunt
1245 1754 1376 1786 autern
1400 1748 1573 1795 Evange-

181 1807 303 1854 listae,
319 1806 448 1856 ipsum
471 1806 510 1843 in
532 1819 578 1844 ea
595 1804 868 1844 distribuenda
885 1802 1033 1853 publici
1051 1800 1215 1840 ministri
1232 1801 1371 1839 fecisse
1387 1794 1570 1839 offfcium.

234 1862 295 1899 M.
327 1862 488 1907 Verum,
514 1860 714 1898 debentne
735 1865 923 1908 pastores,
941 1856 1085 1906 quibus
1107 1854 1318 1894 commissa
1340 1862 1398 1893 est
1419 1854 1574 1904 dispen-

181 1915 291 1960 satio,
316 1915 461 1964 passim
484 1926 624 1952 omnes
646 1921 683 1951 et
703 1913 855 1962 absque
877 1912 1033 1950 delectu
1055 1909 1292 1948 admittere?

235 1970 281 2006 P.
315 1968 436 2016 Quod
466 1968 516 2006 ad
548 1967 796 2016 Baptismum
828 1964 1007 2015 pertinet,
1030 1964 1122 2013 quia
1150 1975 1229 2001 non
1256 1961 1329 2000 nisi
1358 1961 1573 2000 infantibus

182 2022 301 2060 hodie
332 2022 540 2068 confertur,
574 2020 758 2058 discretio
788 2021 919 2057 locum
950 2031 1030 2056 non
1062 2017 1193 2055 habet.
1254 2017 1301 2054 In
1324 2016 1460 2055 Coena
1481 2027 1573 2053 vero

182 2089 319 2114 cavere
347 2075 467 2114 debet
496 2074 673 2112 minister
695 2087 743 2111 ne
772 2074 834 2111 cui
866 2074 991 2122 ipsam
1022 2072 1190 2121 porrigat
1221 2083 1339 2119 quem
1368 2068 1573 2118 indignum

182 2143 269 2168 esse
290 2130 419 2180 palam
441 2136 607 2167 constet.

235 2185 297 2222 M.
328 2182 410 2223 Cur
431 2182 469 2221 id
486 2184 502 2220 ?

236 2239 283 2276 P.
317 2238 422 2286 Quia
454 2249 534 2275 non
570 2234 653 2274 sine
687 2233 928 2273 contumelia
960 2240 997 2271 et
1026 2230 1298 2281 profanatione
1331 2229 1575 2268 Sacramenti

184 2293 305 2330 fieret.

236 2346 296 2383 M.
329 2344 464 2394 Atqui,
488 2356 621 2382 nonne
644 2343 797 2389 Iudam,
821 2340 1038 2390 quamlibet
1064 2337 1207 2389 impius
1229 2345 1343 2386 esset,
1366 2339 1449 2376 eius
1469 2350 1575 2375 com-

185 2399 374 2438 munione
396 2398 579 2448 dignatus
600 2405 658 2435 est
679 2396 888 2435 Christus?

237 2455 283 2491 P.
317 2454 481 2490 Fateor:
512 2465 634 2501 quum
665 2451 795 2488 adhuc
825 2450 980 2487 occulta
1009 2448 1107 2485 foret
1137 2447 1219 2485 eius
1250 2445 1442 2496 impietas.
1500 2445 1575 2483 Ta-

185 2506 298 2545 metsi
331 2506 436 2544 enim
468 2505 669 2545 Christum
700 2516 781 2542 non
810 2502 956 2540 latebat
987 2502 1121 2551 (Matt.
1154 2500 1250 2538 xxvi.
1286 2499 1363 2551 25),
1396 2499 1574 2537 nondum

185 2568 318 2599 tamen
340 2559 537 2610 prodierat
560 2559 597 2596 in
618 2560 746 2597 lucem
769 2556 1029 2607 notitiamque
1050 2554 1269 2593 hominum,

1662 2654 1678 2734 3}
