1715 2780
207 129 281 176 582
541 127 752 168 CALVIN
785 129 845 167 IN
876 129 1057 176 EXILE,
1094 131 1268 179 1538-41
1516 139 1598 177 295

206 231 345 270 simam
378 244 538 282 operam
573 231 794 282 recipimus,
828 240 869 270 ut
900 231 1012 282 panis
1042 232 1166 282 azymi
1197 245 1289 271 usus
1321 232 1361 270 in
1391 233 1597 271 ecclesiam

206 293 379 325 nostram
410 285 628 325 inducatur.
688 286 766 324 Sed
797 286 872 324 hoc
902 285 1073 324 vicissim
1102 285 1283 336 cupimus
1312 299 1334 324 a
1364 286 1599 326 Bernatibus

204 339 467 391 impetratum,
482 347 524 378 ut
545 338 775 378 fractionem
796 339 908 390 panis
925 339 1134 378 nobiscum
1155 339 1355 390 recipiant,
1371 353 1420 379 ne
1434 341 1597 390 posthac

204 395 254 433 de
274 395 348 433 hac
369 406 529 444 quoque
549 393 768 432 differentia
789 406 891 432 nova
911 393 1090 444 quaestio
1110 401 1302 433 nascatur.

258 447 314 498 (3)
349 449 396 486 In
416 447 518 486 feriis
540 446 707 497 plurima
727 447 950 486 laboramus
970 447 1236 498 perplexitate,
1258 448 1597 498 quemadmodum

204 514 359 552 semper
386 515 521 540 sumus
548 500 722 551 professi,
749 514 878 551 neque
905 501 980 540 alia
1006 501 1235 541 conditione
1265 503 1483 541 concedere
1506 515 1598 552 pos-

204 568 340 593 sumus
371 555 463 594 istas
484 562 652 605 quatuor
672 554 833 603 institui,
855 555 930 594 nisi
951 562 993 594 ut
1017 556 1174 594 tollatur
1202 555 1368 594 nimium
1388 555 1598 606 imperiosa

204 623 337 648 earum
377 608 552 656 indictio,
575 622 620 647 ac
647 608 815 648 liberum
843 610 891 648 sit
918 609 963 648 iis
988 609 1055 660 qui
1082 611 1215 649 volent
1244 617 1334 660 post
1361 609 1597 649 concionem

204 664 254 701 ad
276 676 375 713 opus
396 676 437 701 se
457 663 660 702 conferre.¹
720 665 814 701 Non
835 671 967 702 tamen
988 665 1197 703 fenestram
1227 665 1419 703 audemus
1449 665 1598 714 aperire

206 724 262 754 tot
282 716 417 764 turbis,
442 730 538 767 quas
560 730 776 756 emersuras
799 717 876 756 iam
897 717 1172 768 prospicimus,
1193 717 1225 756 si
1243 719 1354 756 aliter
1374 718 1451 756 fiat.

258 770 316 821 (4)
349 772 463 810 Haec
483 778 615 810 autern
643 770 758 810 nobis
784 771 934 822 optima
960 779 997 810 et
1020 771 1393 811 convenientissima
1417 778 1599 811 censetur

203 824 300 863 ratio
337 824 586 875 recipiendae
634 825 930 873 conformitatis,
969 825 1000 864 si
1047 827 1163 876 legati
1201 825 1429 865 Bernatium
1468 827 1597 876 palam

203 886 404 926 testentur,
445 879 712 917 caeremonias
752 880 943 918 hactenus
982 881 1088 929 apud
1135 893 1208 919 nos
1255 880 1480 919 observatas
1523 879 1597 919 sibi

204 932 365 971 minime
395 932 618 983 improbari,
651 946 780 983 neque
811 946 852 972 se
882 933 1084 984 quidpiam
1116 934 1156 972 in
1185 935 1260 972 illis
1288 940 1476 973 novatum
1506 933 1598 973 ideo

202 999 345 1036 cupere
366 988 474 1036 quod
491 988 711 1037 Scripturae
728 986 894 1037 puritate
909 987 1082 1026 alienum
1103 988 1278 1026 iudicent
1286 1002 1297 1036 5
1325 988 1396 1027 sed
1416 1001 1536 1026 unam
1556 1001 1598 1026 se

202 1040 456 1079 concordiam
496 1048 534 1079 et
573 1040 764 1079 unitatem
796 1048 983 1091 spectare,
1020 1054 1121 1092 quae
1159 1041 1303 1080 rituum
1342 1041 1598 1081 similitudine

203 1093 341 1133 melius
369 1096 590 1133 coalescere
617 1095 744 1134 solet.²
802 1094 956 1135 Concio
984 1095 1102 1134 etiam
1132 1109 1155 1134 a
1184 1095 1299 1134 nobis
1328 1095 1518 1134 habeatur
1546 1096 1597 1135 de

201 1148 536 1187 caeremoniarum
568 1148 758 1196 libertate,
791 1149 936 1188 deinde
969 1151 1021 1188 ad
1059 1149 1374 1188 conformitatem
1405 1150 1596 1199 populum

200 1203 465 1249 adhortemur,
515 1202 724 1253 propositis
772 1203 855 1242 eius
903 1203 1130 1242 rationibus.
1208 1205 1382 1242 Demum
1430 1203 1595 1242 liberum

201 1256 390 1295 ecclesiae
420 1256 610 1295 iudicium
641 1258 895 1317 permittatur.
956 1259 1019 1296 Sic
1049 1257 1154 1296 enim
1184 1265 1409 1296 occurretur
1436 1257 1598 1297 offendi-

200 1309 307 1357 culis,
326 1311 520 1350 bonorum
537 1310 657 1349 animi
673 1312 1018 1361 praeparabuntur,
1034 1311 1101 1362 qui
1122 1325 1227 1350 nunc
1241 1312 1487 1362 aliquantum
1507 1318 1597 1351 sunt

201 1377 247 1402 ax
251 1363 335 1411 ersi,
360 1373 398 1403 et
418 1378 478 1404 res
499 1378 579 1414 quo
599 1366 715 1404 decet
735 1365 873 1404 ordine
893 1373 1056 1416 geretur.

255 1416 313 1469 (5)
343 1417 382 1456 Si
404 1420 453 1457 de
483 1418 598 1456 nobis
629 1420 880 1458 restituendis
909 1420 1043 1469 agitur,
1077 1420 1181 1458 istud
1202 1418 1393 1469 imprimis
1415 1418 1595 1469 cupimus

201 1480 390 1518 curatum,
424 1479 465 1510 ut
495 1473 546 1511 ad
578 1471 786 1511 diluendas
817 1473 1033 1511 calumnias
1068 1473 1211 1522 quibus
1241 1474 1416 1524 oppressi
1446 1486 1595 1521 sumus,

199 1524 465 1564 admittamur.
526 1525 730 1565 Barbaries
752 1526 856 1565 enim
884 1534 921 1564 et
942 1526 1208 1565 inhumanitas
1229 1526 1300 1565 fuit
1320 1539 1400 1565 non
1421 1527 1593 1573 ferenda,

201 1580 309 1629 quod
330 1579 558 1618 indefensos
578 1581 826 1627 damnarunt,
842 1594 931 1618 cum
953 1594 1025 1619 nos
1044 1582 1095 1619 ad
1115 1593 1274 1619 causam
1295 1581 1505 1620 dicendam
1526 1594 1597 1631 pro

200 1634 329 1672 curiae
350 1633 499 1672 foribus
520 1641 674 1684 praesto
705 1647 891 1673 essemus.
950 1634 1179 1674 Obnoxium
1205 1633 1400 1685 siquidem
1421 1635 1593 1673 futurum

200 1695 258 1725 est
296 1694 474 1726 nostrum
515 1687 773 1726 ministerium
812 1687 1022 1738 impiorum
1054 1687 1363 1735 maledicentiae,
1404 1687 1594 1738 quamdiu

201 1741 343 1779 iactare
382 1748 566 1791 poterunt
600 1754 668 1792 per
707 1743 845 1792 culpae
879 1741 1199 1793 deprecationem
1233 1741 1352 1780 fuisse
1382 1741 1591 1781 restitutos.

202 1795 413 1834 Iactabunt
433 1803 566 1834 autem
587 1796 694 1834 haud
715 1795 846 1843 dubie,
870 1795 944 1834 nisi
965 1797 1080 1835 datus
1100 1795 1214 1835 fuerit
1229 1795 1449 1846 purgationi
1469 1797 1590 1834 locus.

202 1850 205 1851 ⁷
254 1848 312 1899 (6)
344 1849 427 1887 Erit
444 1848 588 1888 deinde
602 1851 776 1888 studium
789 1849 1062 1889 adhibendum
1078 1849 1309 1910 disciplinae
1321 1849 1593 1889 stabiliendae.

199 1901 360 1952 Alioqui
382 1915 472 1941 mox
493 1903 710 1942 collabetur
723 1903 940 1954 quidquid
931 1918 970 1942 m
986 1917 1170 1955 praesens
1191 1903 1447 1942 instauratum
1467 1905 1592 1942 fuerit.

201 1955 285 1993 Etsi
315 1963 447 1994 autem
477 1958 587 2006 plura
615 1965 810 2008 optemus,
833 1957 924 2008 quia
953 1965 1086 1997 tamen
1115 1959 1192 1997 hoc
1220 1965 1397 2008 tempore
1425 1956 1593 1996 obtineri

199 2022 315 2070 posse
344 2011 452 2048 nulla
481 2023 569 2060 spes
599 2019 668 2059 cst,
691 2024 793 2061 quae
822 2011 1012 2062 imprimis
1041 2011 1260 2051 necessaria
1288 2019 1379 2050 sunt
1408 2010 1593 2077 constitui

197 2064 391 2112 cupimus.

255 2116 313 2167 (7)
345 2118 520 2156 Primum
552 2125 610 2157 est
649 2125 690 2156 ut
729 2118 821 2157 urbs
855 2118 894 2156 in
925 2126 1049 2158 certas
1084 2118 1287 2169 parochias
1325 2109 1589 2158 distribuatur.

200 2170 399 2219 Quoniam
431 2171 548 2219 enim,
569 2179 840 2246 praeterquam
871 2173 979 2222 quod
1008 2173 1224 2223 populosa³
1244 2179 1313 2219 est,
1340 2173 1506 2211 collecta
1534 2180 1593 2211 est

198 2224 361 2263 exvaria
375 2225 613 2264 diversarum
627 2226 829 2276 gentium*¹
852 2226 1113 2274 multitudine,
1129 2227 1242 2265 valde
1261 2227 1424 2265 confusa
1438 2239 1592 2277 semper

243 2293 253 2311 ¹
280 2294 320 2324 Vl
324 2294 381 2325 hat
405 2295 479 2326 shut
504 2301 560 2327 out
583 2294 663 2336 hol)
667 2295 741 2336 -yda
744 2304 758 2325 s
781 2295 874 2326 other
897 2295 975 2326 than
999 2295 1142 2335 Sunday,
1166 2295 1246 2327 with
1269 2296 1325 2328 the
1349 2295 1501 2328 Genevan
1526 2297 1590 2328 Re-

199 2336 345 2376 formers,
362 2348 428 2369 was
444 2339 527 2370 their
543 2338 629 2380 rigid
646 2338 942 2380 Scripturalism—‘
955 2339 1010 2370 Six
1028 2339 1107 2379 days
1124 2339 1210 2370 shalt
1225 2339 1304 2372 thou
1320 2340 1457 2372 labour.'

243 2363 362 2413 ²This
375 2391 440 2414 was
451 2382 539 2424 quite
554 2382 699 2414 theview
713 2383 750 2414 of
761 2382 864 2419 Bern;
889 2382 929 2414 cs.
949 2383 990 2414 its
1000 2382 1106 2414 edict
1098 2393 1131 2414 m
1144 2383 1363 2425 Herminjard,
1376 2393 1419 2424 1v,
1432 2383 1497 2416 No
1510 2383 1587 2426 698,

198 2435 227 2454 11.
250 2425 298 2463 18,
316 2435 353 2456 or
370 2425 510 2465 Ruchat,
528 2427 570 2457 iv.
587 2436 660 2467 459.

241 2467 253 2484 ³
278 2468 390 2500 About
409 2478 536 2509 13,000.

246 2511 252 2527 ἱ
279 2512 330 2543 Cf.
350 2514 428 2543 Am.
444 2513 536 2544 Hz'sl.
556 2513 636 2544 Rev.
655 2513 720 2544 xiii.
742 2522 814 2555 239,
832 2524 862 2544 11.
883 2523 911 2544 2.
