<?xml version="1.0" encoding="UTF-8"?>
<!DOCTYPE html PUBLIC "-//W3C//DTD XHTML 1.0 Transitional//EN"
    "http://www.w3.org/TR/xhtml1/DTD/xhtml1-transitional.dtd">
<html xmlns="http://www.w3.org/1999/xhtml" xml:lang="en" lang="en">
 <head>
  <title>
</title>
<meta http-equiv="Content-Type" content="text/html;charset=utf-8" />
  <meta name='ocr-system' content='tesseract 3.04.00' />
  <meta name='ocr-capabilities' content='ocr_page ocr_carea ocr_par ocr_line ocrx_word'/>
</head>
<body>
  <div class='ocr_page' id='page_1' title='image "./docreform00kidd_0382.png"; bbox 0 0 1715 2780; ppageno 0'>
   <div class='ocr_carea' id='block_1_1' title="bbox 181 89 1574 140">
    <p class='ocr_par' dir='ltr' id='par_1_1' title="bbox 181 89 1574 140">
     <span class='ocr_line' id='line_1_1' title="bbox 181 89 1574 140; baseline 0 -13"><span class='ocrx_word' id='word_1_1' title='bbox 181 101 258 140; x_wconf 85' lang='lat'>354</span> <span class='ocrx_word' id='word_1_2' title='bbox 291 91 426 129; x_wconf 75' lang='lat' dir='ltr'>LAST</span> <span class='ocrx_word' id='word_1_3' title='bbox 451 92 577 128; x_wconf 74' lang='lat' dir='ltr'>WAR</span> <span class='ocrx_word' id='word_1_4' title='bbox 601 92 879 129; x_wconf 79' lang='lat' dir='ltr'>BETWEEN</span> <span class='ocrx_word' id='word_1_5' title='bbox 905 91 1169 130; x_wconf 77' lang='lat' dir='ltr'>CHARLES</span> <span class='ocrx_word' id='word_1_6' title='bbox 1191 90 1310 127; x_wconf 82' lang='lat' dir='ltr'>AND</span> <span class='ocrx_word' id='word_1_7' title='bbox 1332 89 1574 129; x_wconf 84' lang='lat' dir='ltr'>FRANCIS</span> 
     </span>
    </p>
   </div>
   <div class='ocr_carea' id='block_1_2' title="bbox 181 192 1575 997">
    <p class='ocr_par' dir='ltr' id='par_1_2' title="bbox 181 192 1575 997">
     <span class='ocr_line' id='line_1_2' title="bbox 182 192 1572 244; baseline -0.001 -12"><span class='ocrx_word' id='word_1_8' title='bbox 182 202 402 242; x_wconf 87' lang='lat' dir='ltr'>reservaret,</span> <span class='ocrx_word' id='word_1_9' title='bbox 437 196 566 233; x_wconf 89' lang='lat' dir='ltr'>donec</span> <span class='ocrx_word' id='word_1_10' title='bbox 599 194 671 244; x_wconf 85' lang='lat' dir='ltr'>ipsi</span> <span class='ocrx_word' id='word_1_11' title='bbox 705 196 754 233; x_wconf 91' lang='lat' dir='ltr'>de</span> <span class='ocrx_word' id='word_1_12' title='bbox 789 194 865 232; x_wconf 87' lang='lat' dir='ltr'>fide</span> <span class='ocrx_word' id='word_1_13' title='bbox 905 201 1023 242; x_wconf 89' lang='lat' dir='ltr'>atque</span> <span class='ocrx_word' id='word_1_14' title='bbox 1061 192 1255 242; x_wconf 87' lang='lat' dir='ltr'>obsequio</span> <span class='ocrx_word' id='word_1_15' title='bbox 1293 194 1375 231; x_wconf 89' lang='lat' dir='ltr'>eius</span> <span class='ocrx_word' id='word_1_16' title='bbox 1413 193 1572 231; x_wconf 83' lang='lat' dir='ltr'>abunde</span> 
     </span>
     <span class='ocr_line' id='line_1_3' title="bbox 181 246 1573 298; baseline -0.001 -12"><span class='ocrx_word' id='word_1_17' title='bbox 181 255 388 287; x_wconf 89' lang='lat' dir='ltr'>constaret.</span> <span class='ocrx_word' id='word_1_18' title='bbox 448 249 664 287; x_wconf 75' lang='lat' dir='ltr'>Castellum</span> <span class='ocrx_word' id='word_1_19' title='bbox 699 261 745 286; x_wconf 88' lang='lat' dir='ltr'>ac</span> <span class='ocrx_word' id='word_1_20' title='bbox 777 248 967 298; x_wconf 90' lang='lat' dir='ltr'>oppidum</span> <span class='ocrx_word' id='word_1_21' title='bbox 1001 246 1309 285; x_wconf 88' lang='lat' dir='ltr'>Ravensteinam</span> <span class='ocrx_word' id='word_1_22' title='bbox 1343 260 1433 284; x_wconf 89' lang='lat' dir='ltr'>cum</span> <span class='ocrx_word' id='word_1_23' title='bbox 1468 246 1573 284; x_wconf 90' lang='lat' dir='ltr'>iuris-</span> 
     </span>
     <span class='ocr_line' id='line_1_4' title="bbox 181 299 1570 348; baseline -0.001 -8"><span class='ocrx_word' id='word_1_24' title='bbox 181 301 355 341; x_wconf 82' lang='lat' dir='ltr'>dictione</span> <span class='ocrx_word' id='word_1_25' title='bbox 395 302 573 340; x_wconf 86' lang='lat' dir='ltr'>universa</span> <span class='ocrx_word' id='word_1_26' title='bbox 613 303 655 341; x_wconf 82' lang='lat' dir='ltr'>C.</span> <span class='ocrx_word' id='word_1_27' title='bbox 699 301 785 348; x_wconf 85' lang='lat' dir='ltr'>Mti,</span> <span class='ocrx_word' id='word_1_28' title='bbox 822 308 864 339; x_wconf 87' lang='lat' dir='ltr'>ut</span> <span class='ocrx_word' id='word_1_29' title='bbox 902 302 1064 339; x_wconf 88' lang='lat' dir='ltr'>feudum</span> <span class='ocrx_word' id='word_1_30' title='bbox 1104 299 1350 347; x_wconf 87' lang='lat' dir='ltr'>Brabantiae,</span> <span class='ocrx_word' id='word_1_31' title='bbox 1391 301 1570 347; x_wconf 86' lang='lat' dir='ltr'>traderet,</span> 
     </span>
     <span class='ocr_line' id='line_1_5' title="bbox 182 353 1571 404; baseline -0.001 -10"><span class='ocrx_word' id='word_1_32' title='bbox 182 357 311 394; x_wconf 89' lang='lat' dir='ltr'>donec</span> <span class='ocrx_word' id='word_1_33' title='bbox 343 357 426 394; x_wconf 89' lang='lat' dir='ltr'>eius</span> <span class='ocrx_word' id='word_1_34' title='bbox 459 369 482 394; x_wconf 91' lang='lat' dir='ltr'>a</span> <span class='ocrx_word' id='word_1_35' title='bbox 521 357 688 395; x_wconf 77' lang='lat' dir='ltr'>Caesare</span> <span class='ocrx_word' id='word_1_36' title='bbox 722 355 945 393; x_wconf 83' lang='lat' dir='ltr'>clientelam</span> <span class='ocrx_word' id='word_1_37' title='bbox 984 353 1183 404; x_wconf 90' lang='lat' dir='ltr'>reciperet.</span> <span class='ocrx_word' id='word_1_38' title='bbox 1240 353 1396 393; x_wconf 90' lang='lat' dir='ltr'>Subditi</span> <span class='ocrx_word' id='word_1_39' title='bbox 1433 367 1571 392; x_wconf 91' lang='lat' dir='ltr'>omnes</span> 
     </span>
     <span class='ocr_line' id='line_1_6' title="bbox 183 407 1574 459; baseline -0.002 -11"><span class='ocrx_word' id='word_1_40' title='bbox 183 411 227 448; x_wconf 92' lang='lat' dir='ltr'>C.</span> <span class='ocrx_word' id='word_1_41' title='bbox 270 409 365 448; x_wconf 89' lang='lat' dir='ltr'>Mtis</span> <span class='ocrx_word' id='word_1_42' title='bbox 404 423 491 447; x_wconf 86' lang='lat' dir='ltr'>suas</span> <span class='ocrx_word' id='word_1_43' title='bbox 531 409 698 459; x_wconf 90' lang='lat' dir='ltr'>quisque</span> <span class='ocrx_word' id='word_1_44' title='bbox 731 410 905 447; x_wconf 80' lang='lat' dir='ltr'>fortunas</span> <span class='ocrx_word' id='word_1_45' title='bbox 938 421 985 446; x_wconf 91' lang='lat' dir='ltr'>ac</span> <span class='ocrx_word' id='word_1_46' title='bbox 1022 408 1128 447; x_wconf 89' lang='lat' dir='ltr'>bona</span> <span class='ocrx_word' id='word_1_47' title='bbox 1167 421 1268 459; x_wconf 87' lang='lat' dir='ltr'>quae</span> <span class='ocrx_word' id='word_1_48' title='bbox 1305 415 1436 446; x_wconf 87' lang='lat' dir='ltr'>essent</span> <span class='ocrx_word' id='word_1_49' title='bbox 1474 407 1574 446; x_wconf 88' lang='lat' dir='ltr'>intra</span> 
     </span>
     <span class='ocr_line' id='line_1_7' title="bbox 183 462 1572 508; baseline -0.002 -7"><span class='ocrx_word' id='word_1_50' title='bbox 183 463 353 502; x_wconf 89' lang='lat' dir='ltr'>ditiones</span> <span class='ocrx_word' id='word_1_51' title='bbox 389 463 512 501; x_wconf 88' lang='lat' dir='ltr'>Ducis</span> <span class='ocrx_word' id='word_1_52' title='bbox 552 463 632 508; x_wconf 69' lang='lat' dir='ltr'>Sita:</span> <span class='ocrx_word' id='word_1_53' title='bbox 674 462 795 501; x_wconf 87' lang='lat' dir='ltr'>libere</span> <span class='ocrx_word' id='word_1_54' title='bbox 832 476 878 500; x_wconf 90' lang='lat' dir='ltr'>ac</span> <span class='ocrx_word' id='word_1_55' title='bbox 917 469 1002 500; x_wconf 90' lang='lat' dir='ltr'>tuto</span> <span class='ocrx_word' id='word_1_56' title='bbox 1046 469 1223 501; x_wconf 89' lang='lat' dir='ltr'>tenerent</span> <span class='ocrx_word' id='word_1_57' title='bbox 1260 475 1306 500; x_wconf 91' lang='lat' dir='ltr'>ac</span> <span class='ocrx_word' id='word_1_58' title='bbox 1344 463 1572 500; x_wconf 90' lang='lat' dir='ltr'>fruerentur.</span> 
     </span>
     <span class='ocr_line' id='line_1_8' title="bbox 184 515 1572 567; baseline 0 -13"><span class='ocrx_word' id='word_1_59' title='bbox 184 518 409 567; x_wconf 83' lang='lat' dir='ltr'>Omniaque</span> <span class='ocrx_word' id='word_1_60' title='bbox 430 518 527 555; x_wconf 89' lang='lat' dir='ltr'>haec</span> <span class='ocrx_word' id='word_1_61' title='bbox 552 516 719 555; x_wconf 88' lang='lat' dir='ltr'>fideliter</span> <span class='ocrx_word' id='word_1_62' title='bbox 739 523 1014 566; x_wconf 82' lang='lat' dir='ltr'>exsequeretur</span> <span class='ocrx_word' id='word_1_63' title='bbox 1036 517 1128 553; x_wconf 87' lang='lat' dir='ltr'>Dux</span> <span class='ocrx_word' id='word_1_64' title='bbox 1148 515 1392 555; x_wconf 89' lang='lat' dir='ltr'>Gulielmus:</span> <span class='ocrx_word' id='word_1_65' title='bbox 1423 523 1462 554; x_wconf 93' lang='lat' dir='ltr'>et</span> <span class='ocrx_word' id='word_1_66' title='bbox 1482 529 1572 554; x_wconf 91' lang='lat' dir='ltr'>eum</span> 
     </span>
     <span class='ocr_line' id='line_1_9' title="bbox 182 569 1571 620; baseline -0.001 -12"><span class='ocrx_word' id='word_1_67' title='bbox 182 571 351 609; x_wconf 87' lang='lat' dir='ltr'>vicissim</span> <span class='ocrx_word' id='word_1_68' title='bbox 383 571 527 610; x_wconf 89' lang='lat' dir='ltr'>Caesar</span> <span class='ocrx_word' id='word_1_69' title='bbox 558 578 600 608; x_wconf 91' lang='lat' dir='ltr'>ut</span> <span class='ocrx_word' id='word_1_70' title='bbox 632 572 786 609; x_wconf 87' lang='lat' dir='ltr'>Ducem</span> <span class='ocrx_word' id='word_1_71' title='bbox 817 583 863 608; x_wconf 88' lang='lat' dir='ltr'>ac</span> <span class='ocrx_word' id='word_1_72' title='bbox 894 569 1117 619; x_wconf 89' lang='lat' dir='ltr'>Principem</span> <span class='ocrx_word' id='word_1_73' title='bbox 1143 569 1303 620; x_wconf 89' lang='lat' dir='ltr'>Imperii</span> <span class='ocrx_word' id='word_1_74' title='bbox 1332 576 1571 619; x_wconf 85' lang='lat' dir='ltr'>agnosceret,</span> 
     </span>
     <span class='ocr_line' id='line_1_10' title="bbox 183 623 1574 674; baseline -0.001 -12"><span class='ocrx_word' id='word_1_75' title='bbox 183 624 392 674; x_wconf 89' lang='lat' dir='ltr'>ipsumque</span> <span class='ocrx_word' id='word_1_76' title='bbox 427 638 496 662; x_wconf 85' lang='lat' dir='ltr'>sua</span> <span class='ocrx_word' id='word_1_77' title='bbox 530 632 648 674; x_wconf 87' lang='lat' dir='ltr'>atque</span> <span class='ocrx_word' id='word_1_78' title='bbox 688 624 847 674; x_wconf 87' lang='lat' dir='ltr'>Imperii</span> <span class='ocrx_word' id='word_1_79' title='bbox 887 623 1131 674; x_wconf 90' lang='lat' dir='ltr'>protectione</span> <span class='ocrx_word' id='word_1_80' title='bbox 1169 624 1382 673; x_wconf 88' lang='lat' dir='ltr'>debitaque</span> <span class='ocrx_word' id='word_1_81' title='bbox 1421 636 1574 673; x_wconf 86' lang='lat' dir='ltr'>semper</span> 
     </span>
     <span class='ocr_line' id='line_1_11' title="bbox 184 676 1573 728; baseline -0.001 -12"><span class='ocrx_word' id='word_1_82' title='bbox 184 679 458 716; x_wconf 83' lang='lat' dir='ltr'>benevolentia</span> <span class='ocrx_word' id='word_1_83' title='bbox 480 686 779 728; x_wconf 83' lang='lat' dir='ltr'>prosequeretur</span> <span class='ocrx_word' id='word_1_84' title='bbox 796 692 806 725; x_wconf 79' lang='lat'>3</span> <span class='ocrx_word' id='word_1_85' title='bbox 835 685 918 716; x_wconf 88' lang='lat' dir='ltr'>tum</span> <span class='ocrx_word' id='word_1_86' title='bbox 933 685 971 716; x_wconf 91' lang='lat' dir='ltr'>et</span> <span class='ocrx_word' id='word_1_87' title='bbox 992 685 1170 727; x_wconf 89' lang='lat' dir='ltr'>sumptus</span> <span class='ocrx_word' id='word_1_88' title='bbox 1192 690 1465 727; x_wconf 87' lang='lat' dir='ltr'>quoscumque</span> <span class='ocrx_word' id='word_1_89' title='bbox 1482 676 1573 715; x_wconf 90' lang='lat' dir='ltr'>belli</span> 
     </span>
     <span class='ocr_line' id='line_1_12' title="bbox 183 731 1573 782; baseline -0.001 -13"><span class='ocrx_word' id='word_1_90' title='bbox 183 739 361 782; x_wconf 90' lang='lat' dir='ltr'>tempore</span> <span class='ocrx_word' id='word_1_91' title='bbox 417 733 563 771; x_wconf 89' lang='lat' dir='ltr'>Caesar</span> <span class='ocrx_word' id='word_1_92' title='bbox 618 731 772 770; x_wconf 84' lang='lat' dir='ltr'>fecisset</span> <span class='ocrx_word' id='word_1_93' title='bbox 821 731 1021 782; x_wconf 81' lang='lat' dir='ltr'>ingentem</span> <span class='ocrx_word' id='word_1_94' title='bbox 1071 731 1325 781; x_wconf 87' lang='lat' dir='ltr'>pecuniarum</span> <span class='ocrx_word' id='word_1_95' title='bbox 1378 744 1573 769; x_wconf 88' lang='lat' dir='ltr'>summam</span> 
     </span>
     <span class='ocr_line' id='line_1_13' title="bbox 184 784 1575 835; baseline -0.001 -12"><span class='ocrx_word' id='word_1_96' title='bbox 184 787 419 825; x_wconf 83' lang='lat' dir='ltr'>excedentes</span> <span class='ocrx_word' id='word_1_97' title='bbox 436 800 444 832; x_wconf 82' lang='lat'>3</span> <span class='ocrx_word' id='word_1_98' title='bbox 474 793 556 823; x_wconf 87' lang='lat' dir='ltr'>tum</span> <span class='ocrx_word' id='word_1_99' title='bbox 579 793 616 824; x_wconf 89' lang='lat' dir='ltr'>et</span> <span class='ocrx_word' id='word_1_100' title='bbox 637 787 782 824; x_wconf 86' lang='lat' dir='ltr'>damna</span> <span class='ocrx_word' id='word_1_101' title='bbox 802 799 903 835; x_wconf 87' lang='lat' dir='ltr'>quae</span> <span class='ocrx_word' id='word_1_102' title='bbox 930 784 1182 823; x_wconf 87' lang='lat' dir='ltr'>incurrissent</span> <span class='ocrx_word' id='word_1_103' title='bbox 1211 784 1359 823; x_wconf 89' lang='lat' dir='ltr'>subditi</span> <span class='ocrx_word' id='word_1_104' title='bbox 1380 784 1473 832; x_wconf 91' lang='lat' dir='ltr'>eius,</span> <span class='ocrx_word' id='word_1_105' title='bbox 1496 797 1575 822; x_wconf 89' lang='lat' dir='ltr'>una</span> 
     </span>
     <span class='ocr_line' id='line_1_14' title="bbox 184 838 1574 889; baseline -0.001 -12"><span class='ocrx_word' id='word_1_106' title='bbox 184 853 274 877; x_wconf 90' lang='lat' dir='ltr'>cum</span> <span class='ocrx_word' id='word_1_107' title='bbox 314 839 503 878; x_wconf 83' lang='lat' dir='ltr'>reditibus</span> <span class='ocrx_word' id='word_1_108' title='bbox 548 853 594 877; x_wconf 87' lang='lat' dir='ltr'>ac</span> <span class='ocrx_word' id='word_1_109' title='bbox 632 846 836 889; x_wconf 89' lang='lat' dir='ltr'>proventu,</span> <span class='ocrx_word' id='word_1_110' title='bbox 884 853 1002 889; x_wconf 90' lang='lat' dir='ltr'>quem</span> <span class='ocrx_word' id='word_1_111' title='bbox 1041 852 1087 877; x_wconf 86' lang='lat' dir='ltr'>ex</span> <span class='ocrx_word' id='word_1_112' title='bbox 1133 838 1287 877; x_wconf 91' lang='lat' dir='ltr'>Gelriae</span> <span class='ocrx_word' id='word_1_113' title='bbox 1333 840 1490 876; x_wconf 90' lang='lat' dir='ltr'>Ducatu</span> <span class='ocrx_word' id='word_1_114' title='bbox 1528 851 1574 876; x_wconf 88' lang='lat' dir='ltr'>ac</span> 
     </span>
     <span class='ocr_line' id='line_1_15' title="bbox 185 891 1574 943; baseline -0.001 -12"><span class='ocrx_word' id='word_1_115' title='bbox 185 893 387 931; x_wconf 87' lang='lat' dir='ltr'>Comitatu</span> <span class='ocrx_word' id='word_1_116' title='bbox 414 893 659 942; x_wconf 86' lang='lat' dir='ltr'>Zutphaniae</span> <span class='ocrx_word' id='word_1_117' title='bbox 690 895 780 931; x_wconf 84' lang='lat' dir='ltr'>Dux</span> <span class='ocrx_word' id='word_1_118' title='bbox 809 893 892 943; x_wconf 90' lang='lat' dir='ltr'>ipse</span> <span class='ocrx_word' id='word_1_119' title='bbox 922 892 1170 943; x_wconf 86' lang='lat' dir='ltr'>percepisset,</span> <span class='ocrx_word' id='word_1_120' title='bbox 1200 892 1252 931; x_wconf 90' lang='lat' dir='ltr'>ab</span> <span class='ocrx_word' id='word_1_121' title='bbox 1282 893 1367 942; x_wconf 88' lang='lat' dir='ltr'>ipso</span> <span class='ocrx_word' id='word_1_122' title='bbox 1395 899 1463 930; x_wconf 90' lang='lat' dir='ltr'>aut</span> <span class='ocrx_word' id='word_1_123' title='bbox 1491 891 1574 930; x_wconf 89' lang='lat' dir='ltr'>eius</span> 
     </span>
     <span class='ocr_line' id='line_1_16' title="bbox 184 947 968 997; baseline 0 -13"><span class='ocrx_word' id='word_1_124' title='bbox 184 947 420 985; x_wconf 85' lang='lat' dir='ltr'>haeredibus</span> <span class='ocrx_word' id='word_1_125' title='bbox 441 948 547 985; x_wconf 90' lang='lat' dir='ltr'>haud</span> <span class='ocrx_word' id='word_1_126' title='bbox 569 960 744 997; x_wconf 88' lang='lat' dir='ltr'>unquam</span> <span class='ocrx_word' id='word_1_127' title='bbox 767 954 968 996; x_wconf 87' lang='lat' dir='ltr'>repeteret.</span> 
     </span>
    </p>
   </div>
   <div class='ocr_carea' id='block_1_3' title="bbox 241 1041 1524 1096">
    <p class='ocr_par' dir='ltr' id='par_1_3' title="bbox 241 1041 1524 1096">
     <span class='ocr_line' id='line_1_17' title="bbox 241 1041 1524 1096; baseline 0.002 -13"><span class='ocrx_word' id='word_1_128' title='bbox 241 1041 330 1084; x_wconf 90' lang='lat' dir='ltr'>No.</span> <span class='ocrx_word' id='word_1_129' title='bbox 354 1053 445 1096; x_wconf 90' lang='lat'>144.</span> <span class='ocrx_word' id='word_1_130' title='bbox 489 1041 598 1085; x_wconf 90' lang='lat' dir='ltr'>The</span> <span class='ocrx_word' id='word_1_131' title='bbox 629 1042 790 1085; x_wconf 85' lang='lat' dir='ltr'>Peace</span> <span class='ocrx_word' id='word_1_132' title='bbox 824 1041 882 1085; x_wconf 93' lang='lat' dir='ltr'>of</span> <span class='ocrx_word' id='word_1_133' title='bbox 906 1042 1118 1096; x_wconf 85' lang='lat' dir='ltr'>Crespy,</span> <span class='ocrx_word' id='word_1_134' title='bbox 1149 1042 1196 1084; x_wconf 93' lang='lat'>18</span> <span class='ocrx_word' id='word_1_135' title='bbox 1229 1041 1370 1095; x_wconf 87' lang='lat' dir='ltr'>Sept.</span> <span class='ocrx_word' id='word_1_136' title='bbox 1402 1052 1524 1095; x_wconf 90' lang='lat'><strong>1544.</strong></span> 
     </span>
    </p>
   </div>
   <div class='ocr_carea' id='block_1_4' title="bbox 182 1127 1575 2084">
    <p class='ocr_par' dir='ltr' id='par_1_4' title="bbox 182 1127 1575 2084">
     <span class='ocr_line' id='line_1_18' title="bbox 240 1127 1574 1178; baseline 0.004 -16"><span class='ocrx_word' id='word_1_137' title='bbox 240 1154 245 1161; x_wconf 94' lang='lat'>.</span> <span class='ocrx_word' id='word_1_138' title='bbox 269 1156 275 1163; x_wconf 93' lang='lat'><strong>.</strong></span> <span class='ocrx_word' id='word_1_139' title='bbox 302 1155 308 1162; x_wconf 94' lang='lat'>.</span> <span class='ocrx_word' id='word_1_140' title='bbox 332 1128 382 1164; x_wconf 88' lang='lat' dir='ltr'>Et</span> <span class='ocrx_word' id='word_1_141' title='bbox 407 1140 506 1176; x_wconf 85' lang='lat' dir='ltr'>pour</span> <span class='ocrx_word' id='word_1_142' title='bbox 526 1140 571 1166; x_wconf 95' lang='lat' dir='ltr'>ce</span> <span class='ocrx_word' id='word_1_143' title='bbox 592 1140 669 1178; x_wconf 90' lang='lat' dir='ltr'>que</span> <span class='ocrx_word' id='word_1_144' title='bbox 690 1127 876 1166; x_wconf 88' lang='lat' dir='ltr'>cettedite</span> <span class='ocrx_word' id='word_1_145' title='bbox 903 1127 996 1165; x_wconf 89' lang='lat' dir='ltr'>Paix</span> <span class='ocrx_word' id='word_1_146' title='bbox 1025 1140 1065 1166; x_wconf 90' lang='lat' dir='ltr'>se</span> <span class='ocrx_word' id='word_1_147' title='bbox 1093 1128 1171 1174; x_wconf 89' lang='lat' dir='ltr'>fait,</span> <span class='ocrx_word' id='word_1_148' title='bbox 1195 1135 1232 1165; x_wconf 93' lang='lat' dir='ltr'>et</span> <span class='ocrx_word' id='word_1_149' title='bbox 1262 1128 1383 1165; x_wconf 88' lang='lat' dir='ltr'>fonde</span> <span class='ocrx_word' id='word_1_150' title='bbox 1412 1140 1511 1177; x_wconf 90' lang='lat' dir='ltr'>pour</span> <span class='ocrx_word' id='word_1_151' title='bbox 1538 1129 1574 1167; x_wconf 98' lang='grc'>16</span> 
     </span>
     <span class='ocr_line' id='line_1_19' title="bbox 184 1179 1575 1227; baseline 0.002 -10"><span class='ocrx_word' id='word_1_152' title='bbox 184 1179 330 1218; x_wconf 83' lang='lat' dir='ltr'>service</span> <span class='ocrx_word' id='word_1_153' title='bbox 358 1181 406 1218; x_wconf 92' lang='lat' dir='ltr'>de</span> <span class='ocrx_word' id='word_1_154' title='bbox 436 1180 539 1219; x_wconf 92' lang='lat' dir='ltr'>Dieu</span> <span class='ocrx_word' id='word_1_155' title='bbox 563 1184 676 1219; x_wconf 81' lang='lat' dir='ltr'>notre</span> <span class='ocrx_word' id='word_1_156' title='bbox 703 1181 907 1220; x_wconf 85' lang='lat' dir='ltr'>souverain</span> <span class='ocrx_word' id='word_1_157' title='bbox 935 1182 1131 1227; x_wconf 84' lang='lat' dir='ltr'>Createur,</span> <span class='ocrx_word' id='word_1_158' title='bbox 1154 1180 1359 1220; x_wconf 83' lang='lat' dir='ltr'>reduction</span> <span class='ocrx_word' id='word_1_159' title='bbox 1389 1182 1439 1220; x_wconf 92' lang='lat' dir='ltr'>de</span> <span class='ocrx_word' id='word_1_160' title='bbox 1463 1183 1575 1220; x_wconf 78' lang='lat' dir='ltr'>notre</span> 
     </span>
     <span class='ocr_line' id='line_1_20' title="bbox 185 1233 1575 1284; baseline 0.001 -13"><span class='ocrx_word' id='word_1_161' title='bbox 185 1233 308 1272; x_wconf 83' lang='lat' dir='ltr'>sainte</span> <span class='ocrx_word' id='word_1_162' title='bbox 330 1234 401 1272; x_wconf 87' lang='lat' dir='ltr'>Foi</span> <span class='ocrx_word' id='word_1_163' title='bbox 415 1242 452 1272; x_wconf 89' lang='lat' dir='ltr'>et</span> <span class='ocrx_word' id='word_1_164' title='bbox 468 1234 650 1284; x_wconf 84' lang='lat' dir='ltr'>Religion</span> <span class='ocrx_word' id='word_1_165' title='bbox 668 1248 716 1273; x_wconf 88' lang='lat' dir='ltr'>en</span> <span class='ocrx_word' id='word_1_166' title='bbox 731 1234 854 1273; x_wconf 89' lang='lat' dir='ltr'>union</span> <span class='ocrx_word' id='word_1_167' title='bbox 870 1234 1109 1282; x_wconf 90' lang='lat' dir='ltr'>chretienne,</span> <span class='ocrx_word' id='word_1_168' title='bbox 1132 1242 1170 1273; x_wconf 93' lang='lat' dir='ltr'>et</span> <span class='ocrx_word' id='word_1_169' title='bbox 1187 1234 1321 1273; x_wconf 91' lang='lat' dir='ltr'>obvier</span> <span class='ocrx_word' id='word_1_170' title='bbox 1336 1234 1359 1272; x_wconf 75' lang='lat' dir='ltr'>a</span> <span class='ocrx_word' id='word_1_171' title='bbox 1377 1236 1575 1274; x_wconf 88' lang='lat' dir='ltr'>l&#39;extreme</span> 
     </span>
     <span class='ocr_line' id='line_1_21' title="bbox 185 1288 1575 1339; baseline 0.002 -15"><span class='ocrx_word' id='word_1_172' title='bbox 185 1288 331 1336; x_wconf 87' lang='lat' dir='ltr'>danger</span> <span class='ocrx_word' id='word_1_173' title='bbox 360 1295 398 1325; x_wconf 92' lang='lat' dir='ltr'>et</span> <span class='ocrx_word' id='word_1_174' title='bbox 428 1289 569 1326; x_wconf 85' lang='lat' dir='ltr'>hazard</span> <span class='ocrx_word' id='word_1_175' title='bbox 600 1291 650 1326; x_wconf 74' lang='grc' dir='ltr'>οὺ</span> <span class='ocrx_word' id='word_1_176' title='bbox 680 1290 753 1327; x_wconf 89' lang='grc'>6116</span> <span class='ocrx_word' id='word_1_177' title='bbox 781 1302 821 1327; x_wconf 90' lang='lat' dir='ltr'>se</span> <span class='ocrx_word' id='word_1_178' title='bbox 849 1297 995 1335; x_wconf 89' lang='lat' dir='ltr'>trouve,</span> <span class='ocrx_word' id='word_1_179' title='bbox 1023 1296 1059 1327; x_wconf 95' lang='lat' dir='ltr'>et</span> <span class='ocrx_word' id='word_1_180' title='bbox 1088 1289 1168 1326; x_wconf 89' lang='lat' dir='ltr'>afin</span> <span class='ocrx_word' id='word_1_181' title='bbox 1197 1289 1247 1327; x_wconf 91' lang='lat' dir='ltr'>de</span> <span class='ocrx_word' id='word_1_182' title='bbox 1276 1288 1454 1339; x_wconf 85' lang='lat' dir='ltr'>parvenir</span> <span class='ocrx_word' id='word_1_183' title='bbox 1486 1290 1509 1327; x_wconf 75' lang='lat' dir='ltr'>a</span> <span class='ocrx_word' id='word_1_184' title='bbox 1539 1290 1575 1327; x_wconf 87' lang='lat' dir='ltr'>la</span> 
     </span>
     <span class='ocr_line' id='line_1_22' title="bbox 183 1341 1575 1392; baseline 0.002 -15"><span class='ocrx_word' id='word_1_185' title='bbox 183 1342 363 1389; x_wconf 87' lang='lat' dir='ltr'>generale</span> <span class='ocrx_word' id='word_1_186' title='bbox 412 1341 661 1391; x_wconf 83' lang='lat' dir='ltr'>pacification</span> <span class='ocrx_word' id='word_1_187' title='bbox 714 1342 875 1389; x_wconf 85' lang='lat' dir='ltr'>d&#39;icelle,</span> <span class='ocrx_word' id='word_1_188' title='bbox 928 1355 1026 1392; x_wconf 89' lang='lat' dir='ltr'>pour</span> <span class='ocrx_word' id='word_1_189' title='bbox 1074 1341 1178 1380; x_wconf 90' lang='lat' dir='ltr'>aussi</span> <span class='ocrx_word' id='word_1_190' title='bbox 1234 1341 1399 1391; x_wconf 86' lang='lat' dir='ltr'>pouvoir</span> <span class='ocrx_word' id='word_1_191' title='bbox 1444 1342 1575 1381; x_wconf 88' lang='lat' dir='ltr'>mieux</span> 
     </span>
     <span class='ocr_line' id='line_1_23' title="bbox 184 1395 1574 1445; baseline 0.001 -13"><span class='ocrx_word' id='word_1_192' title='bbox 184 1395 374 1432; x_wconf 89' lang='lat' dir='ltr'>entendre</span> <span class='ocrx_word' id='word_1_193' title='bbox 404 1402 441 1432; x_wconf 90' lang='lat' dir='ltr'>et</span> <span class='ocrx_word' id='word_1_194' title='bbox 469 1396 687 1444; x_wconf 86' lang='lat' dir='ltr'>s’emploier</span> <span class='ocrx_word' id='word_1_195' title='bbox 717 1397 1014 1434; x_wconf 85' lang='lat' dir='ltr'>unanimement</span> <span class='ocrx_word' id='word_1_196' title='bbox 1034 1396 1057 1433; x_wconf 75' lang='lat' dir='ltr'>a</span> <span class='ocrx_word' id='word_1_197' title='bbox 1076 1397 1112 1433; x_wconf 88' lang='lat' dir='ltr'>la</span> <span class='ocrx_word' id='word_1_198' title='bbox 1135 1395 1332 1445; x_wconf 89' lang='lat' dir='ltr'>repulsion</span> <span class='ocrx_word' id='word_1_199' title='bbox 1358 1396 1428 1434; x_wconf 89' lang='lat' dir='ltr'>des</span> <span class='ocrx_word' id='word_1_200' title='bbox 1448 1398 1574 1434; x_wconf 90' lang='lat' dir='ltr'>Turcs</span> 
     </span>
     <span class='ocr_line' id='line_1_24' title="bbox 185 1447 1575 1499; baseline 0.001 -14"><span class='ocrx_word' id='word_1_201' title='bbox 185 1455 222 1485; x_wconf 86' lang='lat' dir='ltr'>et</span> <span class='ocrx_word' id='word_1_202' title='bbox 251 1455 380 1486; x_wconf 87' lang='lat' dir='ltr'>autres</span> <span class='ocrx_word' id='word_1_203' title='bbox 404 1447 582 1486; x_wconf 78' lang='lat' dir='ltr'>infideles</span> <span class='ocrx_word' id='word_1_204' title='bbox 616 1461 676 1486; x_wconf 90' lang='lat' dir='ltr'>ses</span> <span class='ocrx_word' id='word_1_205' title='bbox 709 1449 914 1497; x_wconf 78' lang='lat' dir='ltr'>ennemis3</span> <span class='ocrx_word' id='word_1_206' title='bbox 953 1462 975 1487; x_wconf 87' lang='lat' dir='ltr'>a</span> <span class='ocrx_word' id='word_1_207' title='bbox 1002 1448 1063 1487; x_wconf 80' lang='lat' dir='ltr'>e&#39;te</span> <span class='ocrx_word' id='word_1_208' title='bbox 1095 1448 1206 1486; x_wconf 79' lang='lat' dir='ltr'>traite</span> <span class='ocrx_word' id='word_1_209' title='bbox 1235 1456 1272 1487; x_wconf 92' lang='lat' dir='ltr'>et</span> <span class='ocrx_word' id='word_1_210' title='bbox 1300 1449 1468 1488; x_wconf 82' lang='lat' dir='ltr'>accorde</span> <span class='ocrx_word' id='word_1_211' title='bbox 1497 1462 1575 1499; x_wconf 89' lang='lat' dir='ltr'>que</span> 
     </span>
     <span class='ocr_line' id='line_1_25' title="bbox 185 1502 1574 1552; baseline 0.003 -15"><span class='ocrx_word' id='word_1_212' title='bbox 185 1502 389 1539; x_wconf 87' lang='lat' dir='ltr'>leursdites</span> <span class='ocrx_word' id='word_1_213' title='bbox 419 1502 521 1540; x_wconf 82' lang='lat' dir='ltr'>deux</span> <span class='ocrx_word' id='word_1_214' title='bbox 553 1503 753 1551; x_wconf 85' lang='lat' dir='ltr'>Majestez,</span> <span class='ocrx_word' id='word_1_215' title='bbox 785 1502 993 1552; x_wconf 88' lang='lat' dir='ltr'>Imperiale</span> <span class='ocrx_word' id='word_1_216' title='bbox 1022 1509 1060 1541; x_wconf 90' lang='lat' dir='ltr'>et</span> <span class='ocrx_word' id='word_1_217' title='bbox 1090 1503 1252 1550; x_wconf 90' lang='lat' dir='ltr'>Royale,</span> <span class='ocrx_word' id='word_1_218' title='bbox 1284 1502 1574 1552; x_wconf 85' lang='lat' dir='ltr'>s&#39;emploieront</span> 
     </span>
     <span class='ocr_line' id='line_1_26' title="bbox 184 1554 1574 1605; baseline 0.002 -14"><span class='ocrx_word' id='word_1_219' title='bbox 184 1554 445 1593; x_wconf 89' lang='lat' dir='ltr'>sincerement</span> <span class='ocrx_word' id='word_1_220' title='bbox 466 1563 503 1593; x_wconf 93' lang='lat' dir='ltr'>et</span> <span class='ocrx_word' id='word_1_221' title='bbox 524 1556 574 1593; x_wconf 92' lang='lat' dir='ltr'>de</span> <span class='ocrx_word' id='word_1_222' title='bbox 599 1563 683 1594; x_wconf 91' lang='lat' dir='ltr'>tout</span> <span class='ocrx_word' id='word_1_223' title='bbox 704 1557 786 1593; x_wconf 89' lang='lat' dir='ltr'>leur</span> <span class='ocrx_word' id='word_1_224' title='bbox 806 1555 979 1605; x_wconf 92' lang='lat' dir='ltr'>pouvoir,</span> <span class='ocrx_word' id='word_1_225' title='bbox 1003 1563 1041 1594; x_wconf 91' lang='lat' dir='ltr'>et</span> <span class='ocrx_word' id='word_1_226' title='bbox 1068 1569 1136 1605; x_wconf 92' lang='lat' dir='ltr'>par</span> <span class='ocrx_word' id='word_1_227' title='bbox 1160 1556 1293 1594; x_wconf 88' lang='lat' dir='ltr'>bonne</span> <span class='ocrx_word' id='word_1_228' title='bbox 1320 1563 1358 1594; x_wconf 92' lang='lat' dir='ltr'>et</span> <span class='ocrx_word' id='word_1_229' title='bbox 1387 1558 1574 1594; x_wconf 92' lang='lat' dir='ltr'>mutuelle</span> 
     </span>
     <span class='ocr_line' id='line_1_27' title="bbox 184 1608 1575 1660; baseline 0.003 -16"><span class='ocrx_word' id='word_1_230' title='bbox 184 1608 432 1658; x_wconf 85' lang='lat' dir='ltr'>intelligence</span> <span class='ocrx_word' id='word_1_231' title='bbox 462 1616 499 1647; x_wconf 90' lang='lat' dir='ltr'>et</span> <span class='ocrx_word' id='word_1_232' title='bbox 528 1611 880 1660; x_wconf 79' lang='lat' dir='ltr'>correspondance,</span> <span class='ocrx_word' id='word_1_233' title='bbox 907 1617 944 1647; x_wconf 86' lang='lat' dir='ltr'>et</span> <span class='ocrx_word' id='word_1_234' title='bbox 973 1610 1100 1648; x_wconf 89' lang='lat' dir='ltr'>feront</span> <span class='ocrx_word' id='word_1_235' title='bbox 1129 1616 1214 1648; x_wconf 91' lang='lat' dir='ltr'>tout</span> <span class='ocrx_word' id='word_1_236' title='bbox 1244 1622 1290 1647; x_wconf 92' lang='lat' dir='ltr'>ce</span> <span class='ocrx_word' id='word_1_237' title='bbox 1321 1609 1388 1659; x_wconf 89' lang='lat' dir='ltr'>qui</span> <span class='ocrx_word' id='word_1_238' title='bbox 1418 1623 1468 1648; x_wconf 89' lang='lat' dir='ltr'>en</span> <span class='ocrx_word' id='word_1_239' title='bbox 1501 1623 1575 1648; x_wconf 86' lang='lat' dir='ltr'>eux</span> 
     </span>
     <span class='ocr_line' id='line_1_28' title="bbox 184 1662 1575 1713; baseline 0.003 -15"><span class='ocrx_word' id='word_1_240' title='bbox 184 1674 267 1699; x_wconf 86' lang='lat' dir='ltr'>sera</span> <span class='ocrx_word' id='word_1_241' title='bbox 297 1663 458 1711; x_wconf 88' lang='lat' dir='ltr'>jusques</span> <span class='ocrx_word' id='word_1_242' title='bbox 488 1675 537 1700; x_wconf 86' lang='lat' dir='ltr'>au</span> <span class='ocrx_word' id='word_1_243' title='bbox 568 1663 676 1710; x_wconf 91' lang='lat' dir='ltr'>bout,</span> <span class='ocrx_word' id='word_1_244' title='bbox 698 1676 796 1712; x_wconf 86' lang='lat' dir='ltr'>pour</span> <span class='ocrx_word' id='word_1_245' title='bbox 826 1676 1007 1713; x_wconf 88' lang='lat' dir='ltr'>procurer</span> <span class='ocrx_word' id='word_1_246' title='bbox 1037 1662 1302 1701; x_wconf 85' lang='lat' dir='ltr'>d’acheminer</span> <span class='ocrx_word' id='word_1_247' title='bbox 1327 1670 1366 1701; x_wconf 90' lang='lat' dir='ltr'>et</span> <span class='ocrx_word' id='word_1_248' title='bbox 1386 1663 1575 1702; x_wconf 90' lang='lat' dir='ltr'>conduire</span> 
     </span>
     <span class='ocr_line' id='line_1_29' title="bbox 183 1714 1575 1766; baseline 0.002 -14"><span class='ocrx_word' id='word_1_249' title='bbox 183 1714 303 1753; x_wconf 90' lang='lat' dir='ltr'>ladite</span> <span class='ocrx_word' id='word_1_250' title='bbox 341 1715 518 1761; x_wconf 69' lang='lat' dir='ltr'>reunion,</span> <span class='ocrx_word' id='word_1_251' title='bbox 560 1717 669 1754; x_wconf 89' lang='lat' dir='ltr'>selon</span> <span class='ocrx_word' id='word_1_252' title='bbox 709 1724 746 1755; x_wconf 88' lang='lat' dir='ltr'>et</span> <span class='ocrx_word' id='word_1_253' title='bbox 785 1730 852 1766; x_wconf 86' lang='lat' dir='ltr'>par</span> <span class='ocrx_word' id='word_1_254' title='bbox 892 1725 979 1755; x_wconf 91' lang='lat' dir='ltr'>tous</span> <span class='ocrx_word' id='word_1_255' title='bbox 1014 1718 1069 1754; x_wconf 92' lang='lat' dir='ltr'>les</span> <span class='ocrx_word' id='word_1_256' title='bbox 1102 1716 1297 1755; x_wconf 89' lang='lat' dir='ltr'>meilleurs</span> <span class='ocrx_word' id='word_1_257' title='bbox 1342 1716 1494 1755; x_wconf 87' lang='lat' dir='ltr'>moiens</span> <span class='ocrx_word' id='word_1_258' title='bbox 1536 1724 1575 1755; x_wconf 92' lang='lat' dir='ltr'>et</span> 
     </span>
     <span class='ocr_line' id='line_1_30' title="bbox 183 1768 1575 1820; baseline 0.003 -15"><span class='ocrx_word' id='word_1_259' title='bbox 183 1768 428 1817; x_wconf 72' lang='lat' dir='ltr'>expeditioris</span> <span class='ocrx_word' id='word_1_260' title='bbox 450 1769 561 1819; x_wconf 86' lang='lat' dir='ltr'>qu&#39;ils</span> <span class='ocrx_word' id='word_1_261' title='bbox 588 1770 783 1808; x_wconf 86' lang='lat' dir='ltr'>aviseront</span> <span class='ocrx_word' id='word_1_262' title='bbox 810 1784 878 1820; x_wconf 87' lang='lat' dir='ltr'>par</span> <span class='ocrx_word' id='word_1_263' title='bbox 898 1771 1101 1809; x_wconf 88' lang='lat' dir='ltr'>ensemble</span> <span class='ocrx_word' id='word_1_264' title='bbox 1125 1769 1312 1809; x_wconf 90' lang='lat' dir='ltr'>convenir</span> <span class='ocrx_word' id='word_1_265' title='bbox 1334 1783 1357 1808; x_wconf 88' lang='lat' dir='ltr'>a</span> <span class='ocrx_word' id='word_1_266' title='bbox 1383 1770 1414 1808; x_wconf 92' lang='lat' dir='ltr'>si</span> <span class='ocrx_word' id='word_1_267' title='bbox 1441 1770 1575 1809; x_wconf 90' lang='lat' dir='ltr'>bonne</span> 
     </span>
     <span class='ocr_line' id='line_1_31' title="bbox 184 1822 1574 1874; baseline 0.002 -16"><span class='ocrx_word' id='word_1_268' title='bbox 184 1829 222 1859; x_wconf 95' lang='lat' dir='ltr'>et</span> <span class='ocrx_word' id='word_1_269' title='bbox 243 1829 319 1859; x_wconf 90' lang='lat' dir='ltr'>tres</span> <span class='ocrx_word' id='word_1_270' title='bbox 341 1822 465 1861; x_wconf 86' lang='lat' dir='ltr'>sainte</span> <span class='ocrx_word' id='word_1_271' title='bbox 486 1836 618 1861; x_wconf 91' lang='lat' dir='ltr'>oeuvre</span> <span class='ocrx_word' id='word_1_272' title='bbox 637 1839 643 1861; x_wconf 76' lang='grc' dir='ltr'><em>ι</em></span> <span class='ocrx_word' id='word_1_273' title='bbox 675 1825 849 1862; x_wconf 89' lang='lat' dir='ltr'>confiant</span> <span class='ocrx_word' id='word_1_274' title='bbox 877 1837 954 1874; x_wconf 87' lang='lat' dir='ltr'>que</span> <span class='ocrx_word' id='word_1_275' title='bbox 974 1825 1009 1862; x_wconf 92' lang='lat' dir='ltr'>le</span> <span class='ocrx_word' id='word_1_276' title='bbox 1034 1823 1170 1862; x_wconf 76' lang='lat' dir='ltr'>benoit</span> <span class='ocrx_word' id='word_1_277' title='bbox 1197 1825 1310 1873; x_wconf 84' lang='lat' dir='ltr'>Je&#39;sus</span> <span class='ocrx_word' id='word_1_278' title='bbox 1338 1823 1470 1863; x_wconf 91' lang='lat' dir='ltr'>Christ</span> <span class='ocrx_word' id='word_1_279' title='bbox 1490 1837 1574 1862; x_wconf 88' lang='lat' dir='ltr'>sera</span> 
     </span>
     <span class='ocr_line' id='line_1_32' title="bbox 182 1874 1575 1927; baseline 0.003 -16"><span class='ocrx_word' id='word_1_280' title='bbox 182 1874 317 1912; x_wconf 87' lang='lat' dir='ltr'>aidant</span> <span class='ocrx_word' id='word_1_281' title='bbox 346 1888 368 1912; x_wconf 90' lang='lat' dir='ltr'>a</span> <span class='ocrx_word' id='word_1_282' title='bbox 396 1889 436 1913; x_wconf 88' lang='lat' dir='ltr'>sa</span> <span class='ocrx_word' id='word_1_283' title='bbox 466 1876 590 1914; x_wconf 89' lang='lat' dir='ltr'>sainte</span> <span class='ocrx_word' id='word_1_284' title='bbox 619 1890 735 1915; x_wconf 88' lang='lat' dir='ltr'>cause</span> <span class='ocrx_word' id='word_1_285' title='bbox 767 1885 803 1915; x_wconf 88' lang='lat' dir='ltr'>et</span> <span class='ocrx_word' id='word_1_286' title='bbox 834 1877 865 1915; x_wconf 88' lang='lat' dir='ltr'>si</span> <span class='ocrx_word' id='word_1_287' title='bbox 896 1878 1021 1915; x_wconf 84' lang='lat' dir='ltr'>sainte</span> <span class='ocrx_word' id='word_1_288' title='bbox 1052 1890 1195 1923; x_wconf 88' lang='lat' dir='ltr'>oeuvre‚</span> <span class='ocrx_word' id='word_1_289' title='bbox 1218 1884 1256 1915; x_wconf 91' lang='lat' dir='ltr'>et</span> <span class='ocrx_word' id='word_1_290' title='bbox 1276 1891 1298 1926; x_wconf 95' lang='lat' dir='ltr'>y</span> <span class='ocrx_word' id='word_1_291' title='bbox 1324 1876 1511 1927; x_wconf 88' lang='lat' dir='ltr'>inspirera</span> <span class='ocrx_word' id='word_1_292' title='bbox 1536 1884 1575 1916; x_wconf 91' lang='lat' dir='ltr'>et</span> 
     </span>
     <span class='ocr_line' id='line_1_33' title="bbox 183 1927 1574 1980; baseline 0.003 -16"><span class='ocrx_word' id='word_1_293' title='bbox 183 1927 403 1965; x_wconf 87' lang='lat' dir='ltr'>illuminera</span> <span class='ocrx_word' id='word_1_294' title='bbox 424 1930 458 1966; x_wconf 91' lang='lat' dir='ltr'>le</span> <span class='ocrx_word' id='word_1_295' title='bbox 479 1930 515 1967; x_wconf 88' lang='lat' dir='ltr'>S.</span> <span class='ocrx_word' id='word_1_296' title='bbox 541 1930 670 1978; x_wconf 87' lang='lat' dir='ltr'>Esprit</span> <span class='ocrx_word' id='word_1_297' title='bbox 691 1930 896 1969; x_wconf 87' lang='lat' dir='ltr'>leursdites</span> <span class='ocrx_word' id='word_1_298' title='bbox 917 1932 1021 1969; x_wconf 88' lang='lat' dir='ltr'>deux</span> <span class='ocrx_word' id='word_1_299' title='bbox 1049 1932 1264 1979; x_wconf 77' lang='lat' dir='ltr'>Majeste23</span> <span class='ocrx_word' id='word_1_300' title='bbox 1293 1938 1330 1968; x_wconf 91' lang='lat' dir='ltr'>et</span> <span class='ocrx_word' id='word_1_301' title='bbox 1350 1944 1372 1980; x_wconf 95' lang='lat' dir='ltr'>y</span> <span class='ocrx_word' id='word_1_302' title='bbox 1393 1930 1574 1968; x_wconf 91' lang='lat' dir='ltr'>convien-</span> 
     </span>
     <span class='ocr_line' id='line_1_34' title="bbox 182 1982 1573 2032; baseline 0.002 -14"><span class='ocrx_word' id='word_1_303' title='bbox 182 1982 300 2018; x_wconf 87' lang='lat' dir='ltr'>dront</span> <span class='ocrx_word' id='word_1_304' title='bbox 320 1989 357 2019; x_wconf 89' lang='lat' dir='ltr'>et</span> <span class='ocrx_word' id='word_1_305' title='bbox 370 1984 701 2031; x_wconf 87' lang='lat' dir='ltr'>correspondront</span> <span class='ocrx_word' id='word_1_306' title='bbox 717 1991 805 2021; x_wconf 87' lang='lat' dir='ltr'>tous</span> <span class='ocrx_word' id='word_1_307' title='bbox 827 1985 881 2021; x_wconf 90' lang='lat' dir='ltr'>les</span> <span class='ocrx_word' id='word_1_308' title='bbox 897 1992 1026 2022; x_wconf 89' lang='lat' dir='ltr'>autres</span> <span class='ocrx_word' id='word_1_309' title='bbox 1044 1985 1257 2029; x_wconf 86' lang='lat' dir='ltr'>Potentats,</span> <span class='ocrx_word' id='word_1_310' title='bbox 1276 1990 1359 2021; x_wconf 86' lang='lat' dir='ltr'>tant</span> <span class='ocrx_word' id='word_1_311' title='bbox 1379 1983 1573 2032; x_wconf 89' lang='lat' dir='ltr'>spirituels</span> 
     </span>
     <span class='ocr_line' id='line_1_35' title="bbox 183 2036 501 2084; baseline 0.006 -13"><span class='ocrx_word' id='word_1_312' title='bbox 183 2046 260 2083; x_wconf 91' lang='lat' dir='ltr'>que</span> <span class='ocrx_word' id='word_1_313' title='bbox 281 2036 501 2084; x_wconf 72' lang='lat' dir='ltr'>temporeis.</span> 
     </span>
    </p>
   </div>
   <div class='ocr_carea' id='block_1_5' title="bbox 397 2143 1363 2281">
    <p class='ocr_par' dir='ltr' id='par_1_5' title="bbox 397 2143 1363 2281">
     <span class='ocr_line' id='line_1_36' title="bbox 811 2143 951 2181; baseline 0.007 -1"><span class='ocrx_word' id='word_1_314' title='bbox 811 2143 951 2181; x_wconf 85' lang='lat' dir='ltr'>XLIII</span> 
     </span>
     <span class='ocr_line' id='line_1_37' title="bbox 397 2228 1363 2281; baseline 0.004 -16"><span class='ocrx_word' id='word_1_315' title='bbox 397 2229 517 2266; x_wconf 90' lang='lat' dir='ltr'>THE</span> <span class='ocrx_word' id='word_1_316' title='bbox 549 2228 808 2268; x_wconf 92' lang='lat' dir='ltr'>COUNCIL</span> <span class='ocrx_word' id='word_1_317' title='bbox 841 2229 912 2267; x_wconf 90' lang='lat' dir='ltr'>OF</span> <span class='ocrx_word' id='word_1_318' title='bbox 939 2231 1144 2277; x_wconf 91' lang='lat' dir='ltr'>TRENT,</span> <span class='ocrx_word' id='word_1_319' title='bbox 1183 2233 1363 2281; x_wconf 84' lang='lat'>1545—63</span> 
     </span>
    </p>
   </div>
   <div class='ocr_carea' id='block_1_6' title="bbox 181 2314 1572 2501">
    <p class='ocr_par' dir='ltr' id='par_1_6' title="bbox 181 2314 1572 2501">
     <span class='ocr_line' id='line_1_38' title="bbox 232 2314 1572 2360; baseline 0.004 -14"><span class='ocrx_word' id='word_1_320' title='bbox 232 2314 275 2347; x_wconf 91' lang='lat' dir='ltr'>In</span> <span class='ocrx_word' id='word_1_321' title='bbox 302 2322 388 2357; x_wconf 85' lang='lat'>1545</span> <span class='ocrx_word' id='word_1_322' title='bbox 413 2314 475 2348; x_wconf 92' lang='lat' dir='ltr'>the</span> <span class='ocrx_word' id='word_1_323' title='bbox 500 2315 683 2358; x_wconf 87' lang='lat' dir='ltr'>Emperor</span> <span class='ocrx_word' id='word_1_324' title='bbox 706 2314 884 2349; x_wconf 87' lang='lat' dir='ltr'>informed</span> <span class='ocrx_word' id='word_1_325' title='bbox 911 2315 973 2349; x_wconf 92' lang='lat' dir='ltr'>the</span> <span class='ocrx_word' id='word_1_326' title='bbox 997 2316 1098 2360; x_wconf 89' lang='lat' dir='ltr'>Pope</span> <span class='ocrx_word' id='word_1_327' title='bbox 1125 2317 1205 2350; x_wconf 87' lang='lat' dir='ltr'>that</span> <span class='ocrx_word' id='word_1_328' title='bbox 1231 2317 1294 2351; x_wconf 91' lang='lat' dir='ltr'>the</span> <span class='ocrx_word' id='word_1_329' title='bbox 1317 2323 1443 2352; x_wconf 87' lang='lat' dir='ltr'>recent</span> <span class='ocrx_word' id='word_1_330' title='bbox 1467 2316 1572 2352; x_wconf 89' lang='lat' dir='ltr'>Diets</span> 
     </span>
     <span class='ocr_line' id='line_1_39' title="bbox 181 2360 1572 2408; baseline 0.002 -15"><span class='ocrx_word' id='word_1_331' title='bbox 181 2360 255 2393; x_wconf 87' lang='lat' dir='ltr'>and</span> <span class='ocrx_word' id='word_1_332' title='bbox 285 2360 494 2404; x_wconf 86' lang='lat' dir='ltr'>Colloquies</span> <span class='ocrx_word' id='word_1_333' title='bbox 521 2372 614 2396; x_wconf 87' lang='lat' dir='ltr'>were</span> <span class='ocrx_word' id='word_1_334' title='bbox 636 2362 698 2395; x_wconf 88' lang='lat' dir='ltr'>but</span> <span class='ocrx_word' id='word_1_335' title='bbox 724 2372 745 2395; x_wconf 91' lang='lat' dir='ltr'>a</span> <span class='ocrx_word' id='word_1_336' title='bbox 769 2362 871 2395; x_wconf 89' lang='lat' dir='ltr'>blind</span> <span class='ocrx_word' id='word_1_337' title='bbox 890 2368 926 2395; x_wconf 91' lang='lat' dir='ltr'>to</span> <span class='ocrx_word' id='word_1_338' title='bbox 945 2362 1040 2407; x_wconf 86' lang='lat' dir='ltr'>keep</span> <span class='ocrx_word' id='word_1_339' title='bbox 1058 2363 1120 2397; x_wconf 87' lang='lat' dir='ltr'>the</span> <span class='ocrx_word' id='word_1_340' title='bbox 1140 2364 1369 2398; x_wconf 85' lang='lat' dir='ltr'>Protestants</span> <span class='ocrx_word' id='word_1_341' title='bbox 1393 2363 1493 2408; x_wconf 89' lang='lat' dir='ltr'>quiet</span> <span class='ocrx_word' id='word_1_342' title='bbox 1518 2364 1572 2398; x_wconf 93' lang='lat' dir='ltr'>till</span> 
     </span>
     <span class='ocr_line' id='line_1_40' title="bbox 181 2406 1571 2454; baseline 0.004 -15"><span class='ocrx_word' id='word_1_343' title='bbox 181 2406 239 2440; x_wconf 87' lang='lat' dir='ltr'>his</span> <span class='ocrx_word' id='word_1_344' title='bbox 258 2407 513 2450; x_wconf 83' lang='lat' dir='ltr'>preparations</span> <span class='ocrx_word' id='word_1_345' title='bbox 539 2408 593 2441; x_wconf 89' lang='lat' dir='ltr'>for</span> <span class='ocrx_word' id='word_1_346' title='bbox 619 2419 692 2441; x_wconf 86' lang='lat' dir='ltr'>war</span> <span class='ocrx_word' id='word_1_347' title='bbox 715 2419 809 2442; x_wconf 88' lang='lat' dir='ltr'>were</span> <span class='ocrx_word' id='word_1_348' title='bbox 828 2409 1009 2452; x_wconf 87' lang='lat' dir='ltr'>complete</span> <span class='ocrx_word' id='word_1_349' title='bbox 1027 2421 1034 2451; x_wconf 92' lang='lat'>;</span> <span class='ocrx_word' id='word_1_350' title='bbox 1066 2410 1140 2443; x_wconf 81' lang='lat' dir='ltr'>and</span> <span class='ocrx_word' id='word_1_351' title='bbox 1160 2410 1303 2454; x_wconf 86' lang='lat' dir='ltr'>begged</span> <span class='ocrx_word' id='word_1_352' title='bbox 1321 2410 1397 2443; x_wconf 87' lang='lat' dir='ltr'>him</span> <span class='ocrx_word' id='word_1_353' title='bbox 1415 2416 1452 2444; x_wconf 91' lang='lat' dir='ltr'>to</span> <span class='ocrx_word' id='word_1_354' title='bbox 1475 2421 1571 2453; x_wconf 90' lang='lat' dir='ltr'>open</span> 
     </span>
     <span class='ocr_line' id='line_1_41' title="bbox 181 2453 1568 2501; baseline 0.003 -15"><span class='ocrx_word' id='word_1_355' title='bbox 181 2453 243 2487; x_wconf 93' lang='lat' dir='ltr'>the</span> <span class='ocrx_word' id='word_1_356' title='bbox 268 2453 420 2487; x_wconf 85' lang='lat' dir='ltr'>Council</span> <span class='ocrx_word' id='word_1_357' title='bbox 441 2465 482 2488; x_wconf 85' lang='lat' dir='ltr'>as</span> <span class='ocrx_word' id='word_1_358' title='bbox 504 2465 594 2488; x_wconf 89' lang='lat' dir='ltr'>soon</span> <span class='ocrx_word' id='word_1_359' title='bbox 621 2466 661 2489; x_wconf 88' lang='lat' dir='ltr'>as</span> <span class='ocrx_word' id='word_1_360' title='bbox 688 2455 859 2499; x_wconf 87' lang='lat' dir='ltr'>possible.</span> <span class='ocrx_word' id='word_1_361' title='bbox 911 2456 944 2489; x_wconf 91' lang='lat' dir='ltr'>It</span> <span class='ocrx_word' id='word_1_362' title='bbox 970 2462 1057 2499; x_wconf 89' lang='lat' dir='ltr'>met,</span> <span class='ocrx_word' id='word_1_363' title='bbox 1076 2462 1113 2490; x_wconf 85' lang='lat' dir='ltr'>at</span> <span class='ocrx_word' id='word_1_364' title='bbox 1140 2456 1228 2500; x_wconf 87' lang='lat' dir='ltr'>first,</span> <span class='ocrx_word' id='word_1_365' title='bbox 1247 2456 1282 2491; x_wconf 90' lang='lat' dir='ltr'>in</span> <span class='ocrx_word' id='word_1_366' title='bbox 1308 2467 1330 2491; x_wconf 86' lang='lat' dir='ltr'>a</span> <span class='ocrx_word' id='word_1_367' title='bbox 1355 2456 1428 2491; x_wconf 88' lang='lat' dir='ltr'>like</span> <span class='ocrx_word' id='word_1_368' title='bbox 1453 2456 1568 2501; x_wconf 88' lang='lat' dir='ltr'>spirit.</span> 
     </span>
    </p>
   </div>
   <div class='ocr_carea' id='block_1_7' title="bbox 1705 1260 1709 1336">
    <p class='ocr_par' dir='ltr' id='par_1_7' title="bbox 1705 1260 1709 1336">
     <span class='ocr_line' id='line_1_42' title="bbox 1706 1260 1709 1274; baseline 0 0"><span class='ocrx_word' id='word_1_369' title='bbox 1706 1260 1709 1274; x_wconf 67' lang='grc'>1</span> 
     </span>
     <span class='ocr_line' id='line_1_43' title="bbox 1705 1283 1708 1319; baseline 0 0"><span class='ocrx_word' id='word_1_370' title='bbox 1705 1283 1708 1319; x_wconf 69' lang='lat' dir='ltr'>l</span> 
     </span>
     <span class='ocr_line' id='line_1_44' title="bbox 1705 1325 1707 1336; baseline 0 0"><span class='ocrx_word' id='word_1_371' title='bbox 1705 1325 1707 1336; x_wconf 77' lang='grc' dir='ltr'>ι</span> 
     </span>
    </p>
   </div>
  </div>
 </body>
</html>
