<?xml version="1.0" encoding="UTF-8"?>
<!DOCTYPE html PUBLIC "-//W3C//DTD XHTML 1.0 Transitional//EN"
    "http://www.w3.org/TR/xhtml1/DTD/xhtml1-transitional.dtd">
<html xmlns="http://www.w3.org/1999/xhtml" xml:lang="en" lang="en">
 <head>
  <title>
</title>
<meta http-equiv="Content-Type" content="text/html;charset=utf-8" />
  <meta name='ocr-system' content='tesseract 3.04.00' />
  <meta name='ocr-capabilities' content='ocr_page ocr_carea ocr_par ocr_line ocrx_word'/>
</head>
<body>
  <div class='ocr_page' id='page_1' title='image "./docreform00kidd_0316.png"; bbox 0 0 1715 2780; ppageno 0'>
   <div class='ocr_carea' id='block_1_1' title="bbox 180 83 1570 133">
    <p class='ocr_par' dir='ltr' id='par_1_1' title="bbox 180 83 1570 133">
     <span class='ocr_line' id='line_1_1' title="bbox 180 83 1570 133; baseline -0.008 -3"><span class='ocrx_word' id='word_1_1' title='bbox 180 92 255 130; x_wconf 85' lang='lat'>288</span> <span class='ocrx_word' id='word_1_2' title='bbox 447 90 565 127; x_wconf 92' lang='lat' dir='ltr'>THE</span> <span class='ocrx_word' id='word_1_3' title='bbox 599 89 735 126; x_wconf 90' lang='lat' dir='ltr'>DIET</span> <span class='ocrx_word' id='word_1_4' title='bbox 766 88 837 126; x_wconf 91' lang='lat' dir='ltr'>OF</span> <span class='ocrx_word' id='word_1_5' title='bbox 866 85 1185 131; x_wconf 87' lang='lat' dir='ltr'>AUGSBURG,</span> <span class='ocrx_word' id='word_1_6' title='bbox 1222 95 1322 133; x_wconf 82' lang='lat'>1530</span> <span class='ocrx_word' id='word_1_7' title='bbox 1505 83 1570 119; x_wconf 85' lang='lat'>116</span> 
     </span>
    </p>
   </div>
   <div class='ocr_carea' id='block_1_2' title="bbox 144 187 1581 1215">
    <p class='ocr_par' dir='ltr' id='par_1_2' title="bbox 144 187 1581 1215">
     <span class='ocr_line' id='line_1_2' title="bbox 179 187 1573 240; baseline -0.006 -6"><span class='ocrx_word' id='word_1_8' title='bbox 179 195 238 234; x_wconf 90' lang='lat' dir='ltr'>sui</span> <span class='ocrx_word' id='word_1_9' title='bbox 268 195 415 234; x_wconf 88' lang='lat' dir='ltr'>iactura</span> <span class='ocrx_word' id='word_1_10' title='bbox 444 192 611 232; x_wconf 83' lang='lat' dir='ltr'>sarciant</span> <span class='ocrx_word' id='word_1_11' title='bbox 645 192 912 238; x_wconf 78' lang='lat' dir='ltr'>concordiam,</span> <span class='ocrx_word' id='word_1_12' title='bbox 947 190 1056 240; x_wconf 89' lang='lat' dir='ltr'>quod</span> <span class='ocrx_word' id='word_1_13' title='bbox 1085 196 1218 228; x_wconf 90' lang='lat' dir='ltr'>tamen</span> <span class='ocrx_word' id='word_1_14' title='bbox 1248 187 1416 227; x_wconf 84' lang='lat' dir='ltr'>decebat</span> <span class='ocrx_word' id='word_1_15' title='bbox 1446 187 1573 226; x_wconf 91' lang='lat' dir='ltr'>bonos</span> 
     </span>
     <span class='ocr_line' id='line_1_3' title="bbox 180 242 1570 300; baseline -0.007 -12"><span class='ocrx_word' id='word_1_16' title='bbox 180 256 356 300; x_wconf 87' lang='lat' dir='ltr'>pastores</span> <span class='ocrx_word' id='word_1_17' title='bbox 386 249 525 286; x_wconf 91' lang='lat' dir='ltr'>facere.</span> <span class='ocrx_word' id='word_1_18' title='bbox 581 249 757 285; x_wconf 89' lang='lat' dir='ltr'>Tantum</span> <span class='ocrx_word' id='word_1_19' title='bbox 787 251 926 295; x_wconf 90' lang='lat' dir='ltr'>petunt</span> <span class='ocrx_word' id='word_1_20' title='bbox 960 251 1002 282; x_wconf 93' lang='lat' dir='ltr'>ut</span> <span class='ocrx_word' id='word_1_21' title='bbox 1034 243 1179 282; x_wconf 90' lang='lat' dir='ltr'>iniusta</span> <span class='ocrx_word' id='word_1_22' title='bbox 1208 255 1328 281; x_wconf 92' lang='lat' dir='ltr'>onera</span> <span class='ocrx_word' id='word_1_23' title='bbox 1359 242 1570 288; x_wconf 87' lang='lat' dir='ltr'>remittant,</span> 
     </span>
     <span class='ocr_line' id='line_1_4' title="bbox 181 295 1572 354; baseline -0.006 -12"><span class='ocrx_word' id='word_1_24' title='bbox 181 317 282 354; x_wconf 87' lang='lat' dir='ltr'>quae</span> <span class='ocrx_word' id='word_1_25' title='bbox 303 316 406 341; x_wconf 90' lang='lat' dir='ltr'>nova</span> <span class='ocrx_word' id='word_1_26' title='bbox 426 309 517 340; x_wconf 89' lang='lat' dir='ltr'>sunt</span> <span class='ocrx_word' id='word_1_27' title='bbox 538 308 575 340; x_wconf 91' lang='lat' dir='ltr'>et</span> <span class='ocrx_word' id='word_1_28' title='bbox 596 308 747 350; x_wconf 88' lang='lat' dir='ltr'>praeter</span> <span class='ocrx_word' id='word_1_29' title='bbox 768 299 1099 337; x_wconf 84' lang='lat' dir='ltr'>consuetudinem</span> <span class='ocrx_word' id='word_1_30' title='bbox 1126 295 1314 335; x_wconf 88' lang='lat' dir='ltr'>ecclesiae</span> <span class='ocrx_word' id='word_1_31' title='bbox 1341 295 1572 336; x_wconf 85' lang='lat' dir='ltr'>Catholicae</span> 
     </span>
     <span class='ocr_line' id='line_1_5' title="bbox 180 349 1573 407; baseline -0.007 -11"><span class='ocrx_word' id='word_1_32' title='bbox 180 364 348 407; x_wconf 91' lang='lat' dir='ltr'>recepta.</span> <span class='ocrx_word' id='word_1_33' title='bbox 409 367 469 406; x_wconf 89' lang='lat'>37.</span> <span class='ocrx_word' id='word_1_34' title='bbox 502 354 694 393; x_wconf 82' lang='lat' dir='ltr'>Fortassis</span> <span class='ocrx_word' id='word_1_35' title='bbox 729 353 841 392; x_wconf 91' lang='lat' dir='ltr'>initio</span> <span class='ocrx_word' id='word_1_36' title='bbox 869 352 1065 403; x_wconf 85' lang='lat' dir='ltr'>quaedam</span> <span class='ocrx_word' id='word_1_37' title='bbox 1093 349 1395 389; x_wconf 88' lang='lat' dir='ltr'>constitutiones</span> <span class='ocrx_word' id='word_1_38' title='bbox 1428 349 1573 387; x_wconf 91' lang='lat' dir='ltr'>habue-</span> 
     </span>
     <span class='ocr_line' id='line_1_6' title="bbox 179 402 1574 460; baseline -0.006 -11"><span class='ocrx_word' id='word_1_39' title='bbox 179 419 268 449; x_wconf 90' lang='lat' dir='ltr'>runt</span> <span class='ocrx_word' id='word_1_40' title='bbox 297 409 520 460; x_wconf 86' lang='lat' dir='ltr'>probabiles</span> <span class='ocrx_word' id='word_1_41' title='bbox 547 422 695 455; x_wconf 83' lang='lat' dir='ltr'>causas,</span> <span class='ocrx_word' id='word_1_42' title='bbox 728 421 830 457; x_wconf 91' lang='lat' dir='ltr'>quae</span> <span class='ocrx_word' id='word_1_43' title='bbox 858 414 991 445; x_wconf 89' lang='lat' dir='ltr'>tamen</span> <span class='ocrx_word' id='word_1_44' title='bbox 1021 404 1301 455; x_wconf 88' lang='lat' dir='ltr'>posterioribus</span> <span class='ocrx_word' id='word_1_45' title='bbox 1331 402 1574 453; x_wconf 86' lang='lat' dir='ltr'>temporibus</span> 
     </span>
     <span class='ocr_line' id='line_1_7' title="bbox 182 459 1573 514; baseline -0.006 -11"><span class='ocrx_word' id='word_1_46' title='bbox 182 479 263 503; x_wconf 92' lang='lat' dir='ltr'>non</span> <span class='ocrx_word' id='word_1_47' title='bbox 293 471 525 514; x_wconf 88' lang='lat' dir='ltr'>congruunt.</span> <span class='ocrx_word' id='word_1_48' title='bbox 586 465 648 512; x_wconf 83' lang='lat'>38.</span> <span class='ocrx_word' id='word_1_49' title='bbox 679 464 854 511; x_wconf 86' lang='lat' dir='ltr'>Apparet</span> <span class='ocrx_word' id='word_1_50' title='bbox 878 459 996 499; x_wconf 92' lang='lat' dir='ltr'>etiam</span> <span class='ocrx_word' id='word_1_51' title='bbox 1023 460 1215 509; x_wconf 90' lang='lat' dir='ltr'>quasdam</span> <span class='ocrx_word' id='word_1_52' title='bbox 1243 470 1371 496; x_wconf 89' lang='lat' dir='ltr'>errore</span> <span class='ocrx_word' id='word_1_53' title='bbox 1397 464 1573 507; x_wconf 89' lang='lat' dir='ltr'>receptas</span> 
     </span>
     <span class='ocr_line' id='line_1_8' title="bbox 181 510 1573 566; baseline -0.006 -9"><span class='ocrx_word' id='word_1_54' title='bbox 181 532 276 558; x_wconf 87' lang='lat' dir='ltr'>esse.</span> <span class='ocrx_word' id='word_1_55' title='bbox 337 519 469 566; x_wconf 85' lang='lat' dir='ltr'>Quare</span> <span class='ocrx_word' id='word_1_56' title='bbox 492 515 722 554; x_wconf 87' lang='lat' dir='ltr'>Pontificiae</span> <span class='ocrx_word' id='word_1_57' title='bbox 743 513 976 553; x_wconf 89' lang='lat' dir='ltr'>clementiae</span> <span class='ocrx_word' id='word_1_58' title='bbox 1003 520 1116 559; x_wconf 88' lang='lat' dir='ltr'>esset,</span> <span class='ocrx_word' id='word_1_59' title='bbox 1142 512 1226 550; x_wconf 90' lang='lat' dir='ltr'>illas</span> <span class='ocrx_word' id='word_1_60' title='bbox 1250 524 1357 549; x_wconf 87' lang='lat' dir='ltr'>nunc</span> <span class='ocrx_word' id='word_1_61' title='bbox 1386 510 1573 561; x_wconf 86' lang='lat' dir='ltr'>mitigare,</span> 
     </span>
     <span class='ocr_line' id='line_1_9' title="bbox 182 565 1574 622; baseline -0.006 -12"><span class='ocrx_word' id='word_1_62' title='bbox 182 572 274 622; x_wconf 89' lang='lat' dir='ltr'>quia</span> <span class='ocrx_word' id='word_1_63' title='bbox 303 572 390 610; x_wconf 90' lang='lat' dir='ltr'>talis</span> <span class='ocrx_word' id='word_1_64' title='bbox 421 570 586 608; x_wconf 90' lang='lat' dir='ltr'>mutatio</span> <span class='ocrx_word' id='word_1_65' title='bbox 617 583 697 608; x_wconf 89' lang='lat' dir='ltr'>non</span> <span class='ocrx_word' id='word_1_66' title='bbox 724 568 906 607; x_wconf 87' lang='lat' dir='ltr'>labefacit</span> <span class='ocrx_word' id='word_1_67' title='bbox 940 566 1129 606; x_wconf 87' lang='lat' dir='ltr'>ecclesiae</span> <span class='ocrx_word' id='word_1_68' title='bbox 1159 565 1362 604; x_wconf 89' lang='lat' dir='ltr'>unitatem.</span> <span class='ocrx_word' id='word_1_69' title='bbox 1421 566 1574 602; x_wconf 82' lang='lat' dir='ltr'>Multae</span> 
     </span>
     <span class='ocr_line' id='line_1_10' title="bbox 182 619 1574 672; baseline -0.006 -8"><span class='ocrx_word' id='word_1_70' title='bbox 182 626 288 665; x_wconf 89' lang='lat' dir='ltr'>enim</span> <span class='ocrx_word' id='word_1_71' title='bbox 310 624 539 663; x_wconf 86' lang='lat' dir='ltr'>traditiones</span> <span class='ocrx_word' id='word_1_72' title='bbox 560 625 758 661; x_wconf 88' lang='lat' dir='ltr'>humanae</span> <span class='ocrx_word' id='word_1_73' title='bbox 778 630 956 672; x_wconf 89' lang='lat' dir='ltr'>tempore</span> <span class='ocrx_word' id='word_1_74' title='bbox 978 627 1151 659; x_wconf 88' lang='lat' dir='ltr'>mutatae</span> <span class='ocrx_word' id='word_1_75' title='bbox 1171 627 1274 667; x_wconf 89' lang='lat' dir='ltr'>sunt,</span> <span class='ocrx_word' id='word_1_76' title='bbox 1296 626 1339 657; x_wconf 90' lang='lat' dir='ltr'>ut</span> <span class='ocrx_word' id='word_1_77' title='bbox 1360 619 1574 657; x_wconf 91' lang='lat' dir='ltr'>ostendunt</span> 
     </span>
     <span class='ocr_line' id='line_1_11' title="bbox 183 673 1577 730; baseline -0.006 -13"><span class='ocrx_word' id='word_1_78' title='bbox 183 680 255 730; x_wconf 86' lang='lat' dir='ltr'>ipsi</span> <span class='ocrx_word' id='word_1_79' title='bbox 278 680 475 719; x_wconf 89' lang='lat' dir='ltr'>Canones.</span> <span class='ocrx_word' id='word_1_80' title='bbox 534 692 596 727; x_wconf 84' lang='lat'>39.</span> <span class='ocrx_word' id='word_1_81' title='bbox 627 678 748 726; x_wconf 89' lang='lat' dir='ltr'>Quod</span> <span class='ocrx_word' id='word_1_82' title='bbox 769 676 800 715; x_wconf 89' lang='lat' dir='ltr'>si</span> <span class='ocrx_word' id='word_1_83' title='bbox 824 689 905 714; x_wconf 93' lang='lat' dir='ltr'>non</span> <span class='ocrx_word' id='word_1_84' title='bbox 929 681 1059 726; x_wconf 86' lang='lat' dir='ltr'>potest</span> <span class='ocrx_word' id='word_1_85' title='bbox 1079 674 1275 724; x_wconf 89' lang='lat' dir='ltr'>impetrari</span> <span class='ocrx_word' id='word_1_86' title='bbox 1296 680 1339 711; x_wconf 90' lang='lat' dir='ltr'>ut</span> <span class='ocrx_word' id='word_1_87' title='bbox 1358 673 1577 712; x_wconf 86' lang='lat' dir='ltr'>relaxentur</span> 
     </span>
     <span class='ocr_line' id='line_1_12' title="bbox 183 726 1577 781; baseline -0.006 -9"><span class='ocrx_word' id='word_1_88' title='bbox 183 732 480 772; x_wconf 89' lang='lat' dir='ltr'>observationes</span> <span class='ocrx_word' id='word_1_89' title='bbox 501 745 603 781; x_wconf 90' lang='lat' dir='ltr'>quae</span> <span class='ocrx_word' id='word_1_90' title='bbox 624 731 708 769; x_wconf 90' lang='lat' dir='ltr'>sine</span> <span class='ocrx_word' id='word_1_91' title='bbox 732 738 896 781; x_wconf 89' lang='lat' dir='ltr'>peccato</span> <span class='ocrx_word' id='word_1_92' title='bbox 917 743 999 767; x_wconf 90' lang='lat' dir='ltr'>non</span> <span class='ocrx_word' id='word_1_93' title='bbox 1019 735 1184 779; x_wconf 89' lang='lat' dir='ltr'>possunt</span> <span class='ocrx_word' id='word_1_94' title='bbox 1204 726 1401 777; x_wconf 90' lang='lat' dir='ltr'>praestari,</span> <span class='ocrx_word' id='word_1_95' title='bbox 1423 733 1577 776; x_wconf 89' lang='lat' dir='ltr'>oportet</span> 
     </span>
     <span class='ocr_line' id='line_1_13' title="bbox 185 780 1579 836; baseline -0.006 -11"><span class='ocrx_word' id='word_1_96' title='bbox 185 801 256 825; x_wconf 91' lang='lat' dir='ltr'>nos</span> <span class='ocrx_word' id='word_1_97' title='bbox 295 788 469 836; x_wconf 91' lang='lat' dir='ltr'>regulam</span> <span class='ocrx_word' id='word_1_98' title='bbox 507 785 780 835; x_wconf 89' lang='lat' dir='ltr'>Apostolicam</span> <span class='ocrx_word' id='word_1_99' title='bbox 820 782 941 833; x_wconf 91' lang='lat' dir='ltr'>sequi,</span> <span class='ocrx_word' id='word_1_100' title='bbox 975 795 1076 832; x_wconf 92' lang='lat' dir='ltr'>quae</span> <span class='ocrx_word' id='word_1_101' title='bbox 1105 780 1304 832; x_wconf 87' lang='lat' dir='ltr'>praecipit,</span> <span class='ocrx_word' id='word_1_102' title='bbox 1339 782 1426 819; x_wconf 83' lang='lat' dir='ltr'>Deo</span> <span class='ocrx_word' id='word_1_103' title='bbox 1457 780 1579 829; x_wconf 82' lang='lat' dir='ltr'>magis</span> 
     </span>
     <span class='ocr_line' id='line_1_14' title="bbox 183 835 1581 890; baseline -0.006 -11"><span class='ocrx_word' id='word_1_104' title='bbox 183 842 326 879; x_wconf 77' lang='lat' dir='ltr'>obedire</span> <span class='ocrx_word' id='word_1_105' title='bbox 356 854 472 890; x_wconf 79' lang='lat' dir='ltr'>quam</span> <span class='ocrx_word' id='word_1_106' title='bbox 510 840 734 878; x_wconf 70' lang='lat' dir='ltr'>hominibus.</span> <span class='ocrx_word' id='word_1_107' title='bbox 794 840 931 876; x_wconf 88' lang='lat' dir='ltr'>Petrus</span> <span class='ocrx_word' id='word_1_108' title='bbox 965 842 1068 875; x_wconf 78' lang='lat' dir='ltr'>vetat</span> <span class='ocrx_word' id='word_1_109' title='bbox 1104 837 1284 885; x_wconf 71' lang='lat' dir='ltr'>episcopos</span> <span class='ocrx_word' id='word_1_110' title='bbox 1317 835 1515 873; x_wconf 77' lang='lat' dir='ltr'>dominari</span> <span class='ocrx_word' id='word_1_111' title='bbox 1545 838 1581 871; x_wconf 81' lang='lat' dir='ltr'>et</span> 
     </span>
     <span class='ocr_line' id='line_1_15' title="bbox 184 887 1579 944; baseline -0.006 -11"><span class='ocrx_word' id='word_1_112' title='bbox 184 896 337 933; x_wconf 77' lang='lat' dir='ltr'>ecclesiis</span> <span class='ocrx_word' id='word_1_113' title='bbox 384 895 582 944; x_wconf 75' lang='lat' dir='ltr'>imperare.</span> <span class='ocrx_word' id='word_1_114' title='bbox 655 907 717 940; x_wconf 90' lang='lat'>40.</span> <span class='ocrx_word' id='word_1_115' title='bbox 760 893 878 930; x_wconf 93' lang='lat' dir='ltr'>Nunc</span> <span class='ocrx_word' id='word_1_116' title='bbox 917 904 998 929; x_wconf 91' lang='lat' dir='ltr'>non</span> <span class='ocrx_word' id='word_1_117' title='bbox 1037 890 1077 928; x_wconf 90' lang='lat' dir='ltr'>id</span> <span class='ocrx_word' id='word_1_118' title='bbox 1116 891 1240 940; x_wconf 89' lang='lat' dir='ltr'>agitur</span> <span class='ocrx_word' id='word_1_119' title='bbox 1279 895 1321 927; x_wconf 86' lang='lat' dir='ltr'>ut</span> <span class='ocrx_word' id='word_1_120' title='bbox 1359 887 1579 927; x_wconf 87' lang='lat' dir='ltr'>dominatio</span> 
     </span>
     <span class='ocr_line' id='line_1_16' title="bbox 186 942 1579 998; baseline -0.006 -11"><span class='ocrx_word' id='word_1_121' title='bbox 186 948 369 998; x_wconf 85' lang='lat' dir='ltr'>eripiatur</span> <span class='ocrx_word' id='word_1_122' title='bbox 389 947 594 998; x_wconf 89' lang='lat' dir='ltr'>episcopis,</span> <span class='ocrx_word' id='word_1_123' title='bbox 618 948 688 985; x_wconf 90' lang='lat' dir='ltr'>sed</span> <span class='ocrx_word' id='word_1_124' title='bbox 708 948 785 984; x_wconf 91' lang='lat' dir='ltr'>hoc</span> <span class='ocrx_word' id='word_1_125' title='bbox 806 959 929 983; x_wconf 88' lang='lat' dir='ltr'>unum</span> <span class='ocrx_word' id='word_1_126' title='bbox 954 944 1108 995; x_wconf 89' lang='lat' dir='ltr'>petitur,</span> <span class='ocrx_word' id='word_1_127' title='bbox 1130 951 1173 981; x_wconf 92' lang='lat' dir='ltr'>ut</span> <span class='ocrx_word' id='word_1_128' title='bbox 1199 942 1397 993; x_wconf 91' lang='lat' dir='ltr'>patiantur</span> <span class='ocrx_word' id='word_1_129' title='bbox 1417 954 1579 992; x_wconf 89' lang='lat' dir='ltr'>evange-</span> 
     </span>
     <span class='ocr_line' id='line_1_17' title="bbox 186 995 1577 1052; baseline -0.006 -11"><span class='ocrx_word' id='word_1_130' title='bbox 186 1002 281 1041; x_wconf 89' lang='lat' dir='ltr'>lium</span> <span class='ocrx_word' id='word_1_131' title='bbox 312 1015 408 1052; x_wconf 85' lang='lat' dir='ltr'>pure</span> <span class='ocrx_word' id='word_1_132' title='bbox 437 1002 582 1048; x_wconf 89' lang='lat' dir='ltr'>doceri,</span> <span class='ocrx_word' id='word_1_133' title='bbox 614 1009 652 1039; x_wconf 90' lang='lat' dir='ltr'>et</span> <span class='ocrx_word' id='word_1_134' title='bbox 676 1001 848 1039; x_wconf 85' lang='lat' dir='ltr'>relaxent</span> <span class='ocrx_word' id='word_1_135' title='bbox 878 1011 1024 1049; x_wconf 90' lang='lat' dir='ltr'>paucas</span> <span class='ocrx_word' id='word_1_136' title='bbox 1053 998 1245 1048; x_wconf 90' lang='lat' dir='ltr'>quasdam</span> <span class='ocrx_word' id='word_1_137' title='bbox 1273 995 1577 1042; x_wconf 89' lang='lat' dir='ltr'>observationes,</span> 
     </span>
     <span class='ocr_line' id='line_1_18' title="bbox 187 1048 1580 1106; baseline -0.006 -11"><span class='ocrx_word' id='word_1_138' title='bbox 187 1069 289 1106; x_wconf 87' lang='lat' dir='ltr'>quae</span> <span class='ocrx_word' id='word_1_139' title='bbox 315 1056 400 1094; x_wconf 89' lang='lat' dir='ltr'>sine</span> <span class='ocrx_word' id='word_1_140' title='bbox 429 1062 594 1105; x_wconf 91' lang='lat' dir='ltr'>peccato</span> <span class='ocrx_word' id='word_1_141' title='bbox 623 1054 765 1093; x_wconf 86' lang='lat' dir='ltr'>servari</span> <span class='ocrx_word' id='word_1_142' title='bbox 791 1067 873 1091; x_wconf 90' lang='lat' dir='ltr'>non</span> <span class='ocrx_word' id='word_1_143' title='bbox 902 1058 1079 1103; x_wconf 87' lang='lat' dir='ltr'>possunt.</span> <span class='ocrx_word' id='word_1_144' title='bbox 1139 1051 1261 1100; x_wconf 87' lang='lat' dir='ltr'>Quod</span> <span class='ocrx_word' id='word_1_145' title='bbox 1288 1050 1320 1089; x_wconf 89' lang='lat' dir='ltr'>si</span> <span class='ocrx_word' id='word_1_146' title='bbox 1346 1049 1444 1088; x_wconf 91' lang='lat' dir='ltr'>nihil</span> <span class='ocrx_word' id='word_1_147' title='bbox 1470 1048 1580 1088; x_wconf 89' lang='lat' dir='ltr'>remi-</span> 
     </span>
     <span class='ocr_line' id='line_1_19' title="bbox 144 1102 1577 1160; baseline -0.004 -14"><span class='ocrx_word' id='word_1_148' title='bbox 144 1142 151 1146; x_wconf 85' lang='lat'>.</span> <span class='ocrx_word' id='word_1_149' title='bbox 188 1109 318 1157; x_wconf 89' lang='lat' dir='ltr'>serint,</span> <span class='ocrx_word' id='word_1_150' title='bbox 359 1109 432 1160; x_wconf 88' lang='lat' dir='ltr'>ipsi</span> <span class='ocrx_word' id='word_1_151' title='bbox 471 1108 639 1148; x_wconf 90' lang='lat' dir='ltr'>viderint</span> <span class='ocrx_word' id='word_1_152' title='bbox 673 1108 878 1158; x_wconf 90' lang='lat' dir='ltr'>quomodo</span> <span class='ocrx_word' id='word_1_153' title='bbox 914 1108 1003 1145; x_wconf 92' lang='lat' dir='ltr'>Deo</span> <span class='ocrx_word' id='word_1_154' title='bbox 1037 1104 1230 1144; x_wconf 88' lang='lat' dir='ltr'>rationem</span> <span class='ocrx_word' id='word_1_155' title='bbox 1268 1103 1457 1144; x_wconf 89' lang='lat' dir='ltr'>reddituri</span> <span class='ocrx_word' id='word_1_156' title='bbox 1491 1102 1577 1150; x_wconf 91' lang='lat' dir='ltr'>sint,</span> 
     </span>
     <span class='ocr_line' id='line_1_20' title="bbox 189 1161 1243 1215; baseline -0.007 -12"><span class='ocrx_word' id='word_1_157' title='bbox 189 1165 296 1215; x_wconf 91' lang='lat' dir='ltr'>quod</span> <span class='ocrx_word' id='word_1_158' title='bbox 317 1162 532 1214; x_wconf 85' lang='lat' dir='ltr'>pertinacia</span> <span class='ocrx_word' id='word_1_159' title='bbox 552 1175 621 1201; x_wconf 82' lang='lat' dir='ltr'>sua</span> <span class='ocrx_word' id='word_1_160' title='bbox 642 1175 800 1201; x_wconf 90' lang='lat' dir='ltr'>causam</span> <span class='ocrx_word' id='word_1_161' title='bbox 823 1161 1023 1200; x_wconf 88' lang='lat' dir='ltr'>schismati</span> <span class='ocrx_word' id='word_1_162' title='bbox 1044 1161 1243 1210; x_wconf 87' lang='lat' dir='ltr'>praebent.</span> 
     </span>
    </p>
   </div>
   <div class='ocr_carea' id='block_1_3' title="bbox 773 1306 996 1342">
    <p class='ocr_par' dir='ltr' id='par_1_3' title="bbox 773 1306 996 1342">
     <span class='ocr_line' id='line_1_21' title="bbox 773 1306 996 1342; baseline -0.004 -1"><span class='ocrx_word' id='word_1_163' title='bbox 773 1306 996 1342; x_wconf 84' lang='lat' dir='ltr'>EPILOGUS.</span> 
     </span>
    </p>
   </div>
   <div class='ocr_carea' id='block_1_4' title="bbox 192 1396 1587 2468">
    <p class='ocr_par' dir='ltr' id='par_1_4' title="bbox 192 1396 1586 2305">
     <span class='ocr_line' id='line_1_22' title="bbox 246 1396 1582 1450; baseline -0.004 -11"><span class='ocrx_word' id='word_1_164' title='bbox 246 1401 302 1440; x_wconf 90' lang='lat' dir='ltr'>Hi</span> <span class='ocrx_word' id='word_1_165' title='bbox 324 1408 414 1439; x_wconf 91' lang='lat' dir='ltr'>sunt</span> <span class='ocrx_word' id='word_1_166' title='bbox 426 1400 631 1450; x_wconf 71' lang='lat' dir='ltr'>praecipui</span> <span class='ocrx_word' id='word_1_167' title='bbox 651 1400 810 1437; x_wconf 75' lang='lat' dir='ltr'>articuli</span> <span class='ocrx_word' id='word_1_168' title='bbox 825 1399 895 1448; x_wconf 80' lang='lat' dir='ltr'>qm‘</span> <span class='ocrx_word' id='word_1_169' title='bbox 919 1398 1100 1436; x_wconf 71' lang='lat' dir='ltr'>videntur</span> <span class='ocrx_word' id='word_1_170' title='bbox 1117 1398 1253 1434; x_wconf 77' lang='lat' dir='ltr'>lzabere</span> <span class='ocrx_word' id='word_1_171' title='bbox 1277 1396 1582 1434; x_wconf 76' lang='lat' dir='ltr'>controversiam.</span> 
     </span>
     <span class='ocr_line' id='line_1_23' title="bbox 193 1449 1583 1504; baseline -0.004 -11"><span class='ocrx_word' id='word_1_172' title='bbox 193 1457 447 1504; x_wconf 85' lang='lat' dir='ltr'>Quamquam</span> <span class='ocrx_word' id='word_1_173' title='bbox 469 1453 574 1492; x_wconf 89' lang='lat' dir='ltr'>enim</span> <span class='ocrx_word' id='word_1_174' title='bbox 597 1454 646 1491; x_wconf 92' lang='lat' dir='ltr'>de</span> <span class='ocrx_word' id='word_1_175' title='bbox 668 1453 844 1503; x_wconf 88' lang='lat' dir='ltr'>pluribus</span> <span class='ocrx_word' id='word_1_176' title='bbox 865 1451 1054 1490; x_wconf 86' lang='lat' dir='ltr'>abusibus</span> <span class='ocrx_word' id='word_1_177' title='bbox 1080 1449 1158 1488; x_wconf 91' lang='lat' dir='ltr'>dici</span> <span class='ocrx_word' id='word_1_178' title='bbox 1186 1456 1351 1500; x_wconf 87' lang='lat' dir='ltr'>poterat,</span> <span class='ocrx_word' id='word_1_179' title='bbox 1373 1457 1518 1497; x_wconf 88' lang='lat' dir='ltr'>tamen,</span> <span class='ocrx_word' id='word_1_180' title='bbox 1541 1458 1583 1487; x_wconf 90' lang='lat' dir='ltr'>ut</span> 
     </span>
     <span class='ocr_line' id='line_1_24' title="bbox 192 1503 1582 1559; baseline -0.004 -12"><span class='ocrx_word' id='word_1_181' title='bbox 192 1511 413 1559; x_wconf 86' lang='lat' dir='ltr'>fugeremus</span> <span class='ocrx_word' id='word_1_182' title='bbox 440 1506 711 1557; x_wconf 84' lang='lat' dir='ltr'>prolixitatem,</span> <span class='ocrx_word' id='word_1_183' title='bbox 741 1505 950 1556; x_wconf 83' lang='lat' dir='ltr'>praecipua</span> <span class='ocrx_word' id='word_1_184' title='bbox 973 1503 1167 1553; x_wconf 85' lang='lat' dir='ltr'>complexi</span> <span class='ocrx_word' id='word_1_185' title='bbox 1197 1516 1344 1551; x_wconf 85' lang='lat' dir='ltr'>sumus,</span> <span class='ocrx_word' id='word_1_186' title='bbox 1373 1516 1420 1542; x_wconf 85' lang='lat' dir='ltr'>ex</span> <span class='ocrx_word' id='word_1_187' title='bbox 1440 1503 1582 1553; x_wconf 89' lang='lat' dir='ltr'>quibus</span> 
     </span>
     <span class='ocr_line' id='line_1_25' title="bbox 192 1558 1583 1610; baseline -0.004 -9"><span class='ocrx_word' id='word_1_188' title='bbox 192 1570 321 1601; x_wconf 90' lang='lat' dir='ltr'>cetera</span> <span class='ocrx_word' id='word_1_189' title='bbox 341 1562 454 1599; x_wconf 89' lang='lat' dir='ltr'>facile</span> <span class='ocrx_word' id='word_1_190' title='bbox 474 1559 637 1599; x_wconf 86' lang='lat' dir='ltr'>iudicari</span> <span class='ocrx_word' id='word_1_191' title='bbox 658 1567 833 1610; x_wconf 87' lang='lat' dir='ltr'>possunt.</span> <span class='ocrx_word' id='word_1_192' title='bbox 897 1573 928 1596; x_wconf 90' lang='lat'>2.</span> <span class='ocrx_word' id='word_1_193' title='bbox 962 1559 1133 1607; x_wconf 85' lang='lat' dir='ltr'>Magnae</span> <span class='ocrx_word' id='word_1_194' title='bbox 1153 1558 1335 1607; x_wconf 83' lang='lat' dir='ltr'>querelae</span> <span class='ocrx_word' id='word_1_195' title='bbox 1356 1558 1512 1595; x_wconf 89' lang='lat' dir='ltr'>fuerunt</span> <span class='ocrx_word' id='word_1_196' title='bbox 1532 1558 1583 1596; x_wconf 91' lang='lat' dir='ltr'>de</span> 
     </span>
     <span class='ocr_line' id='line_1_26' title="bbox 193 1611 1584 1666; baseline -0.004 -12"><span class='ocrx_word' id='word_1_197' title='bbox 193 1615 457 1666; x_wconf 81' lang='lat' dir='ltr'>indulgentiis,</span> <span class='ocrx_word' id='word_1_198' title='bbox 499 1615 548 1652; x_wconf 88' lang='lat' dir='ltr'>de</span> <span class='ocrx_word' id='word_1_199' title='bbox 587 1612 976 1664; x_wconf 83' lang='lat' dir='ltr'>peregrinationibus,</span> <span class='ocrx_word' id='word_1_200' title='bbox 1018 1612 1068 1649; x_wconf 90' lang='lat' dir='ltr'>de</span> <span class='ocrx_word' id='word_1_201' title='bbox 1105 1611 1232 1649; x_wconf 89' lang='lat' dir='ltr'>abusu</span> <span class='ocrx_word' id='word_1_202' title='bbox 1270 1612 1584 1649; x_wconf 82' lang='lat' dir='ltr'>excommunica-</span> 
     </span>
     <span class='ocr_line' id='line_1_27' title="bbox 192 1664 1580 1717; baseline -0.004 -9"><span class='ocrx_word' id='word_1_203' title='bbox 192 1669 321 1708; x_wconf 87' lang='lat' dir='ltr'>tionis.</span> <span class='ocrx_word' id='word_1_204' title='bbox 382 1669 596 1707; x_wconf 90' lang='lat' dir='ltr'>Parochiae</span> <span class='ocrx_word' id='word_1_205' title='bbox 635 1668 899 1717; x_wconf 89' lang='lat' dir='ltr'>multipliciter</span> <span class='ocrx_word' id='word_1_206' title='bbox 937 1665 1178 1704; x_wconf 81' lang='lat' dir='ltr'>vexabantur</span> <span class='ocrx_word' id='word_1_207' title='bbox 1215 1677 1284 1714; x_wconf 92' lang='lat' dir='ltr'>per</span> <span class='ocrx_word' id='word_1_208' title='bbox 1322 1664 1580 1703; x_wconf 88' lang='lat' dir='ltr'>stationarios.</span> 
     </span>
     <span class='ocr_line' id='line_1_28' title="bbox 194 1717 1584 1770; baseline -0.004 -9"><span class='ocrx_word' id='word_1_209' title='bbox 194 1723 378 1762; x_wconf 88' lang='lat' dir='ltr'>Infinitae</span> <span class='ocrx_word' id='word_1_210' title='bbox 398 1722 674 1760; x_wconf 88' lang='lat' dir='ltr'>contentiones</span> <span class='ocrx_word' id='word_1_211' title='bbox 702 1728 810 1759; x_wconf 87' lang='lat' dir='ltr'>erant</span> <span class='ocrx_word' id='word_1_212' title='bbox 835 1719 1055 1770; x_wconf 88' lang='lat' dir='ltr'>pastoribus</span> <span class='ocrx_word' id='word_1_213' title='bbox 1077 1732 1167 1756; x_wconf 92' lang='lat' dir='ltr'>cum</span> <span class='ocrx_word' id='word_1_214' title='bbox 1194 1717 1399 1757; x_wconf 88' lang='lat' dir='ltr'>monachis</span> <span class='ocrx_word' id='word_1_215' title='bbox 1425 1719 1476 1757; x_wconf 93' lang='lat' dir='ltr'>de</span> <span class='ocrx_word' id='word_1_216' title='bbox 1502 1717 1584 1756; x_wconf 90' lang='lat' dir='ltr'>iure</span> 
     </span>
     <span class='ocr_line' id='line_1_29' title="bbox 194 1771 1584 1827; baseline -0.004 -13"><span class='ocrx_word' id='word_1_217' title='bbox 194 1776 418 1827; x_wconf 87' lang='lat' dir='ltr'>parochiali,</span> <span class='ocrx_word' id='word_1_218' title='bbox 442 1777 493 1814; x_wconf 91' lang='lat' dir='ltr'>de</span> <span class='ocrx_word' id='word_1_219' title='bbox 519 1774 846 1821; x_wconf 90' lang='lat' dir='ltr'>confessionibus,</span> <span class='ocrx_word' id='word_1_220' title='bbox 873 1775 923 1812; x_wconf 89' lang='lat' dir='ltr'>de</span> <span class='ocrx_word' id='word_1_221' title='bbox 950 1773 1169 1822; x_wconf 85' lang='lat' dir='ltr'>sepulturis,</span> <span class='ocrx_word' id='word_1_222' title='bbox 1195 1773 1246 1810; x_wconf 93' lang='lat' dir='ltr'>de</span> <span class='ocrx_word' id='word_1_223' title='bbox 1273 1771 1584 1810; x_wconf 83' lang='lat' dir='ltr'>extraordinariis</span> 
     </span>
     <span class='ocr_line' id='line_1_30' title="bbox 194 1824 1583 1876; baseline -0.004 -8"><span class='ocrx_word' id='word_1_224' title='bbox 194 1829 465 1876; x_wconf 85' lang='lat' dir='ltr'>concionibus,</span> <span class='ocrx_word' id='word_1_225' title='bbox 489 1836 526 1867; x_wconf 90' lang='lat' dir='ltr'>et</span> <span class='ocrx_word' id='word_1_226' title='bbox 547 1830 597 1867; x_wconf 91' lang='lat' dir='ltr'>de</span> <span class='ocrx_word' id='word_1_227' title='bbox 617 1828 700 1867; x_wconf 88' lang='lat' dir='ltr'>aliis</span> <span class='ocrx_word' id='word_1_228' title='bbox 720 1826 1072 1866; x_wconf 90' lang='lat' dir='ltr'>innumerabilibus</span> <span class='ocrx_word' id='word_1_229' title='bbox 1086 1825 1214 1864; x_wconf 89' lang='lat' dir='ltr'>rebus.</span> <span class='ocrx_word' id='word_1_230' title='bbox 1273 1839 1308 1875; x_wconf 82' lang='lat'>3.</span> <span class='ocrx_word' id='word_1_231' title='bbox 1340 1824 1583 1864; x_wconf 90' lang='lat' dir='ltr'>Huiusmodi</span> 
     </span>
     <span class='ocr_line' id='line_1_31' title="bbox 195 1879 1582 1933; baseline -0.004 -11"><span class='ocrx_word' id='word_1_232' title='bbox 195 1883 351 1933; x_wconf 89' lang='lat' dir='ltr'>negotia</span> <span class='ocrx_word' id='word_1_233' title='bbox 364 1882 707 1932; x_wconf 84' lang='lat' dir='ltr'>praetermisimus,</span> <span class='ocrx_word' id='word_1_234' title='bbox 726 1890 768 1920; x_wconf 87' lang='lat' dir='ltr'>ut</span> <span class='ocrx_word' id='word_1_235' title='bbox 784 1881 858 1928; x_wconf 89' lang='lat' dir='ltr'>illa,</span> <span class='ocrx_word' id='word_1_236' title='bbox 875 1894 976 1931; x_wconf 91' lang='lat' dir='ltr'>quae</span> <span class='ocrx_word' id='word_1_237' title='bbox 993 1887 1083 1918; x_wconf 91' lang='lat' dir='ltr'>sunt</span> <span class='ocrx_word' id='word_1_238' title='bbox 1099 1879 1139 1917; x_wconf 91' lang='lat' dir='ltr'>in</span> <span class='ocrx_word' id='word_1_239' title='bbox 1153 1880 1226 1917; x_wconf 91' lang='lat' dir='ltr'>hac</span> <span class='ocrx_word' id='word_1_240' title='bbox 1238 1892 1357 1917; x_wconf 91' lang='lat' dir='ltr'>causa</span> <span class='ocrx_word' id='word_1_241' title='bbox 1360 1880 1582 1929; x_wconf 60' lang='lat' dir='ltr'>praecz&#39;lbua,</span> 
     </span>
     <span class='ocr_line' id='line_1_32' title="bbox 194 1931 1583 1985; baseline -0.003 -11"><span class='ocrx_word' id='word_1_242' title='bbox 194 1936 362 1975; x_wconf 90' lang='lat' dir='ltr'>breviter</span> <span class='ocrx_word' id='word_1_243' title='bbox 393 1937 593 1985; x_wconf 86' lang='lat' dir='ltr'>proposita</span> <span class='ocrx_word' id='word_1_244' title='bbox 632 1935 782 1973; x_wconf 89' lang='lat' dir='ltr'>facilius</span> <span class='ocrx_word' id='word_1_245' title='bbox 821 1933 1006 1984; x_wconf 82' lang='lat' dir='ltr'>cognosci</span> <span class='ocrx_word' id='word_1_246' title='bbox 1042 1940 1215 1983; x_wconf 89' lang='lat' dir='ltr'>possent.</span> <span class='ocrx_word' id='word_1_247' title='bbox 1272 1946 1307 1980; x_wconf 92' lang='lat'>4.</span> <span class='ocrx_word' id='word_1_248' title='bbox 1339 1934 1482 1982; x_wconf 89' lang='lat' dir='ltr'>Neque</span> <span class='ocrx_word' id='word_1_249' title='bbox 1519 1931 1583 1970; x_wconf 91' lang='lat' dir='ltr'>hic</span> 
     </span>
     <span class='ocr_line' id='line_1_33' title="bbox 196 1987 1584 2040; baseline -0.002 -13"><span class='ocrx_word' id='word_1_250' title='bbox 196 1990 413 2040; x_wconf 89' lang='lat' dir='ltr'>quidquam</span> <span class='ocrx_word' id='word_1_251' title='bbox 448 1990 499 2027; x_wconf 92' lang='lat' dir='ltr'>ad</span> <span class='ocrx_word' id='word_1_252' title='bbox 530 1990 645 2026; x_wconf 90' lang='lat' dir='ltr'>ullius</span> <span class='ocrx_word' id='word_1_253' title='bbox 675 1988 956 2027; x_wconf 89' lang='lat' dir='ltr'>contumeliam</span> <span class='ocrx_word' id='word_1_254' title='bbox 985 1987 1136 2026; x_wconf 89' lang='lat' dir='ltr'>dictum</span> <span class='ocrx_word' id='word_1_255' title='bbox 1170 1993 1236 2024; x_wconf 88' lang='lat' dir='ltr'>aut</span> <span class='ocrx_word' id='word_1_256' title='bbox 1270 1987 1479 2025; x_wconf 90' lang='lat' dir='ltr'>collectum</span> <span class='ocrx_word' id='word_1_257' title='bbox 1512 1993 1584 2025; x_wconf 91' lang='lat' dir='ltr'>est.</span> 
     </span>
     <span class='ocr_line' id='line_1_34' title="bbox 195 2039 1584 2092; baseline -0.003 -11"><span class='ocrx_word' id='word_1_258' title='bbox 195 2046 371 2082; x_wconf 90' lang='lat' dir='ltr'>Tantum</span> <span class='ocrx_word' id='word_1_259' title='bbox 401 2055 446 2080; x_wconf 89' lang='lat' dir='ltr'>ea</span> <span class='ocrx_word' id='word_1_260' title='bbox 475 2042 635 2080; x_wconf 87' lang='lat' dir='ltr'>recitata</span> <span class='ocrx_word' id='word_1_261' title='bbox 662 2050 763 2089; x_wconf 90' lang='lat' dir='ltr'>sunt,</span> <span class='ocrx_word' id='word_1_262' title='bbox 786 2055 887 2092; x_wconf 86' lang='lat' dir='ltr'>quae</span> <span class='ocrx_word' id='word_1_263' title='bbox 907 2041 1141 2080; x_wconf 88' lang='lat' dir='ltr'>videbantur</span> <span class='ocrx_word' id='word_1_264' title='bbox 1171 2040 1390 2078; x_wconf 87' lang='lat' dir='ltr'>necessario</span> <span class='ocrx_word' id='word_1_265' title='bbox 1414 2039 1584 2078; x_wconf 88' lang='lat' dir='ltr'>dicenda</span> 
     </span>
     <span class='ocr_line' id='line_1_35' title="bbox 198 2093 1584 2145; baseline -0.004 -9"><span class='ocrx_word' id='word_1_266' title='bbox 198 2110 294 2143; x_wconf 89' lang='lat' dir='ltr'>esse,</span> <span class='ocrx_word' id='word_1_267' title='bbox 317 2104 359 2134; x_wconf 91' lang='lat' dir='ltr'>ut</span> <span class='ocrx_word' id='word_1_268' title='bbox 391 2095 552 2145; x_wconf 89' lang='lat' dir='ltr'>intelligi</span> <span class='ocrx_word' id='word_1_269' title='bbox 588 2095 710 2145; x_wconf 84' lang='lat' dir='ltr'>possit</span> <span class='ocrx_word' id='word_1_270' title='bbox 745 2096 784 2133; x_wconf 91' lang='lat' dir='ltr'>in</span> <span class='ocrx_word' id='word_1_271' title='bbox 816 2095 995 2134; x_wconf 90' lang='lat' dir='ltr'>doctrina</span> <span class='ocrx_word' id='word_1_272' title='bbox 1028 2108 1074 2133; x_wconf 85' lang='lat' dir='ltr'>ac</span> <span class='ocrx_word' id='word_1_273' title='bbox 1104 2093 1337 2132; x_wconf 90' lang='lat' dir='ltr'>ceremoniis</span> <span class='ocrx_word' id='word_1_274' title='bbox 1370 2094 1478 2143; x_wconf 91' lang='lat' dir='ltr'>apud</span> <span class='ocrx_word' id='word_1_275' title='bbox 1511 2105 1584 2131; x_wconf 91' lang='lat' dir='ltr'>nos</span> 
     </span>
     <span class='ocr_line' id='line_1_36' title="bbox 197 2146 1584 2198; baseline -0.003 -10"><span class='ocrx_word' id='word_1_276' title='bbox 197 2150 294 2189; x_wconf 87' lang='lat' dir='ltr'>nihil</span> <span class='ocrx_word' id='word_1_277' title='bbox 324 2162 409 2188; x_wconf 89' lang='lat' dir='ltr'>esse</span> <span class='ocrx_word' id='word_1_278' title='bbox 438 2156 639 2198; x_wconf 89' lang='lat' dir='ltr'>receptum</span> <span class='ocrx_word' id='word_1_279' title='bbox 669 2157 805 2187; x_wconf 89' lang='lat' dir='ltr'>contra</span> <span class='ocrx_word' id='word_1_280' title='bbox 837 2148 1075 2198; x_wconf 88' lang='lat' dir='ltr'>Scripturam</span> <span class='ocrx_word' id='word_1_281' title='bbox 1109 2154 1176 2185; x_wconf 90' lang='lat' dir='ltr'>aut</span> <span class='ocrx_word' id='word_1_282' title='bbox 1205 2146 1411 2185; x_wconf 90' lang='lat' dir='ltr'>ecclesiam</span> <span class='ocrx_word' id='word_1_283' title='bbox 1441 2147 1584 2186; x_wconf 90' lang='lat' dir='ltr'>Catho-</span> 
     </span>
     <span class='ocr_line' id='line_1_37' title="bbox 198 2199 1586 2253; baseline -0.004 -11"><span class='ocrx_word' id='word_1_284' title='bbox 198 2204 327 2251; x_wconf 86' lang='lat' dir='ltr'>licam,</span> <span class='ocrx_word' id='word_1_285' title='bbox 350 2204 441 2253; x_wconf 86' lang='lat' dir='ltr'>quia</span> <span class='ocrx_word' id='word_1_286' title='bbox 466 2202 716 2240; x_wconf 88' lang='lat' dir='ltr'>manifestum</span> <span class='ocrx_word' id='word_1_287' title='bbox 742 2210 800 2241; x_wconf 89' lang='lat' dir='ltr'>est</span> <span class='ocrx_word' id='word_1_288' title='bbox 828 2216 901 2240; x_wconf 87' lang='lat' dir='ltr'>nos</span> <span class='ocrx_word' id='word_1_289' title='bbox 926 2201 1223 2252; x_wconf 86' lang='lat' dir='ltr'>diligentissime</span> <span class='ocrx_word' id='word_1_290' title='bbox 1246 2199 1405 2247; x_wconf 89' lang='lat' dir='ltr'>cavisse,</span> <span class='ocrx_word' id='word_1_291' title='bbox 1428 2213 1479 2238; x_wconf 92' lang='lat' dir='ltr'>ne</span> <span class='ocrx_word' id='word_1_292' title='bbox 1507 2212 1586 2249; x_wconf 91' lang='lat' dir='ltr'>qua</span> 
     </span>
     <span class='ocr_line' id='line_1_38' title="bbox 198 2255 1371 2305; baseline -0.003 -10"><span class='ocrx_word' id='word_1_293' title='bbox 198 2271 301 2295; x_wconf 90' lang='lat' dir='ltr'>nova</span> <span class='ocrx_word' id='word_1_294' title='bbox 321 2264 359 2295; x_wconf 89' lang='lat' dir='ltr'>et</span> <span class='ocrx_word' id='word_1_295' title='bbox 380 2255 500 2305; x_wconf 88' lang='lat' dir='ltr'>impia</span> <span class='ocrx_word' id='word_1_296' title='bbox 520 2257 706 2305; x_wconf 89' lang='lat' dir='ltr'>dogmata</span> <span class='ocrx_word' id='word_1_297' title='bbox 727 2257 765 2293; x_wconf 91' lang='lat' dir='ltr'>in</span> <span class='ocrx_word' id='word_1_298' title='bbox 786 2255 970 2294; x_wconf 88' lang='lat' dir='ltr'>ecclesias</span> <span class='ocrx_word' id='word_1_299' title='bbox 991 2263 1143 2294; x_wconf 86' lang='lat' dir='ltr'>nostras</span> <span class='ocrx_word' id='word_1_300' title='bbox 1160 2261 1371 2303; x_wconf 87' lang='lat' dir='ltr'>serperent.</span> 
     </span>
    </p>

    <p class='ocr_par' dir='ltr' id='par_1_5' title="bbox 198 2305 1587 2468">
     <span class='ocr_line' id='line_1_39' title="bbox 255 2305 1587 2360; baseline -0.003 -12"><span class='ocrx_word' id='word_1_301' title='bbox 255 2322 288 2360; x_wconf 87' lang='lat'>5.</span> <span class='ocrx_word' id='word_1_302' title='bbox 322 2312 411 2348; x_wconf 93' lang='lat' dir='ltr'>Hos</span> <span class='ocrx_word' id='word_1_303' title='bbox 449 2309 634 2347; x_wconf 89' lang='lat' dir='ltr'>articulos</span> <span class='ocrx_word' id='word_1_304' title='bbox 668 2322 784 2358; x_wconf 87' lang='lat' dir='ltr'>supra</span> <span class='ocrx_word' id='word_1_305' title='bbox 822 2308 987 2358; x_wconf 90' lang='lat' dir='ltr'>scriptos</span> <span class='ocrx_word' id='word_1_306' title='bbox 1025 2307 1221 2346; x_wconf 90' lang='lat' dir='ltr'>voluimus</span> <span class='ocrx_word' id='word_1_307' title='bbox 1259 2306 1443 2346; x_wconf 80' lang='lat' dir='ltr'>exhibere</span> <span class='ocrx_word' id='word_1_308' title='bbox 1481 2305 1587 2344; x_wconf 86' lang='lat' dir='ltr'>iuxta</span> 
     </span>
     <span class='ocr_line' id='line_1_40' title="bbox 198 2361 1584 2411; baseline -0.004 -8"><span class='ocrx_word' id='word_1_309' title='bbox 198 2364 371 2403; x_wconf 87' lang='lat' dir='ltr'>edictum</span> <span class='ocrx_word' id='word_1_310' title='bbox 402 2364 446 2403; x_wconf 92' lang='lat' dir='ltr'>C.</span> <span class='ocrx_word' id='word_1_311' title='bbox 471 2365 541 2410; x_wconf 66' lang='lat' dir='ltr'>M„</span> <span class='ocrx_word' id='word_1_312' title='bbox 564 2362 604 2400; x_wconf 90' lang='lat' dir='ltr'>in</span> <span class='ocrx_word' id='word_1_313' title='bbox 628 2362 772 2411; x_wconf 92' lang='lat' dir='ltr'>quibus</span> <span class='ocrx_word' id='word_1_314' title='bbox 793 2361 989 2400; x_wconf 85' lang='lat' dir='ltr'>confessio</span> <span class='ocrx_word' id='word_1_315' title='bbox 1013 2368 1146 2400; x_wconf 87' lang='lat' dir='ltr'>nostra</span> <span class='ocrx_word' id='word_1_316' title='bbox 1173 2368 1350 2408; x_wconf 89' lang='lat' dir='ltr'>exstaret,</span> <span class='ocrx_word' id='word_1_317' title='bbox 1372 2368 1410 2398; x_wconf 94' lang='lat' dir='ltr'>et</span> <span class='ocrx_word' id='word_1_318' title='bbox 1436 2372 1584 2406; x_wconf 89' lang='lat' dir='ltr'>eorum,</span> 
     </span>
     <span class='ocr_line' id='line_1_41' title="bbox 200 2413 1586 2468; baseline -0.003 -13"><span class='ocrx_word' id='word_1_319' title='bbox 200 2418 267 2468; x_wconf 90' lang='lat' dir='ltr'>qui</span> <span class='ocrx_word' id='word_1_320' title='bbox 301 2418 407 2467; x_wconf 84' lang='lat' dir='ltr'>apud</span> <span class='ocrx_word' id='word_1_321' title='bbox 445 2430 518 2455; x_wconf 90' lang='lat' dir='ltr'>nos</span> <span class='ocrx_word' id='word_1_322' title='bbox 557 2417 714 2462; x_wconf 88' lang='lat' dir='ltr'>docent,</span> <span class='ocrx_word' id='word_1_323' title='bbox 755 2414 958 2455; x_wconf 89' lang='lat' dir='ltr'>doctrinae</span> <span class='ocrx_word' id='word_1_324' title='bbox 996 2428 1150 2454; x_wconf 86' lang='lat' dir='ltr'>summa</span> <span class='ocrx_word' id='word_1_325' title='bbox 1188 2421 1421 2453; x_wconf 88' lang='lat' dir='ltr'>cerneretur.</span> <span class='ocrx_word' id='word_1_326' title='bbox 1480 2415 1514 2451; x_wconf 88' lang='lat'>6.</span> <span class='ocrx_word' id='word_1_327' title='bbox 1547 2413 1586 2451; x_wconf 90' lang='lat' dir='ltr'>Si</span> 
     </span>
    </p>
   </div>
   <div class='ocr_carea' id='block_1_5' title="bbox 1682 0 1715 2780">
    <p class='ocr_par' dir='ltr' id='par_1_6' title="bbox 1682 0 1715 2780">
     <span class='ocr_line' id='line_1_42' title="bbox 1682 0 1715 2780; baseline 0 0"><span class='ocrx_word' id='word_1_328' title='bbox 1682 0 1715 2780; x_wconf 95' lang='lat' dir='ltr'> </span> 
     </span>
    </p>
   </div>
  </div>
 </body>
</html>
