1715 2780
233 125 310 167 570
368 115 553 154 FAREL
580 115 700 153 AND
730 114 943 155 CALVIN
975 114 1036 152 IN
1066 113 1309 160 GENEVA,
1337 115 1491 164 1536-8
1547 114 1630 152 286

236 232 432 275 putamus,
448 231 491 263 ut
510 223 738 274 quicunque
759 222 917 263 Christo
938 222 979 261 in
998 222 1118 261 vitam
1143 235 1254 261 suam
1278 222 1351 260 frui
1371 223 1519 270 volunt,
1542 235 1629 261 eam

236 278 352 317 simul
379 278 624 329 participent.
685 280 770 316 Iam
790 291 883 316 vero
910 290 1033 327 quum
1055 275 1180 315 Missa
1201 275 1356 327 Papalis
1375 275 1630 315 maledictum

235 340 274 371 et
295 332 537 371 diabolicum
557 332 761 371 inventum
784 331 909 378 fuerit,
932 330 972 368 in
1003 330 1246 369 eversionem
1274 330 1445 380 mysterii
1472 337 1630 369 sanctae

238 387 400 427 Coenae
420 387 646 432 confictum,
670 385 785 424 nobis
806 384 1085 424 exsecrabilem
1105 397 1190 423 esse
1210 383 1528 435 pronunciamus,
1550 397 1632 422 non

237 454 349 479 secus
378 455 424 480 ac
453 439 715 479 idololatriam
743 453 766 477 a
796 441 886 478 Deo
915 440 1153 478 damnatam.
1215 439 1344 489 quue
1369 437 1501 476 multis
1522 437 1633 476 ratio-

238 494 379 534 nibus:
418 507 573 544 nempe,
599 502 794 544 quatenus
824 506 894 543 pro
924 492 1114 531 sacrificio
1144 493 1185 531 in
1212 491 1526 542 redemptionem
1555 491 1634 529 ani-

240 562 391 587 marum
411 549 649 595 aestimatur,
668 555 862 598 quatenus
883 546 1000 586 etiam
1017 546 1129 597 panis
1145 545 1224 585 11110
1241 546 1317 585 Dei
1332 547 1422 585 loco
1436 547 1633 585 adoratur.

240 602 371 641 Etiam
401 610 443 640 ut
472 610 762 652 praetereamus
792 602 1007 640 horrendas
1036 600 1131 639 alias
1160 599 1424 651 blasphemias
1445 607 1483 638 et
1504 613 1634 650 super-

241 656 430 704 stitiones,
461 670 507 695 ac
537 669 700 706 pravum
730 655 853 694 divini
882 655 990 694 verbi
1022 656 1204 702 abusum,
1235 655 1344 704 quod
1373 653 1452 692 11110
1482 655 1632 699 frustra,

240 712 350 749 nullo
371 724 462 748 cum
483 712 620 757 fructu,
644 711 831 760 nullaque
851 709 1126 748 aedificatione
1147 715 1363 759 usurpatur.

296 764 381 813 (17)
411 766 475 803 De
501 765 683 802 lzzmnanis
711 764 1168 812 traditiom'bus.—Quae
1195 761 1424 801 retinendae
1453 768 1635 800 externae

241 818 495 857 ecclesiarum
522 817 682 868 politiae
708 817 950 856 necessariae
980 824 1070 856 sunt
1098 818 1203 867 leges
1234 846 1241 854 .
1273 846 1281 854 .
1312 847 1320 855 .
1351 829 1423 866 pro
1451 815 1634 854 humanis

241 872 518 911 traditionibus
548 885 629 911 non
659 873 865 910 ducimus:
905 885 1028 921 quum
1050 871 1124 909 sub
1143 869 1314 921 generali
1337 868 1506 920 apostoli
1529 882 1635 919 prae-

241 934 357 977 cepto
389 927 786 977 comprehendantur,
815 938 896 975 quo
929 926 1114 964 decenter
1147 932 1186 964 et
1219 923 1357 963 ordine
1389 923 1469 974 geri
1503 922 1635 961 omnia

242 980 342 1019 inter
371 994 443 1019 nos
472 980 593 1019 iubet.
650 981 799 1019 Verum
830 993 931 1029 quae
960 979 1001 1017 in
1030 980 1136 1018 hoc.
1160 1009 1167 1017 .
1191 1008 1198 1016 .
1223 985 1446 1016 statuuntur
1474 984 1517 1015 ut
1546 990 1636 1015 con-

242 1034 425 1073 scientias
446 1034 670 1084 illaqueent,
693 1042 736 1072 ut
756 1033 1031 1072 necessitatem
1052 1046 1185 1072 earum
1201 1045 1328 1071 rerum
1345 1031 1520 1069 iniiciant
1536 1043 1636 1080 quae

242 1102 323 1127 non
345 1095 435 1127 sunt
455 1102 478 1126 a
499 1091 587 1127 Deo
608 1096 851 1138 praeceptae,
874 1095 917 1125 ut
936 1089 1086 1125 cultum
1108 1086 1185 1125 Dei
1206 1086 1354 1136 erigant
1372 1085 1492 1124 alium
1516 1097 1635 1134 quam

243 1156 362 1192 quem
393 1142 475 1193 ipse
504 1143 690 1192 postulat,
718 1156 811 1192 quia
840 1141 1104 1181 Christianam
1133 1140 1354 1179 libertatem
1379 1170 1387 1178 .
1411 1170 1418 1177 .
1441 1169 1449 1177 .
1474 1138 1633 1185 violant,

243 1210 316 1235 ceu
351 1198 518 1236 Satanae
552 1209 731 1256 perversa
759 1197 956 1255 dogmata,
987 1196 1264 1234 damnamus..
1321 1194 1443 1242 ‚Quo
1471 1206 1637 1231 numero

243 1250 470 1310 reponimus
499 1250 649 1289 votivas
679 1249 1021 1310 peregrinationes,
1054 1250 1325 1296 monachatus,
1355 1247 1533 1286 ciborum
1563 1246 1638 1285 dis-

243 1304 417 1351 crimina,
449 1303 686 1343 matrimonii
716 1303 1035 1354 prohibitionem,
1057 1303 1313 1342 auricularem
1335 1300 1635 1347 confessionem,

244 1366 281 1396 et
301 1358 342 1397 id
361 1372 485 1408 genus
505 1358 664 1408 reliqua.

300 1412 386 1463 (18)
416 1414 480 1450 De
508 1413 662 1450 ecclesza.
668 1411 898 1450 —Tametsi
928 1410 1044 1449 unica
1073 1418 1131 1449 est
1161 1409 1307 1450 Christi
1341 1407 1520 1456 ecclesia,
1554 1408 1635 1446 fieri

246 1474 378 1504 tamen
408 1479 489 1505 non
521 1465 631 1504 aliter
664 1479 780 1516 posse
806 1465 1056 1515 agnoscimus
1087 1464 1181 1514 quin
1212 1462 1388 1502 fidelium
1419 1468 1637 1501 conventus

246 1520 286 1558 in
307 1519 411 1558 varia
431 1521 519 1558 loca
539 1496 853 1566 distribuantur,U
855 1532 1024 1569 quorum
1051 1517 1192 1567 singuli
1218 1524 1408 1556 vocantur
1435 1514 1636 1555 ecclesiae.

248 1575 298 1612 Et
327 1587 419 1612 vero
449 1587 571 1624 quum
603 1587 683 1612 non
713 1586 852 1612 omnes
881 1572 1023 1622 pariter
1049 1579 1185 1612 coetus
1213 1573 1252 1609 in
1280 1571 1442 1609 nomine
1473 1568 1637 1608 Domini

247 1627 494 1674 conveniant,
519 1629 614 1677 quin
638 1627 770 1678 potius
788 1627 972 1688 plerique
995 1627 1046 1665 ad
1070 1626 1199 1677 ipsum
1224 1624 1303 1664 suis
1330 1623 1538 1674 sacrilegiis
1558 1624 1639 1673 pol-

246 1683 437 1720 luendum
468 1688 671 1731 coguntur,
703 1681 958 1720 certissimam
980 1680 1264 1719 discernendae
1284 1677 1430 1719 Christi
1450 1678 1638 1716 ecclesiae

247 1744 381 1774 notam
417 1744 455 1774 et
484 1743 670 1774 tesseram
705 1748 790 1774 esse
821 1736 923 1773 hanc
952 1742 1200 1785 reputamus:
1240 1740 1283 1771 ut
1312 1732 1390 1770 illic
1418 1731 1638 1770 iudicemus

247 1803 332 1828 esse
371 1790 577 1828 ecclesiam
612 1789 679 1828 ubi
709 1802 805 1839 pure
833 1802 878 1827 ac
909 1788 1074 1827 fideliter
1102 1788 1266 1826 verbum
1297 1785 1461 1824 Domini
1490 1785 1642 1823 adnun-

247 1843 381 1890 ciatur,
418 1843 574 1882 auditur
608 1851 645 1881 et
675 1851 869 1882 servatur:
908 1842 977 1880 ubi
1006 1848 1249 1880 sacramenta
1277 1839 1448 1890 legitime
1477 1837 1641 1877 admini-

248 1905 428 1943 strantur,
451 1905 653 1956 utcunque
682 1898 849 1935 multum
879 1897 1011 1934 adhuc
1035 1894 1377 1945 imperfectionum
1401 1901 1439 1932 et
1459 1894 1638 1943 lapsuum

248 1951 425 2000 supersit,
457 1958 499 1989 ut
527 1950 619 1988 vitia
648 1964 851 2000 nunquam
882 1950 922 1988 in
951 1951 1024 1988 hac
1054 1949 1132 1988 vita
1160 1949 1259 1987 inter
1288 1946 1468 1986 homines
1497 1946 1641 1984 abster-

247 2012 398 2063 gentur.
448 2005 607 2050 Contra,
630 2004 699 2042 ubi
719 2018 833 2043 evan
820 2004 963 2053 gelium
985 2017 1058 2042 nec
1079 2001 1308 2041 adnunciari
1329 2014 1402 2040 nec
1421 1999 1546 2038 audiri
1567 2012 1640 2038 1100

249 2058 367 2107 recipi
389 2057 581 2105 videmus,
602 2058 680 2095 illic
701 2059 848 2095 nullam
869 2057 1119 2107 agnoscimus
1140 2055 1327 2095 ecclesiae
1348 2054 1498 2093 faciem.

303 2111 388 2162 (19)
419 2111 480 2148 De
498 2112 883 2149 eTmcorllmullzcallone.
889 2110 1143 2159 —Quoniam
1160 2123 1251 2148 vero
1272 2121 1476 2158 nunquam
1497 2108 1640 2146 desunt

252 2165 328 2204 Dei
348 2179 393 2204 ac
415 2165 511 2203 sacri
532 2165 615 2203 eius
631 2164 738 2203 verbi
760 2172 1063 2214 contemptores,
1077 2165 1183 2214 apud
1200 2176 1299 2223 quos
1312 2162 1408 2200 nihil
1425 2161 1639 2207 monendo,

250 2220 506 2266 exhortando,
528 2220 855 2269 reprehendendo
879 2217 1102 2268 proficitur:
1140 2216 1327 2267 asperiori
1358 2229 1448 2254 011111
1478 2215 1552 2253 11115
1582 2227 1641 2252 ca-

249 2273 456 2323 stigatione
468 2274 665 2323 agendum
679 2272 871 2311 ducimus.
913 2273 961 2309 In
977 2273 1083 2310 hunc
1099 2284 1212 2309 usum
1225 2267 1643 2309 excommunicationis

250 2326 497 2377 disciplinam
528 2340 609 2365 rem
639 2334 814 2364 sanctam
843 2339 889 2363 ac
919 2325 1101 2363 fidelibus
1128 2325 1325 2363 salubrem
1349 2330 1559 2362 testamur.
1598 2327 1641 2359 ut

250 2394 381 2419 revera
410 2394 491 2419 non
521 2381 604 2419 sine
634 2381 782 2419 ratione
811 2392 834 2417 a
864 2379 1041 2417 Domino
1070 2378 1247 2417 instituta
1267 2377 1348 2416 fuit.
1407 2377 1488 2415 Hic
1507 2383 1639 2414 autem

250 2434 338 2473 finis
384 2442 452 2482 est,
490 2448 540 2473 ne
578 2435 731 2484 impura
769 2447 838 2472 sua
876 2432 1164 2471 consuetudine
1202 2430 1381 2482 flagitiosi
1421 2431 1548 2469 bonos
1586 2428 1640 2466 in-

251 2487 436 2537 quinent:
468 2502 517 2527 ne
547 2487 731 2527 dedecori
761 2487 837 2526 sint
870 2489 957 2526 Deo
978 2494 1015 2525 et
1036 2486 1248 2525 ecclesiae:
1270 2492 1312 2524 ut
1331 2485 1482 2535 pudore
1505 2481 1640 2521 suffusi
