1715 2780
182 122 259 156 420
345 110 463 146 THE
496 108 914 148 DrsthTATIONs
946 109 1018 146 AT
1049 99 1280 156 ZURICH‚
1317 119 1415 159 1523
1501 108 1578 156 189

181 214 249 264 qui
269 215 446 264 profecto
468 213 640 252 divinam
663 212 864 251 veritatem
884 213 1020 251 audire
1041 219 1078 251 et
1105 213 1271 259 novisse,
1295 213 1364 251 sed
1386 218 1423 252 et
1444 225 1577 263 prove-

183 270 275 307 here
304 268 493 318 cupiunt:
534 267 630 305 nihil
666 266 850 316 equidem
886 266 1004 305 etiam
1039 268 1115 305 hoc
1149 267 1238 305 1060
1272 266 1414 306 obesse
1447 267 1575 314 video,

181 322 393 372 quominus
423 323 473 360 ad
498 321 643 360 Vicarii
674 320 909 360 sententiam
949 322 999 360 de
1030 320 1112 359 istis
1144 321 1260 359 rebus
1295 320 1504 371 disputare,
1539 329 1577 361 et

180 389 281 427 quae
298 376 437 415 veritas
459 377 575 414 docet
596 376 808 414 decernere
828 375 944 418 nobis
965 375 1091 416 liceat.

234 433 287 469 At
313 430 486 480 reliquae
506 430 697 477 nationes,
720 429 857 480 inquit,
880 429 920 468 in
941 436 1074 469 nostra
1094 431 1159 468 illa
1188 430 1346 469 decreta
1371 443 1575 480 nunquam

181 486 441 524 consentient.
500 483 623 534 Atqui
645 485 743 522 haec
763 498 842 522 una
862 483 982 523 hodie
1002 483 1181 522 omnium
1211 483 1388 522 fidelium
1418 486 1576 534 querela

181 547 240 578 est
269 540 378 589 quod
409 538 551 577 mitrati
580 537 634 576 illi
659 545 697 577 et
726 538 914 577 saeculari
943 537 1120 589 potentia
1145 537 1283 576 armati
1307 538 1508 589 episcopi1
1538 546 1576 577 et

182 593 435 633 ecclesiarum
469 606 649 643 proceres
689 606 826 642 puram
868 592 1071 643 Evangelii
1110 593 1332 631 doctrinam
1371 600 1410 631 et
1448 605 1576 631 sacras

181 647 398 698 Scripturas
430 660 451 686 e
482 647 618 698 populi
657 647 839 685 manibus
874 654 1106 697 extorquere
1144 654 1346 685 conantur.
1407 646 1576 697 Scriptu-

180 715 307 740 rarum
336 701 440 740 enim
469 701 755 751 expositionem
779 714 901 761 penes
930 702 1079 739 nullum
1107 700 1228 739 alium
1255 713 1374 751 quam
1401 713 1443 739 se
1469 700 1575 750 ipsos

180 770 265 795 esse
295 756 440 795 debere
466 755 696 794 clamitant·
688 787 696 803 ,
735 755 845 805 quasi
876 768 967 794 vero
996 768 1075 794 non
1105 754 1243 805 reliqui
1271 756 1321 793 de
1353 755 1575 794 Christiana

178 811 296 860 plebe
321 810 445 848 sancti
470 810 650 849 homines
676 809 887 849 Christiani
918 809 1009 857 sint,
1031 816 1069 849 et
1097 808 1229 859 aliqua
1258 808 1422 859 Spiritus
1451 809 1575 848 sancti

179 865 320 904 virtute
341 864 550 903 illuminari
570 864 733 914 possint,
749 865 859 913 quasi
876 863 1047 914 denique
1068 863 1141 901 illis
1158 862 1292 902 divino
1308 863 1428 902 verbo
1444 876 1576 902 neces-

180 919 280 957 sario
297 920 510 958 carendum
533 918 591 957 sit.
640 920 725 957 Nec
746 919 889 957 desunt
910 931 955 956 ex
976 917 1130 955 illorum
1151 930 1316 956 numero
1332 918 1399 968 qui
1420 917 1575 956 divinae

181 973 402 1023 Scripturae
431 973 613 1023 mysteria
644 973 814 1011 revelare
848 973 957 1011 nefas
992 985 1077 1010 esse
1106 971 1237 1010 dicere
1268 984 1349 1010 non
1380 979 1572 1010 verentur.

182 1029 305 1067 Haud
326 1027 431 1066 enim
454 1027 595 1065 dubito
622 1026 653 1065 si
680 1027 786 1077 apud
809 1026 904 1065 alias
926 1039 1085 1076 quoque
1110 1027 1289 1064 nationes
1313 1038 1409 1075 pura
1430 1025 1574 1066 Christi

180 1082 319 1120 veritas
336 1082 431 1120 citra
447 1094 607 1120 omnem
625 1082 886 1119 humanarum
901 1080 1156 1119 traditionum
1170 1079 1453 1118 admixtionem
1469 1093 1576 1130 prae-

181 1136 386 1184 dicaretur,
402 1149 474 1174 nec
491 1135 714 1186 pontificiis,
732 1134 990 1185 imperatoriis
1010 1141 1077 1173 aut
1097 1133 1388 1185 episcopalibus
1409 1135 1575 1173 decretis

182 1190 437 1240 impediretur
451 1204 461 1237 ,·
491 1190 608 1228 etiam
631 1189 695 1237 illi,
714 1196 852 1239 utpote
873 1188 1107 1228 Christianis
1126 1187 1267 1226 animis
1288 1187 1464 1238 praediti,
1482 1187 1575 1227 veri-

181 1252 302 1283 tatem
327 1245 519 1294 recepturi
547 1251 585 1282 et
609 1244 782 1281 humana
808 1242 951 1292 placita
974 1242 1156 1289 relicturi,
1178 1241 1218 1280 in
1245 1254 1461 1292 eorumque
1490 1255 1574 1281 sen-

181 1298 356 1345 tentiam,
376 1298 442 1348 qui
460 1297 581 1336 divini
598 1297 705 1336 verbi
727 1297 843 1336 radiis
864 1296 1042 1335 illustrati
1063 1304 1164 1343 sunt,
1183 1296 1413 1335 consensuri
1429 1303 1572 1335 essent.

236 1355 356 1390 Porro
374 1365 474 1402 quae
491 1353 540 1390 de
557 1351 740 1391 Concilio
756 1352 855 1389 intra
871 1352 962 1389 anni
980 1350 1149 1401 spatium
1165 1350 1403 1389 celebrando
1420 1351 1458 1389 N
1462 1351 1574 1388 orim-

181 1407 322 1456 bergae
337 1408 557 1444 consultata
569 1418 654 1444 esse
668 1405 863 1452 dicuntur,
874 1418 954 1443 non
969 1406 1008 1442 in
1021 1404 1140 1442 alium
1156 1405 1274 1442 finem
1290 1403 1575 1442 mihividentur

180 1460 353 1510 confinoi
378 1473 495 1510 quam
527 1466 569 1498 ut
598 1459 765 1508 simplici
793 1460 909 1509 vulgo
938 1458 1126 1518 tantisper
1153 1457 1275 1496 divini
1301 1457 1410 1496 verbi
1434 1457 1573 1497 veritas

181 1514 458 1575 intercipiatur.
518 1515 621 1552 Nam
653 1520 690 1551 et
717 1525 790 1563 ego
817 1514 961 1551 nudius
988 1511 1123 1551 tertius
1145 1511 1406 1562 Norimberga
1428 1513 1573 1551 litteras

180 1568 326 1619 accepi,
349 1568 388 1606 in
419 1567 563 1618 quibus
592 1567 723 1617 aliqua
749 1568 911 1617 quidem
937 1567 1105 1606 Concilii
1126 1565 1276 1605 mentio
1298 1567 1351 1613 fit,
1374 1567 1443 1605 sed
1464 1579 1574 1604 num-

181 1622 277 1673 quid
298 1624 413 1673 plene
434 1623 484 1661 de
505 1623 580 1660 hoc
602 1628 789 1659 statutum
811 1629 878 1659 aut
899 1621 1101 1660 decretum
1122 1620 1180 1667 sit,
1204 1621 1385 1659 nondum
1405 1627 1570 1659 constat.

182 1676 394 1715 Pontifices
416 1678 533 1723 enim,
559 1674 735 1726 episcopi
762 1682 799 1714 et
826 1675 963 1725 reliqui
991 1674 1344 1713 ecclesiasticorum
1372 1681 1573 1724 magnates

181 1732 332 1769 nullum
366 1707 589 1770 Concilium
623 1729 679 1778 (in
714 1742 793 1779 quo
830 1742 926 1779 pura
957 1728 1080 1767 divini
1109 1728 1217 1767 verbi
1249 1727 1459 1766 auctoritas
1491 1729 1574 1766 sola

181 1785 323 1836 valeat)
356 1786 453 1823 ferre
484 1792 550 1822 aut
581 1783 788 1822 admittere
819 1790 996 1833 possunt.
1068 1784 1132 1821 Ad
1162 1783 1271 1829 haec,
1302 1781 1392 1820 licet
1425 1781 1465 1819 in
1497 1783 1572 1820 hoc

180 1851 318 1877 omnes
339 1837 551 1878 Christiani
572 1837 707 1897 populi
729 1850 870 1896 operae
890 1836 1196 1882 intenderentur,
1218 1849 1299 1874 non
1320 1843 1453 1874 tamen
1472 1835 1572 1874 effici

180 1900 323 1942 posset,
347 1900 389 1930 ut
418 1892 518 1930 intra
543 1891 636 1929 anni
667 1891 836 1941 spatium
866 1891 963 1929 illud
992 1890 1263 1929 celebraretur.
1323 1889 1573 1949 Impossibile

180 1946 285 1984 6111111
303 1953 414 1993 esset,
431 1953 473 1983 ut
494 1945 593 1983 intra
609 1953 687 1983 tam
705 1952 915 1995 angustum
932 1952 1086 1994 tempus
1107 1950 1351 1982 commeatus
1368 1943 1572 1993 victusque

179 2007 311 2038 tantae
332 1998 573 2037 multitudini
594 1998 790 2037 sufficiens
811 2000 1104 2036 conveheretur.
1164 1998 1242 2036 Sed
1260 2005 1302 2035 ut
1322 1998 1462 2036 demus
1483 1998 1570 2043 hoc,

180 2053 406 2093 Concilium
433 2052 648 2111 aliquando
671 2054 868 2090 futurum:
898 2051 993 2110 quid
1024 2051 1171 2089 interea
1199 2064 1290 2089 cum
1320 2050 1394 2088 illis
1424 2059 1569 2110 agetur,

179 2120 348 2158 quorum
369 2105 633 2145 conscientiae
663 2105 740 2143 iam
760 2118 866 2143 nunc
888 2104 983 2143 mire
1003 2105 1181 2143 turbatae
1201 2111 1291 2142 sunt
1312 2111 1350 2142 et
1368 2104 1570 2143 veritatem

179 2173 418 2211 cognoscere
439 2158 723 2198 studiosissime
739 2158 903 2208 cupiunt
918 2160 934 2197 P
977 2160 1041 2196 An
1057 2171 1149 2196 vero
1169 2157 1392 2197 sitibundae
1408 2157 1570 2197 istorum

180 2223 332 2254 mentes
362 2214 496 2253 divino
516 2213 637 2252 verbo
658 2212 886 2262 spoliandae
912 2219 949 2250 et
979 2211 1019 2249 in
1048 2211 1295 2251 dubitatione
1324 2218 1431 2250 tanta
1463 2213 1571 2251 dese-

179 2270 325 2308 rendae
346 2269 465 2306 sunt?
523 2269 629 2306 Num
650 2265 832 2304 humanis
852 2265 1128 2304 traditionibus
1148 2265 1231 2304 illas
1251 2265 1382 2304 terreri
1402 2272 1441 2304 et
1461 2265 1569 2304 omni

179 2322 319 2360 notitia
334 2322 412 2361 veri
429 2321 635 2360 destitutas
656 2321 716 2358 vel
737 2319 864 2358 vivere
879 2321 940 2358 vel
962 2319 1058 2358 mori
1080 2319 1382 2370 permittemus?
1423 2321 1570 2369 Magna

180 2378 367 2426 profecto,
390 2375 484 2413 mihi
506 2374 652 2414 credite
672 2375 816 2420 fratres,
839 2374 936 2411 haec
957 2385 1017 2411 res
1037 2380 1105 2412 est.
1166 2375 1275 2412 Deus
1300 2372 1417 2411 iudex
1437 2380 1569 2411 noster

179 2443 383 2479 nunquam
414 2429 509 2478 quid
539 2442 606 2478 per
635 2426 851 2478 pontifices,
882 2426 1088 2476 episcopos
1118 2433 1156 2464 et
1186 2426 1352 2465 concilia
1381 2433 1568 2465 statutum

343 2495 351 2511 ¹
381 2493 464 2524 ‘Die
479 2503 612 2534 grosseti
629 2492 762 2531 hausen,
780 2490 922 2522 bischoff
935 2491 999 2522 und
1018 2490 1314 2532 prelaten.'—-lbid.
1331 2490 1407 2531 496.
