1715 2780
101 99 150 138 75
531 91 589 128 IN
625 90 872 137 SWEDEN,
908 101 1063 139 1523*4
1426 94 1493 129 161

100 193 321 234 essentialia
342 195 379 233 S.
401 193 574 241 Coenae,
597 193 717 244 idque
739 194 816 232 fine
836 193 1008 244 pessimo
1030 194 1126 232 dum
1154 193 1184 232 is
1206 196 1375 234 corradit
1402 209 1498 246 opes

100 255 138 287 et
167 247 388 287 oblationes
418 247 604 299 plurimas
634 261 680 287 ex
709 261 829 298 opera
848 247 1053 286 sacrificuli
1076 248 1273 287 offerentis
1296 249 1497 289 Christum

99 303 138 341 in
179 301 304 341 Missa
342 316 412 353 pro
451 301 723 353 redemptione
762 302 905 341 mortui
936 302 975 340 in
1010 302 1235 353 purgatorio
1274 303 1497 343 existentis:

100 358 261 407 vultque
299 356 433 407 religio
480 356 671 407 papistica
710 358 812 396 hanc
852 356 1018 395 Missam
1058 356 1111 395 ita
1149 356 1368 396 iterandam
1412 371 1498 398 esse

98 410 198 450 sicut
231 410 363 461 augeri
401 410 543 462 poterit
579 410 759 461 pecunia,
789 410 895 449 iuxta
932 411 1137 450 facultates
1176 412 1385 458 demortui,
1427 426 1498 464 pro

99 465 372 516 redemptione
410 465 566 504 animae
599 465 693 512 eius,
726 466 971 504 numeranda
1001 464 1230 504 sacrificulo.
1289 467 1404 506 Haec
1434 480 1497 518 pe-

98 518 215 558 cunia
238 528 277 558 et
302 518 487 569 copiosae
514 519 735 558 oblationes
761 519 1030 558 minuerentur
1051 520 1147 558 fisco
1169 521 1301 571 Papae
1324 521 1441 559 Rom.
1465 522 1494 559 si

97 586 209 612 verus
231 586 323 612 usus
345 575 381 612 S.
406 574 567 614 Coenae
588 573 627 611 in
649 573 814 612 ecclesia
834 573 917 612 eius
938 581 1124 613 maneret.

151 626 374 678 Propositio
394 629 442 666 X.
500 629 609 667 Num
630 636 885 678 expectentur
905 641 1031 667 novae
1051 628 1316 679 apparitiones
1344 637 1495 680 praeter

97 694 161 721 eas
182 695 283 732 quae
304 683 343 720 in
366 681 504 720 Bibliis
524 682 748 721 habentur?

149 737 260 786 Resp.
296 737 352 774 D.
391 737 516 776 Galle.
588 737 867 776 Revelationes
902 750 1002 787 quae
1038 738 1137 775 fiunt
1167 744 1205 775 et
1234 738 1359 776 factae
1389 746 1495 786 sunt,

96 789 280 830 dicuntur
313 797 417 830 recte
451 790 735 841 patefactiones
756 798 995 830 secretorum
1036 791 1123 830 Dei.
1161 821 1168 829 .
1204 821 1210 828 .
1248 821 1255 829 .
1292 793 1494 843 Leguntur

96 844 227 894 itaque
257 846 404 884 multae
432 844 697 895 apparitiones
727 846 851 883 factae
881 846 931 884 ad
953 845 1232 884 revelationem
1253 854 1491 885 secretorum

97 898 182 937 Dei.
206 928 214 936 .
237 928 243 935 .
262 928 268 936 .
290 898 569 949 Apparitiones
585 898 720 949 paucis
737 912 940 938 recensere
960 913 1041 938 non
1063 912 1236 949 possum,
1253 901 1345 950 quia
1366 900 1493 939 indies

94 965 219 991 novae
266 952 452 991 visuntur.
528 953 772 1003 Augustinus
820 953 953 992 scribit
1001 953 1149 1004 Cyrillo
1193 954 1493 1005 archiepiscopo

95 1007 257 1046 Ierusol.
287 1007 460 1045 animam
491 1009 527 1046 S.
560 1007 796 1057 Hieronymi
827 1007 901 1046 sibi
934 1007 1162 1058 apparuisse
1197 1008 1261 1047 die
1300 1022 1380 1058 quo
1419 1009 1493 1048 dis-

92 1069 260 1100 cesserat
281 1074 456 1111 corpore.
515 1063 635 1099 Hanc
654 1061 941 1112 apparitionem
962 1075 1093 1100 veram
1115 1070 1152 1100 et
1173 1062 1348 1101 divinam
1374 1063 1493 1102 fuisse

94 1128 212 1154 nemo
246 1115 333 1165 pius
368 1115 550 1165 negabit3
588 1123 646 1154 est
680 1115 785 1154 enim
819 1115 1029 1154 auctoritas
1065 1115 1275 1166 Augustini
1306 1117 1492 1155 omnibus

94 1176 199 1208 nota.
248 1170 392 1208 Adhuc
413 1171 515 1208 facta
535 1176 593 1208 est
613 1169 805 1220 apparitio
826 1169 1021 1219 discipulo
1044 1169 1280 1220 Hieronymi
1303 1171 1489 1219 Eusebio,

93 1236 198 1262 anno
227 1231 316 1283 post
347 1231 512 1262 mortem
543 1223 658 1262 huius
688 1223 814 1271 tertio,
844 1225 940 1262 dum
971 1224 1102 1274 coepit
1137 1224 1308 1263 haeresis
1344 1238 1491 1275 negans

94 1277 383 1327 purgatorium.
429 1285 491 1316 .et
511 1277 718 1316 articulum
740 1277 951 1337 purgatorii
972 1279 1048 1316 hoc
1070 1279 1192 1317 modo
1213 1279 1490 1317 confirmatum

94 1332 299 1381 legimus..
355 1307 477 1370 .Hae
497 1333 762 1382 apparitiones
788 1332 881 1382 quia
903 1332 1143 1371 certissimae
1173 1340 1274 1379 sunt,
1298 1333 1388 1371 licet
1409 1347 1489 1371 non

94 1384 134 1423 in
172 1385 310 1425 Bibliis
348 1385 526 1436 scriptae,
566 1394 672 1436 patet
711 1386 805 1424 alias
843 1399 929 1425 esse
968 1387 1186 1426 credendas
1224 1386 1490 1437 apparitiones

93 1451 211 1489 quam
242 1439 424 1479 Biblicas.
483 1442 614 1479 Tanta
642 1448 700 1479 est
728 1440 939 1479 auctoritas
968 1440 1158 1480 ecclesiae
1194 1454 1295 1491 quae
1325 1442 1394 1480 has
1426 1455 1490 1492 ap-

93 1492 303 1543 paritiones
322 1501 502 1544 acceptat
521 1502 564 1533 ut
584 1495 704 1534 fidem
727 1494 959 1534 Christianis
984 1496 1178 1543 conciliet,
1202 1496 1359 1534 dicente
1386 1498 1487 1546 Aug.

93 1555 229 1587 contra
259 1549 381 1599 Epist.
412 1549 539 1587 Fund.
573 1561 604 1587 c.
639 1561 671 1598 5,
705 1548 944 1599 ‘Evangelio
975 1562 1053 1588 non
1084 1550 1297 1597 crederem,
1320 1549 1395 1588 nisi
1426 1564 1489 1589 me

94 1609 360 1642 commoveret
373 1603 562 1642 ecclesiae
574 1603 811 1641 auctoritas.⁷
827 1604 835 1622 ¹
869 1604 1079 1643 Concludo
1096 1602 1211 1653 igitur
1222 1603 1487 1654 apparitiones

93 1667 177 1695 esse
197 1657 413 1696 credendas
434 1670 535 1707 quae
555 1670 636 1696 non
657 1658 913 1696 adversantur
932 1657 1024 1696 fidei
1045 1664 1082 1696 et
1104 1656 1337 1707 Scripturae.
1360 1687 1368 1695 .
1392 1687 1399 1695 .
1423 1687 1430 1695 .

145 1710 330 1760 Exceptio
349 1712 410 1750 M.
432 1712 534 1750 Olai.
557 1742 564 1748 .
585 1740 591 1748 .
610 1742 617 1749 .
642 1711 819 1750 Ecclesia
841 1710 927 1758 Dei,
946 1711 986 1749 in
1006 1712 1186 1749 doctrina
1203 1712 1486 1761 Prophetarum

92 1769 129 1802 et
149 1765 430 1814 Apostolorum
451 1766 626 1812 fundata,
649 1778 729 1803 non
750 1765 899 1815 indiget
919 1764 1030 1804 novis
1049 1764 1372 1814 apparitionibus,
1396 1779 1486 1804 cum

92 1817 256 1857 sufficiat
284 1820 335 1857 ad
363 1818 629 1868 cognitionem
660 1818 794 1857 salutis
823 1819 952 1869 ipsum
982 1820 1195 1857 revelatum
1225 1831 1247 1857 a
1279 1820 1367 1858 Deo
1388 1827 1426 1858 et
1447 1819 1486 1857 in

93 1870 128 1909 S.
170 1871 367 1922 Scriptura
404 1872 590 1911 traditum
629 1873 804 1911 verbum.
836 1903 842 1910 .
883 1903 891 1911 .
933 1903 939 1910 .
977 1872 1193 1912 Concludit
1231 1872 1347 1923 igitur
1385 1873 1487 1912 bene

96 1925 145 1962 D.
178 1926 291 1965 Galle
321 1927 423 1965 solas
455 1939 520 1965 eas
554 1940 639 1965 esse
672 1926 923 1977 accipiendas
957 1926 1233 1977 apparitiones,
1269 1940 1370 1977 quae
1405 1941 1486 1965 non

92 1979 345 2019 adversantur
370 1980 491 2019 verbo
520 1980 595 2018 Dei
618 1993 664 2019 ac
692 1982 796 2019 fidei.
856 1982 940 2019 Iam
963 1980 1216 2019 inveniuntur
1236 1982 1276 2018 in
1297 1981 1485 2031 exemplis

92 2032 215 2072 allatis
244 2047 345 2084 quae
373 2034 494 2073 verbo
524 2035 598 2073 Dei
634 2034 853 2073 conformia
886 2048 965 2073 non
995 2043 1095 2073 sunt
1155 2034 1417 2073 Prohibemur
1445 2035 1484 2073 in

92 2086 210 2125 verbo
236 2087 312 2126 Dei
341 2089 458 2127 Deut.
481 2088 582 2126 xviii.
607 2086 695 2141 [11]
718 2101 904 2138 quaerere
930 2102 953 2126 a
982 2088 1146 2126 mortuis
1175 2088 1389 2127 veritatem.

93 2139 178 2178 Nec
193 2142 264 2180 fuit
279 2142 411 2180 anima
426 2143 463 2180 S
481 2143 715 2202 Hieronymi
732 2156 833 2192 quae
847 2142 989 2181 dicitur
1001 2142 1228 2192 apparuisse
1242 2119 1485 2192 Augustino,-

92 2205 171 2231 non
200 2194 304 2233 enim
334 2195 525 2246 promittit
557 2198 666 2234 Deus
695 2196 846 2234 animas
875 2196 1029 2245 piorum
1055 2209 1242 2246 apparere
1262 2196 1484 2235 viventibus

92 2246 131 2283 in
151 2248 257 2287 verbi
288 2249 363 2288 Dei
391 2257 664 2300 contemptum
682 2265 692 2297 3
729 2258 767 2289 et
796 2250 969 2300 quidem,
993 2250 1024 2288 si
1044 2251 1311 2300 purgatorium
1333 2250 1485 2289 dicatur

91 2300 272 2340 articulus
292 2304 396 2350 fidei,
418 2303 538 2343 debet
558 2303 693 2354 utique
714 2304 868 2354 probari
891 2305 926 2343 S.
944 2304 1141 2354 Scriptura
1161 2317 1230 2343 seu
1251 2305 1371 2343 verbo
1394 2304 1481 2350 Dei,

92 2365 171 2392 non
191 2363 322 2395 autem
344 2358 533 2396 miraculo
555 2359 590 2396 S.
615 2359 836 2408 Scripturae
856 2359 1063 2397 contrario.
1087 2389 1094 2396 .
1119 2390 1124 2396 .
1152 2389 1157 2395 .

145 2409 364 2459 Propositio
385 2412 457 2450 XI.
515 2414 578 2450 An
600 2411 787 2462 probetur
808 2412 1074 2462 purgatorium
1095 2426 1141 2451 ex
1162 2413 1199 2452 S.
1220 2412 1446 2461 Scriptura?

499 2481 507 2498 ¹
537 2482 661 2512 Contra
677 2482 767 2522 epist.
786 2482 991 2519 Manichaei,
1012 2483 1026 2518 ξ
1045 2482 1072 2512 (ι.

143 2537 205 2568 944
775 2537 803 2562 M
