1715 2780
220 92 296 130 524
543 77 769 123 CALVIN,
800 76 875 116 TO
908 77 1002 115 HIS
1034 76 1290 114 ARRIVAL
1530 78 1612 116 268

220 197 290 233 pro
311 180 407 220 virili
428 194 683 240 opponerem.
745 182 859 218 Haec
880 179 975 218 mihi
997 180 1176 218 edendae
1205 178 1468 218 Institutionis
1496 193 1614 218 causa

220 235 271 275 fui
264 243 313 275 ¹:t
342 234 511 286 primum
530 242 571 273 ut
587 235 638 273 ab
655 233 797 272 iniusta
818 234 1059 272 contumelia
1074 232 1314 272 vindicarem
1336 234 1468 272 fratres
1490 247 1610 280 meos,

219 304 387 341 quorum
410 303 513 328 mois
535 288 704 338 pretiosa
720 295 799 326 erat
817 289 854 325 in
872 295 1088 338 conspectu
1107 287 1295 326 Domini.
1316 287 1474 335 deinde,
1488 301 1611 337 quum

219 344 351 383 multis
377 343 526 382 miseris
553 344 693 381 eadem
721 344 909 380 instarent
931 340 1132 392 supplicia,
1156 355 1226 392 pro
1247 341 1320 380 illis
1342 342 1455 380 dolor
1475 343 1612 380 saltem

217 398 358 449 aliquis
391 406 429 436 et
462 396 687 436 sollicitudo
726 403 875 435 exteras
914 403 1050 446 gentes
1089 402 1274 446 tangeret.
1333 397 1476 445 Neque
1507 395 1612 434 enim

219 454 387 492 densum
415 453 492 490 hoc
519 459 557 489 et
583 449 823 489 laboriosum
852 463 951 501 opus
978 451 1094 500 quale
1122 463 1227 488 nune
1247 457 1383 498 exstat,
1406 450 1476 488 sed
1497 449 1614 488 breve

219 508 407 546 duntaxat
443 504 689 543 enchiridion
725 512 818 542 tunc
850 505 889 542 in
918 505 1047 543 lucem
1078 503 1234 554 prodiit,
1267 516 1396 553 neque
1425 504 1465 541 in
1493 503 1612 541 alium

221 562 340 600 finem
361 558 435 598 nisi
456 566 498 597 ut
519 566 658 598 testata
679 566 780 597 esset
801 571 937 597 eorum
960 559 1069 605 fides,
1088 571 1187 608 quos
1207 558 1392 597 videbam
1413 557 1463 596 ab
1485 556 1613 607 impiis

219 623 257 654 et
278 613 436 665 perfidis
457 612 727 652 adulatoribus
749 614 936 652 scelerate
957 613 1170 663 proscindi.

378 746 465 788 No.
490 746 599 798 269.
644 744 882 788 Nicholas
908 743 1029 798 Cop,
1052 744 1157 788 Oct.
1161 744 1313 787 —Nov.
1338 754 1457 797 1533.

276 826 334 878 (a)
363 827 478 865 From
508 839 532 862 a
563 827 670 863 letter
701 824 748 873 os
781 825 933 871 Calzm,
971 825 1050 863 end
1082 825 1125 862 of
1155 825 1244 863 Oct.
1287 835 1400 874 1533.
1407 846 1465 861 —.
1520 823 1615 861 ‚Ad

222 881 419 920 Calendas
448 880 653 927 Octobres,
676 892 756 929 quo
776 878 869 917 anni
890 886 1068 928 tempore
1092 877 1202 928 pueri
1223 878 1290 928 qui
1309 891 1332 916 a
1351 853 1615 928 grammaticis

221 936 271 974 ad
293 934 511 973 Dialectica
531 933 752 983 demigrant
773 946 951 971 exercere
973 946 1014 971 se
1033 931 1197 983 agendis
1214 931 1355 971 fabulis
1372 933 1511 979 solent,
1530 937 1616 970 acta

221 997 280 1028 est
312 990 351 1027 in
377 987 583 1038 gymnasio
611 989 807 1026 Navarrae
824 987 835 1007 ¹
865 986 999 1025 fabula
1028 987 1118 1025 felle
1146 994 1185 1026 et
1213 994 1338 1034 aceto,
1361 993 1404 1024 ut
1432 987 1486 1025 ait
1511 984 1600 1024 ille²
1605 1015 1613 1032 ‚

222 1044 431 1093 plusquam
446 1041 622 1080 mordaci
635 1054 857 1091 conspersa.
892 1042 1086 1079 Inductae
1100 1048 1191 1079 sunt
1205 1053 1396 1091 personae
1413 1055 1419 1079 :
1443 1039 1616 1090 Regina³

228 1096 467 1135 muliebriter
493 1097 627 1135 nendo
654 1095 816 1143 intenta,
843 1102 881 1134 et
907 1094 1005 1133 nihil
1030 1094 1138 1133 aliud
1164 1108 1283 1145 quam
1311 1096 1443 1133 colum
1464 1101 1502 1133 et
1522 1106 1615 1132 acus

224 1158 534 1189 tractans—tum
557 1151 753 1200 Megaera,
777 1162 856 1199 quo
884 1150 1045 1187 nomine
1065 1150 1116 1187 ad
1139 1145 1425 1201 M.[agistrum]
1447 1145 1617 1200 G.[erar-

224 1206 320 1244 dum
335 1203 363 1257 4]
402 1205 661 1251 alludebatur‚
698 1203 750 1242 illi
789 1204 892 1242 faces
931 1204 1160 1250 admovens,
1197 1210 1239 1241 ut
1276 1216 1369 1241 acus
1408 1209 1446 1241 et
1484 1202 1615 1241 colum

223 1258 420 1298 abiiceret.
482 1259 554 1298 Illa
573 1258 817 1308 aliquantum
840 1257 953 1296 reniti
973 1264 1010 1295 et
1031 1256 1220 1295 obluctari
1237 1272 1246 1304 3
1276 1256 1343 1295 ubi
1364 1269 1456 1295 vero
1477 1254 1616 1294 Furiae

224 1312 414 1359 cessisset,
440 1311 653 1362 Evangelia
674 1311 713 1350 in
734 1325 873 1350 manus
894 1310 1057 1361 accepit,
1081 1324 1127 1349 ex
1148 1310 1292 1361 quibus
1319 1309 1452 1349 omnia
1472 1309 1615 1360 quibus

223 1375 314 1405 ante
335 1367 568 1404 assuevisset
590 1374 627 1404 et
649 1379 774 1416 paene
795 1379 835 1404 se
858 1365 980 1415 ipsam
1003 1364 1233 1403 dedisceret.
1285 1366 1458 1403 Demum
1480 1362 1616 1402 extulit

224 1433 264 1459 56
285 1420 324 1458 111
346 1421 605 1470 tyrannidem,
629 1428 666 1458 et
687 1420 795 1457 omni
819 1432 961 1469 genere
990 1418 1172 1457 saevitiae
1193 1420 1354 1457 miseros
1375 1426 1414 1457 et
1434 1417 1614 1456 innoxios

223 1474 402 1513 vexavit.⁵
452 1475 579 1512 Multa
596 1473 790 1512 eiusmodi
808 1474 993 1523 figmenta
1013 1473 1260 1519 addiderunt,
1279 1471 1440 1523 indigna
1460 1484 1616 1522 prorsus

223 1542 269 1567 ca
294 1528 455 1566 muliere
477 1541 595 1577 quam
624 1540 704 1565 non
733 1528 894 1577 figurate
923 1540 995 1565 nec
1022 1527 1187 1565 obscure
1213 1525 1392 1565 convitiis
1423 1525 1501 1564 suis
1532 1538 1615 1576 pro-

224 1582 470 1621 scindebant.

279 1638 358 1676 Res
373 1636 412 1674 in
426 1635 575 1686 aliquot
590 1635 673 1674 dies
688 1648 894 1685 suppressa
910 1642 978 1682 est,
995 1641 1131 1685 postea
1147 1648 1238 1673 vero
1259 1664 1266 1672 .
1291 1664 1298 1672 .
1324 1664 1330 1671 .
1353 1634 1403 1672 ad
1421 1632 1614 1683 Reginam

224 1692 365 1729 delata.
423 1690 470 1727 R
463 1704 561 1728 isum
591 1697 649 1728 est
676 1688 792 1728 statui
820 1688 1034 1749 pessimum
1059 1689 1282 1739 exemplum
1304 1701 1439 1726 eorum
1460 1686 1615 1726 libidini

223 1744 290 1836 qui
311 1745 426 1783 rebus
452 1744 563 1782 novis
592 1743 755 1790 inhiant,
779 1742 809 1781 si
837 1742 1049 1793 impunitas
1070 1743 1227 1781 daretur
1248 1741 1339 1781 huic
1360 1740 1612 1792 improbitati.

286 1799 492 1848 Quando
523 1806 659 1836 auctor
692 1797 847 1836 sceleris
879 1796 1123 1856 deprehendi
1156 1810 1239 1835 non
1269 1803 1461 1846 potuerat,
1493 1793 1615 1845 proxi-

227 1866 334 1890 mum
370 1860 450 1912 erat
483 1853 532 1890 de
565 1851 609 1889 iis
639 1851 833 1901 inquirere
863 1850 941 1900 qui,
974 1864 1063 1889 cum
1095 1850 1302 1900 prohibere
1331 1855 1503 1900 possent,
1534 1862 1616 1900 per-

225 1905 454 1944 misissent&
542 1907 781 1944 .Hactenus
802 1906 851 1943 de
872 1904 1102 1943 comoediis.

277 1961 454 1997 Alterum
487 1960 636 1997 facinus
672 1960 881 1998 ediderunt
911 1957 1062 1997 factiosi
1093 1957 1254 2008 quidam
1287 1956 1460 2007 theologi
1488 1969 1615 2006 aeque

224 2013 450 2063 malignum,
492 2013 562 2051 etsi
602 2026 682 2051 non
722 2025 847 2062 usque
884 2014 985 2051 adeo
1027 2013 1165 2050 audax.
1242 2011 1345 2051 Cum
1389 2018 1615 2049 excuterent

222 2066 398 2105 officinas
427 2066 744 2116 bibliopolarum,
777 2066 953 2104 libellum
981 2066 1245 2113 vernaculum,
1273 2066 1383 2103 cuius
1413 2063 1615 2115 inscriptio

223 2122 421 2171 Speculmn
451 2121 604 2158 animae
623 2120 850 2170 peccatricis,
874 2121 1088 2158 retulerunt
1118 2118 1157 2156 in
1188 2131 1395 2157 numerum
1426 2117 1614 2157 librorum

270 2196 277 2213 ¹
304 2196 375 2226 The
392 2195 530 2236 College
547 2195 585 2226 of
598 2195 756 2233 Navaire,
775 2200 807 2225 at
824 2195 922 2225 I‘aris.
1196 2192 1208 2212 ²
1232 2195 1370 2231 Persius,
1388 2204 1417 2224 v.
1436 2193 1485 2224 86.

269 2240 279 2255 ³
304 2240 480 2280 Margaret,
502 2239 614 2279 Queen
632 2239 669 2269 of
682 2239 838 2269 Navarre.

266 2283 277 2301 ⁴
303 2283 428 2314 Gerard
446 2282 595 2314 Roussel.

265 2327 504 2367 5Insinuating
521 2326 591 2357 that
608 2325 661 2356 the
680 2325 791 2366 Queen
808 2324 873 2355 had
891 2325 969 2355 been
987 2322 1188 2373 responsible
1209 2322 1259 2354 for
1281 2321 1334 2353 the
1356 2322 1563 2354 banishment
1580 2322 1617 2353 of

222 2372 293 2401 tour
308 2370 441 2402 doctors
458 2371 494 2401 os
507 2369 562 2400 the
579 2369 748 2401 Sorbonne
766 2367 1002 2408 (Herminjard,
1022 2368 1067 2406 iii,
1084 2368 1165 2398 Nos
1185 2367 1352 2407 417,418,
1370 2366 1461 2407 422).

267 2413 375 2445 Β’1116
391 2413 630 2454 grand—master
648 2412 711 2443 and
729 2411 783 2443 the
802 2411 961 2453 principal
980 2411 1017 2441 of
1029 2410 1082 2441 the
1099 2410 1237 2450 College
1260 2410 1295 2441 01
1317 2390 1473 2441 N,ava1·.re
1521 2408 1614 2449 They

221 2467 302 2488 were
320 2457 400 2487 both
417 2462 475 2498 put
494 2457 592 2487 under
611 2455 768 2487 restraint.
