1715 2780
82 84 152 122 188
241 85 360 123 THE
393 84 811 125 DISPUTATIONS
843 86 916 123 AT
945 76 1178 133 71131611,
1216 97 1315 137 1523
1401 97 1476 135 417

81 199 168 226 mus
188 187 294 226 urbis
315 195 472 228 nostrae
491 195 649 228 senatus
671 189 791 228 fidem
812 201 923 228 suam
945 189 1054 228 fateri
1075 197 1113 228 et
1133 203 1316 237 asserere,
1333 198 1374 229 ut
1395 197 1477 229 tan-

79 241 172 280 dem
191 254 215 280 a
234 242 379 281 crebris
399 242 592 294 variisque
617 243 698 282 istis
719 243 898 294 querelis,
921 257 1023 294 quae
1047 257 1093 283 ex
1113 244 1475 284 concertationibus

79 294 308 335 huiusmodi
334 297 434 336 inter
453 299 617 337 clericos
638 297 754 336 simul
778 305 816 337 et
845 297 966 337 laicos
991 298 1128 337 exoriri
1159 300 1290 338 solent
1317 299 1475 350 quibus

78 362 156 399 que
176 349 253 389 iam
273 351 434 391 abunde
455 352 546 391 satis
567 352 767 403 defatigati
787 359 888 400 sunt,
912 353 1138 392 liberentur

77 465 165 510 No.
198 467 294 520 189.
361 468 516 512 From
547 468 636 512 the
667 468 804 516 First
834 468 1159 522 Disputation
1193 470 1248 513 at
1278 470 1474 523 zurich,

596 538 657 580 29
688 527 803 580 Jan.
835 539 955 581 1523.

127 618 187 655 Io.
207 618 335 656 Faber
358 618 531 657 Vicarius
553 619 884 657 Coma—Multis
905 620 1068 669 quidem
1089 620 1139 658 de
1161 632 1231 658 sua
1251 620 1474 660 calamitate

75 678 315 722 conquestus
345 673 540 711 confrater
572 685 682 711 meus
717 673 935 712 Huldricus
970 673 1171 723 Zuinglius
1211 687 1252 712 se
1291 682 1471 713 sanctum

75 725 332 776 Evangelium
355 726 395 764 in
408 726 597 777 Tigurina
616 727 782 766 66616513
802 727 960 778 publice
976 729 1270 766 annuntiavisse
1287 735 1450 767 testatur
1465 744 1474 777 ;

74 793 147 818 nec
176 780 317 819 dubito
346 780 442 831 quin
473 782 549 820 hoc
578 781 628 820 ab
659 781 745 832 ipso
775 781 1004 832 praestitum
1035 781 1096 821 sit.
1157 782 1256 831 Quis
1286 782 1392 821 enim
1420 785 1471 822 ad

74 834 182 873 verbi
221 834 481 874 ministerium
515 849 538 874 a
573 837 662 875 Deo
692 835 895 874 ordinatus
936 835 1139 886 Evangelii
1174 837 1395 875 doctrinam
1435 845 1473 877 et

73 887 250 927 divinum
273 891 441 928 Paulum
467 903 549 928 non
570 890 677 928 bona
707 891 785 929 fide
814 891 1045 940 praedicet?
1101 891 1207 929 Nam
1232 898 1270 929 et
1300 904 1373 941 ego
1393 891 1472 929 ani-

74 956 225 982 marum
247 951 390 994 pastor,
414 943 599 995 indignus
615 943 787 991 forsitan,
807 944 1043 983 constitutus
1061 957 1160 991 sum,
1179 952 1218 983 et
1239 958 1350 983 meae
1367 945 1473 984 insti-

72 997 213 1036 tutioni
235 1005 273 1036 et
294 1011 409 1037 curae
439 998 671 1037 6011111115535
698 1012 779 1037 11011
806 998 913 1038 aliud
937 998 1011 1037 nisi
1039 998 1244 1049 Evangelii
1265 999 1469 1038 veritatem

71 1052 203 1090 adhuc
232 1053 351 1091 docui
379 1051 509 1104 (cuius
536 1052 590 1091 rei
617 1060 737 1092 testes
764 1054 987 1102 complures
1016 1053 1236 1103 producere
1265 1054 1469 1112 possem)·
1459 1086 1469 1102 ,

72 1119 146 1144 nec
166 1105 206 1143 in
227 1114 428 1156 posterum
450 1106 566 1145 huius
587 1106 871 1167 praedicationi
891 1108 1096 1146 defuturus
1118 1120 1216 1154 sum,
1236 1120 1310 1145 nisi
1335 1108 1472 1146 Domi-

71 1172 144 1198 nus
164 1161 275 1199 Deus
295 1160 378 1199 aliis
399 1160 574 1211 episcopi
592 1161 669 1200 mei
686 1160 851 1221 negotiis
868 1174 931 1200 me
948 1161 1166 1200 involverit.
1209 1138 1470 1211 ’Evangelium

10 1251 11 1263 ζ
71 1213 188 1262 6111111,
210 1221 253 1253 ut
274 1216 418 1254 Paulus
440 1214 587 1254 Rom.
577 1229 599 1253 1.
628 1218 673 1253 16
695 1215 837 1265 inquit,
855 1216 1033 1265 potentia
1054 1214 1131 1254 Dei
1151 1222 1210 1254 est
1229 1216 1281 1253 ad
1302 1216 1468 1254 salutem

71 1268 181 1307 omni
193 1269 379 1308 credenti.
423 1271 544 1308 Porro
558 1283 680 1319 quum
695 1269 896 1319 Zuinglius
914 1282 955 1308 se
968 1283 991 1308 a
1007 1268 1139 1307 multis
1156 1281 1205 1308 eo
1219 1269 1381 1308 nomine
1398 1277 1469 1308 tra-

71 1322 163 1361 duci
176 1330 214 1361 et
230 1323 464 1373 reprehendi
481 1323 697 1373 quiritetur,
716 1324 825 1374 quod
841 1323 1043 1362 veritatem
1062 1323 1191 1361 minus
1213 1323 1381 1362 fideliter
1397 1331 1469 1362 tra-

70 1376 224 1424 diderit,
243 1385 281 1416 et
301 1391 343 1416 se
364 1377 456 1417 fidei
478 1385 516 1416 et
541 1377 744 1416 doctrinae
765 1391 859 1416 51136
880 1377 1073 1417 rationem
1094 1376 1254 1428 publice
1276 1378 1470 1416 Constan-

70 1430 147 1469 tiae
171 1444 331 1482 quoque
351 1431 596 1471 redditurum
618 1445 702 1471 esse
723 1432 947 1492 promittat:
975 1445 1056 1470 non
1077 1431 1184 1470 aliud
1205 1445 1278 1481 ego
1303 1431 1465 1491 quidem

69 1486 308 1535 respondere
330 1499 492 1536 possum
519 1499 638 1536 quam
659 1500 733 1533 me,
754 1485 785 1524 si
810 1487 972 1536 quando
1002 1485 1278 1525 Constantiam
1304 1485 1464 1533 veniret,

69 1552 188 1578 omne
207 1539 323 1578 amici
345 1541 549 1579 officium'
540 1554 579 1578 m
604 1541 714 1578 illum
744 1553 817 1579 ceu
843 1539 1016 1579 amicum
1043 1547 1081 1579 et
1102 1539 1311 1578 dominum
1332 1552 1466 1578 meum

67 1594 301 1632 collaturum
331 1607 444 1654 esse3
481 1594 563 1633 imo
592 1608 673 1633 non
704 1601 746 1633 ut
775 1594 947 1633 amicum
978 1595 1048 1633 sed
1077 1602 1119 1632 ut
1147 1595 1303 1632 fratrem
1331 1601 1468 1632 tracta-

67 1654 223 1696 turum3
257 1649 365 1698 quod
391 1648 521 1708 ipsum
548 1648 664 1687 nobis
691 1662 730 1687 re
751 1661 840 1687 vera
864 1648 970 1687 credi
995 1649 1185 1687 volumus.
1247 1649 1462 1695 Praeterea,

67 1714 132 1739 me
145 1714 396 1752 nequaquam
411 1702 450 1739 in
468 1703 544 1741 hoc
557 1702 710 1740 venisse
727 1709 858 1749 testor,
877 1710 918 1740 ut
937 1701 1215 1751 Evangelicam
1232 1708 1270 1739 et
1283 1701 1467 1751 apostoli-

67 1767 154 1792 cam
174 1756 394 1794 doctrinam
415 1755 546 1805 aliqua
562 1770 607 1795 ex
624 1764 731 1806 parte
748 1769 986 1806 oppugnem,
1005 1757 1075 1794 sed
1092 1763 1133 1793 ut
1154 1768 1221 1793 eos
1242 1755 1309 1804 qui
1328 1762 1464 1794 contra

66 1821 154 1847 eam
183 1809 333 1860 aliquid
359 1811 420 1848 vel
450 1809 630 1848 dixerunt
659 1811 719 1848 vel
750 1810 893 1848 dixisse
923 1811 1107 1857 feruntur,
1136 1809 1322 1847 audiam.
1355 1816 1392 1847 et
1422 1817 1464 1847 ut

67 1862 230 1902 dissidia
262 1864 293 1901 si
325 1876 426 1913 quae
458 1863 558 1902 inter
588 1863 674 1902 illos
707 1871 840 1902 exorta
878 1871 968 1902 sunt
1003 1863 1129 1902 amice
1160 1870 1461 1913 componantur,

67 1917 208 1956 adsum
229 1930 310 1967 quo
334 1919 467 1956 omnia
494 1919 591 1957 haec
621 1931 700 1956 non
725 1919 775 1956 ad
804 1917 1039 1957 seditionem
1068 1926 1105 1956 et
1133 1917 1370 1956 discordiam
1393 1919 1464 1956 sed

67 1971 117 2009 ad
142 1970 342 2020 publicam
371 1985 511 2021 pacem
541 1972 764 2010 referantur.
825 1972 1084 2022 Evangelium
1113 1971 1218 2010 enirn
1244 1979 1282 2010 et
1307 1970 1463 2009 divinus

67 2025 211 2063 Paulus
231 2038 277 2064 ea
296 2027 424 2064 solum
445 2027 592 2064 docent
613 2039 714 2076 quae
729 2025 890 2076 gratiam
913 2034 951 2065 et
971 2039 1122 2076 pacem,
1145 2038 1226 2064 non
1247 2025 1462 2064 seditiones

63 2085 101 2116 et
122 2079 254 2118 turbas
274 2079 440 2130 pariunt.

121 2133 242 2181 Quod
263 2133 294 2172 si
314 2147 406 2173 vero
426 2141 563 2172 contra
583 2141 731 2172 veteres
753 2133 847 2172 ritus
872 2141 910 2172 et
940 2135 1057 2183 longa
1077 2135 1291 2171 multorum
1312 2139 1462 2181 tempo-

64 2198 150 2224 rum
171 2188 268 2226 serie
287 2188 339 2226 ad
355 2201 427 2226 nos
447 2200 572 2238 usque
592 2189 802 2237 perductas
828 2189 1072 2226 ceremonias
1093 2195 1131 2226 et
1151 2185 1460 2225 consuetudines

65 2251 238 2289 pugnare
251 2240 338 2290 quis
351 2241 527 2288 voluerit,
544 2243 672 2291 palam
687 2249 725 2280 et
741 2241 922 2291 ingenue,
937 2255 1009 2280 ceu
1026 2243 1072 2279 R.
1094 2243 1140 2279 D.
1158 2242 1365 2280 Constant.
1383 2240 1462 2288 epi-

64 2295 173 2343 scopi
193 2295 356 2344 legatus,
371 2296 494 2334 fateor
515 2308 578 2334 me
598 2296 648 2334 de
668 2295 728 2334 his
749 2295 892 2334 talibus
913 2295 953 2333 in
969 2297 1042 2334 hac
1059 2295 1156 2333 urbe
1172 2301 1297 2333 vestra
1311 2294 1459 2331 nullam

64 2359 220 2396 prorsus
241 2347 549 2398 disputationem
570 2348 846 2388 inchoatururn
868 2362 964 2388 esse.
1015 2351 1220 2398 Quantum
1249 2346 1354 2386 enirn
1376 2346 1460 2396 ipse

64 2399 198 2439 videre
212 2414 385 2451 possum,
401 2402 624 2442 istiusmodi
643 2416 703 2442 res
719 2416 851 2442 coram
869 2403 1040 2453 generali
1057 2401 1235 2441 omnium
1253 2400 1457 2438 nationum

64 2461 180 2492 coetu
199 2463 266 2493 aut
286 2455 492 2495 universali
508 2456 687 2495 omnium
704 2456 980 2507 episcoporum
997 2464 1034 2495 et
1051 2457 1273 2502 doctorum,
1289 2467 1458 2507 quorum

116 2523 182 2556 944
735 2522 758 2547 E
778 2523 800 2548 e
