1715 2780
123 128 210 174 269
539 127 599 164 ΙΝ
630 126 872 172 GENEVA,
913 129 1092 175 1509—36
1444 138 1516 176 525

122 239 144 264 a
173 238 341 276 quorum
372 224 542 263 lectione
572 224 823 263 interdictum
854 225 1008 263 vellent.
1071 224 1232 274 Regina,
1257 224 1324 262 ubi
1353 224 1517 272 rescivit,

123 286 262 330 questa
291 286 348 317 est
377 280 483 329 apud
511 280 666 317 fratrem
697 280 859 329 Regem,
896 279 1071 329 professa
1102 291 1143 317 se
1173 285 1388 317 auctorem.
1448 280 1519 317 Ille

122 347 191 384 per
219 333 365 372 litteras
396 332 587 383 magistris
618 332 858 372 Academiae
890 332 1117 371 Parisiensis
1147 332 1351 383 imperavit
1379 341 1420 371 ut
1446 333 1519 371 sibi

122 387 387 439 significarent
416 401 467 426 an
497 386 638 426 librum
670 389 958 426 recensuissent
988 386 1027 425 in
1058 400 1223 425 numero
1253 400 1389 425 eorum
1419 400 1519 437 quos

122 441 364 481 iudicassent
397 441 642 492 improbatae
676 441 898 492 religionis,
941 443 1049 492 quod
1084 441 1115 480 si
1151 442 1203 480 ita
1237 442 1411 489 haberet,
1444 441 1518 480 sibi

122 495 314 535 rationem
341 497 400 534 sui
431 495 565 534 iudicii
594 497 816 535 redderent.

179 552 241 589 De
262 563 308 589 ea
329 563 370 589 re
398 549 587 589 Nicolaus
618 550 754 601 Copus
786 549 962 588 medicus
992 563 1098 588 nunc
1129 551 1288 597 Rector‚
1309 549 1439 588 retulit
1468 550 1519 588 ad

123 612 308 656 quattuor
345 603 499 643 Artium
540 604 726 654 Collegia,
770 603 1008 651 Medicinae,
1056 603 1345 654 Philosophiae,
1388 604 1517 643 Theo-

122 658 259 710 logiae,
292 658 392 697 Iuris
428 657 634 698 Canonici.
693 659 813 708 Apud
847 658 1052 708 magistros
1086 657 1252 705 Artium,
1287 657 1387 697 inter
1417 671 1518 708 quos

122 714 255 752 locum
271 711 431 751 dicendi
448 712 616 763 primum
634 712 783 760 habuit,
802 714 919 762 longa
936 720 972 751 et
988 712 1131 751 acerba
1147 712 1325 751 oratione
1340 712 1518 751 invectus

124 774 181 806 est
197 766 237 805 in
254 780 389 806 eorum
407 765 665 805 temeritatem
681 766 749 816 qui
766 766 838 805 sibi
856 766 896 805 id
912 766 1004 804 iuris
1021 766 1060 804 in
1076 766 1321 806 maiestatem
1340 766 1517 817 Reginae

123 828 387 871 usurpassent.
449 820 645 859 Dissuasit
675 834 725 860 ne
760 834 800 859 se
835 820 1102 859 immiscerent
1134 828 1244 859 tanto
1276 820 1491 859 discrimini
1508 835 1517 868 3

123 889 173 914 ne
212 876 330 926 Regis
369 875 464 913 iram
504 874 667 925 experiri
706 876 850 913 vellent
869 889 878 922 3
918 888 968 913 ne
1007 874 1047 912 in
1087 874 1294 925 Reginam,
1328 874 1514 913 virtutum

124 929 301 968 omnium
342 936 380 968 et
418 929 611 967 bonarum
655 928 869 968 litterarum
920 936 1096 975 matrem,
1136 942 1244 966 arma
1292 936 1516 977 sumerent;

123 991 324 1034 postremo
358 996 419 1030 ne,
453 984 554 1022 hanc
588 984 746 1033 culpam
786 984 825 1020 in
865 996 905 1021 se
940 982 1184 1032 recipientes,
1221 982 1515 1032 improbitatem

122 1051 260 1077 eorum
279 1039 428 1076 alerent
449 1037 517 1087 qui
537 1037 660 1088 parati
681 1045 771 1075 sunt
792 1036 948 1087 quidvis
970 1050 1125 1087 semper
1144 1036 1302 1087 aggredi
1319 1037 1392 1075 sub
1409 1050 1515 1087 prae-

122 1099 230 1131 textu
257 1091 373 1130 huius
403 1090 586 1138 nominis,
610 1099 651 1130 ut
679 1093 812 1130 dicant
840 1091 1097 1130 Academiam
1126 1091 1263 1129 fecisse
1291 1092 1400 1141 quod
1428 1090 1513 1141 ipsi,

122 1145 271 1184 iniussu
294 1146 546 1192 Academiae,
564 1153 799 1196 perpetrant.
843 1145 1036 1184 Omnium
1057 1145 1251 1184 sententia
1266 1145 1350 1192 fuit,
1368 1146 1514 1183 factum

123 1200 396 1239 abiurandum.
433 1200 545 1238 Idem
561 1208 798 1238 censuerunt
815 1199 1020 1250 Theologi‚
1039 1198 1244 1246 Canonici,
1263 1198 1424 1238 Medici.
1447 1229 1455 1237 .
1479 1230 1486 1238 .
1505 1230 1512 1238 .

178 1255 314 1305 Copus
340 1255 487 1293 Rector
513 1253 786 1304 pronunciavit
811 1255 1069 1292 Academiam
1092 1267 1173 1292 non
1193 1266 1406 1304 agnoscere
1427 1266 1515 1292 cen-

122 1321 251 1347 suram
279 1307 396 1356 illam,
419 1307 544 1358 qualis
565 1307 690 1358 qualis
712 1307 848 1347 fuisset
866 1323 875 1355 3
904 1308 1013 1357 quod
1034 1307 1188 1346 libellus
1213 1307 1386 1346 censitus
1413 1315 1515 1346 esset

123 1361 163 1400 in
186 1361 292 1401 libris
318 1370 385 1401 aut
412 1362 608 1401 damnatis
634 1370 701 1400 aut
728 1361 931 1412 suspectis,
956 1375 1036 1400 non
1064 1361 1230 1412 probare
1258 1374 1388 1411 neque
1412 1361 1451 1399 in
1474 1375 1514 1400 se

123 1415 306 1467 recipere.
365 1415 556 1455 Viderent
585 1416 652 1466 qui
683 1416 722 1455 id
752 1415 936 1455 fecissent
966 1429 1043 1466 qua
1074 1415 1223 1454 ratione
1249 1429 1289 1454 se
1315 1416 1513 1455 defensuri

121 1477 253 1509 essent
268 1485 278 1518 5
306 1477 458 1521 paratas
478 1471 561 1509 fore
581 1478 758 1522 tempore
777 1470 922 1509 litteras
943 1469 1087 1520 quibus
1109 1483 1150 1508 se
1171 1471 1388 1509 Academia
1413 1469 1513 1520 Regi

123 1532 336 1573 excusaret,
356 1532 486 1575 ageret
516 1524 633 1563 etiam
663 1524 815 1575 gratias,
842 1525 951 1574 quod
978 1537 1019 1563 se
1046 1532 1125 1562 tam
1152 1523 1323 1574 benigne
1350 1532 1514 1574 paterno

122 1591 231 1618 more
250 1580 537 1629 compellasset.
559 1609 567 1618 .
593 1610 600 1617 .
623 1610 631 1618 .

177 1632 232 1684 (b)
262 1634 378 1671 From
412 1633 473 1671 lzis
506 1634 722 1682 inaugural
745 1634 902 1670 address
917 1634 940 1680 ¹,
974 1646 987 1670 1
1019 1632 1293 1671 Nov.—-Beati
1325 1645 1515 1682 pauperes

122 1685 272 1736 spiritu,
301 1688 443 1725 Matth.
475 1699 508 1737 5.
568 1686 767 1737 Principio
797 1686 884 1736 quis
915 1686 962 1724 sit
993 1685 1108 1724 huius
1137 1685 1327 1736 evangelii
1358 1699 1513 1736 scopus,

122 1753 168 1779 ac
198 1753 278 1790 quo
307 1740 442 1779 omnia
474 1740 605 1780 referri
635 1740 822 1787 debeant,
851 1740 1057 1790 diligenter
1085 1748 1144 1778 est
1174 1739 1515 1790 investigandum:

123 1795 232 1844 quod
253 1807 299 1833 ex
319 1794 509 1845 evangelii
530 1801 568 1833 et
592 1795 687 1844 legis
714 1793 990 1844 descriptione,
1013 1793 1159 1832 deinde
1186 1793 1389 1844 utriusque
1416 1793 1516 1832 inter

123 1861 164 1886 se
197 1847 407 1888 collatione
441 1849 554 1887 facile
589 1849 835 1898 intelligetur.
896 1850 999 1897 Ergo
1029 1849 1264 1897 evangelium
1297 1849 1434 1886 bonum
1464 1854 1519 1886 est

124 1903 304 1940 nuncium
328 1908 364 1940 et
383 1902 587 1951 salutifera
612 1903 655 1939 de
687 1903 840 1940 Christo
860 1902 1108 1952 praedicatio,
1130 1903 1234 1951 qnod
1249 1915 1273 1939 α
1293 1903 1379 1939 Deo
1399 1908 1516 1952 patre

123 1957 259 1994 missus
283 1957 344 2004 sit,
366 1963 411 1994 ut
437 1957 609 1994 omnibus
635 1962 738 2005 opem
755 1956 877 2005 ferat,
909 1962 944 1994 et
969 1957 1090 1994 vitam
1120 1962 1313 1994 aeternam
1340 1957 1513 1994 conciliet.

122 2011 207 2048 Lex
234 2011 446 2060 praeceptis
482 2011 704 2056 continetur,
746 2011 930 2057 minatur,
973 2016 1090 2059 urget,
1131 2011 1280 2048 millam
1316 2011 1518 2060 pollicetur

122 2065 424 2103 benevolentiam.
473 2065 733 2114 Evangelium
755 2065 873 2103 nullis
893 2065 1007 2102 minis
1022 2065 1112 2113 agit,
1136 2078 1211 2102 non
1232 2065 1395 2113 impellit
1404 2070 1517 2114 prae-

119 2119 241 2167 ceptis,
272 2131 461 2157 summam
489 2119 572 2156 Dei
597 2131 685 2168 erga
714 2131 781 2156 nos
807 2119 1100 2157 benevolentiam
1126 2119 1235 2156 docet.
1294 2118 1374 2166 Qui
1402 2118 1516 2168 igitur

124 2184 219 2221 pure
246 2179 284 2210 et
310 2173 460 2211 sincere
490 2172 736 2222 evangelium
767 2171 1009 2223 interpretari
1038 2173 1154 2219 volet,
1177 2171 1311 2210 omnia
1335 2172 1385 2209 ad
1411 2184 1515 2221 prae-

123 2224 247 2264 dictas
286 2225 412 2276 exigat
450 2225 746 2276 descriptiones.
817 2227 948 2275 Quam
989 2227 1182 2264 tractandi
1221 2225 1413 2264 rationem
1448 2226 1514 2275 qui

122 2292 205 2317 non
234 2288 463 2330 sequuntur,
487 2294 690 2330 nunquam
720 2281 811 2318 satis
839 2279 1000 2318 feliciter
1028 2279 1066 2318 in
1093 2279 1237 2319 Christi
1264 2278 1515 2328 philosophia

123 2334 390 2372 versabuntur.
413 2364 421 2372 .
444 2365 451 2372 .
476 2365 483 2372 .

167 2424 177 2441 ¹
200 2424 272 2456 The
288 2430 453 2457 sentences
465 2426 497 2456 in
510 2425 617 2457 italics
630 2436 682 2456 are
696 2425 814 2457 almost
825 2426 984 2456 verbatim
997 2426 1078 2456 from
1092 2435 1153 2457 one
1166 2425 1202 2456 of
1213 2425 1361 2456 Luther's
1373 2435 1517 2457 sermons

122 2467 160 2498 of
175 2476 266 2508 1522.
313 2468 363 2500 Cf.
385 2470 512 2509 August
529 2469 633 2509 Lang,
653 2469 719 2500 Die
737 2469 939 2509 Bckelzrung
954 2469 1102 2508 Calvins,
1122 2478 1164 2509 49
1180 2479 1209 2500 n.
1230 2478 1257 2507 1,
1272 2468 1378 2501 where
1396 2469 1517 2501 Luther

122 2511 185 2542 and
204 2511 278 2553 Cop
295 2521 348 2543 are
365 2512 481 2554 placed
497 2511 566 2544 sicle
585 2512 628 2553 by
644 2512 721 2544 side.
