1715 2780
170 98 246 131 204
434 81 554 119 THE
593 76 1027 118 ORGANIZATION
1069 76 1139 114 OF
1178 75 1297 112 THE
1503 72 1563 121 96

169 187 367 226 iuberetur
383 193 535 224 tantum
552 197 651 234 opus
672 182 841 233 aggredi,
860 180 1053 220 submisse
1069 179 1253 230 petiimus
1268 192 1291 217 a
1306 176 1563 218 Serenissimo

172 243 364 288 Electore,
389 240 570 278 Iohanne
590 237 783 276 Saxoniae
806 237 929 283 Duce,
954 233 1135 284 Principe
1154 233 1323 283 regionis
1342 230 1563 270 indubitate

169 309 191 334 a
214 297 302 334 Deo
322 293 549 340 constituto,
575 291 665 330 licet
685 293 770 341 lege
791 291 965 328 humana
983 289 1034 327 ad
1055 287 1095 327 id
1116 301 1197 326 non
1218 286 1422 337 obligetur,
1448 292 1490 323 ut
1517 297 1563 323 ex

170 350 359 387 charitate
379 347 604 388 Christiana
623 353 662 384 et
682 352 840 396 propter
864 345 1008 390 Deum,
1033 340 1236 392 Evangelii
1256 348 1295 380 et
1314 338 1449 379 salutis
1475 339 1563 377 sub-

170 403 342 442 ditorum
355 415 489 440 curam
505 399 730 449 susciperet,
745 406 783 437 et
803 410 938 448 graves
952 397 1148 447 quosdam
1168 395 1270 434 viros
1290 395 1342 434 ad
1358 394 1434 432 hoc
1450 405 1565 443 nego-

172 459 269 496 tium
291 457 497 507 delegaret.
541 453 674 492 Petitis
695 452 833 491 annuit
855 451 1052 501 Princeps,
1072 457 1110 489 et
1132 450 1354 488 Iohannem
1373 461 1397 486 a
1417 447 1566 486 Planitz

174 511 372 562 Equitem,
404 509 695 558 Hieronymum
729 506 952 545 Schurfium
983 504 1325 550 Iurisconsultum,
1356 503 1565 541 Erasmum

172 567 222 604 ab
245 563 451 614 Haugwitz
465 563 554 613 (hos
569 574 712 611 nempe
732 562 771 598 in
787 558 1015 610 Thuringia,
1037 559 1134 597 alios
1154 557 1194 596 in
1209 556 1293 596 aliis
1309 554 1567 605 districtibus)

173 628 211 658 et
233 621 289 657 M.
314 618 539 668 Philippum
562 615 916 654 Melanchthonem
938 613 1133 652 mandatis
1155 610 1344 650 instruxit.
1371 641 1378 649 .
1401 641 1408 648 .
1431 639 1440 648 .

230 671 282 725 [p.
304 684 348 722 15
359 670 398 724 1]
416 670 520 720 Quia
533 670 714 709 diabolus
728 668 861 707 divina
877 681 996 718 opera
1012 680 1091 705 non
1113 673 1241 716 potest
1256 664 1442 703 inviolata
1457 662 1568 701 relin-

173 740 304 777 quere,
327 728 404 764 iam
431 739 499 775 per
520 723 700 762 inimicos
730 729 884 761 nostros
909 723 1031 760 multa
1056 720 1096 758 in
1123 721 1302 758 instituto
1329 720 1404 757 hoc
1434 724 1568 755 nostro

174 781 353 832 sugillare
367 778 496 829 coepit
509 778 562 816 ita
578 777 788 828 utquidam
801 777 1014 826 glorientur
1027 773 1268 825 poenituisse
1280 786 1352 811 nos
1365 772 1568 812 doctrinae

174 843 330 873 nostrae
345 842 383 873 et
399 833 566 883 plurima
582 838 809 870 retractasse
826 830 992 879 (utinam
1012 829 1133 867 modo
1149 827 1221 878 ipsi
1236 827 1290 865 ita
1304 823 1570 875 revocarent>3

174 889 289 939 igitur
325 886 480 927 decrevi
510 885 644 925 omnia
672 898 774 935 quae
803 883 1018 922 visitatores
1048 889 1210 933 egerunt
1242 889 1281 920 et
1312 879 1569 920 Serenissimo

177 942 346 982 Electori
373 943 413 979 in
440 940 591 990 scriptis
616 939 888 985 exhibuerunt,
911 938 961 976 ab
988 936 1081 987 ipsis
1105 935 1312 986 diligenter
1337 935 1502 973 collecta
1532 939 1570 970 et

175 998 226 1035 ad
247 1010 310 1034 me
332 997 459 1042 missa,
482 993 581 1044 typis
602 993 813 1043 publicare,
830 999 871 1030 ut
892 991 1077 1030 omnibus
1097 997 1252 1028 constet
1265 1002 1338 1027 nos
1357 987 1455 1026 nihil
1468 988 1570 1025 clan-

176 1052 309 1090 culum
329 1063 442 1100 agere
463 1050 532 1087 sed
554 1049 593 1086 in
614 1049 741 1086 lucem
763 1048 886 1084 laetos
906 1044 1072 1096 prodire.
1123 1045 1216 1083 Non
1236 1042 1390 1082 edimus
1410 1043 1508 1080 haec
1528 1047 1570 1078 ut

177 1111 384 1155 praecepta
410 1103 580 1153 rigorosa
607 1114 680 1139 nec
702 1099 910 1139 Pontificia
935 1100 1092 1138 decreta
1118 1099 1252 1137 denuo
1278 1095 1471 1143 cudimus,
1500 1095 1570 1133 sed

177 1157 361 1197 historica
385 1164 423 1196 et
449 1164 535 1195 acta
562 1154 763 1194 referimus
784 1162 821 1193 et
845 1152 1135 1192 confessionem
1163 1158 1201 1191 et
1227 1151 1450 1201 symbolum
1479 1147 1570 1187 fidei

177 1220 343 1251 nostrae.
404 1213 613 1261 Speramus
643 1217 776 1247 tamen
803 1221 942 1246 omnes
970 1206 1056 1257 pios
1085 1213 1123 1245 et
1153 1206 1355 1244 modestos
1384 1203 1571 1254 pacisque

178 1267 375 1305 studiosos
409 1272 596 1315 pastores,
629 1262 772 1312 quibus
806 1275 851 1299 ex
882 1260 1155 1300 admonitione
1188 1258 1300 1305 Pauli
1327 1257 1445 1308 (Phil.
1468 1256 1504 1294 ii.
1533 1256 1571 1306 2)

179 1319 416 1358 unanimitas
450 1317 652 1356 doctrinae
686 1316 934 1365 evangelicae
964 1314 1072 1353 cordi
1103 1320 1172 1360 est,
1204 1312 1403 1363 agnituros
1437 1324 1569 1349 curam

182 1373 371 1424 Principis
392 1372 512 1410 nostri
535 1378 787 1419 nostramque
815 1368 1043 1407 charitatem
1064 1375 1102 1406 et
1122 1368 1269 1406 bonam
1297 1365 1569 1411 intentionem,

180 1441 309 1478 neque
330 1440 416 1465 eam
439 1425 606 1476 superbe
628 1430 925 1473 contempturos
942 1423 1012 1460 sed
1028 1420 1158 1472 potius
1175 1433 1222 1459 ex
1241 1419 1358 1470 genio
1374 1417 1571 1457 charitatis

180 1488 320 1532 sponte
338 1487 539 1519 secuturos
561 1491 657 1524 esse,
680 1479 808 1516 donec
831 1477 989 1514 meliora
1010 1475 1173 1525 Spiritus
1201 1476 1367 1514 Sanctus
1394 1485 1461 1523 per
1486 1472 1572 1510 illos

180 1544 246 1574 aut
268 1548 338 1574 nos
360 1532 585 1573 ostenderit.

236 1589 317 1638 Qui
343 1590 406 1626 hic
436 1587 612 1626 resistere
635 1586 785 1635 absque
815 1585 1074 1622 fundamento
1099 1589 1137 1621 et
1166 1595 1212 1621 ex
1242 1580 1435 1620 malitiosa
1455 1579 1573 1618 obsti-

182 1645 340 1682 natione
361 1641 491 1689 velint,
511 1654 578 1680 eos
600 1641 773 1678 sinemus
794 1638 943 1688 seipsos
964 1645 1005 1675 ut
1027 1638 1178 1688 paleam
1198 1650 1221 1674 a
1236 1634 1362 1674 tritico
1382 1646 1570 1684 separare,

182 1711 311 1748 neque
342 1705 475 1735 tamen
508 1708 625 1745 opem
658 1692 851 1743 Principis
885 1693 1092 1742 implorare
1130 1689 1286 1741 penitus
1317 1689 1571 1739 negligemus.

183 1754 423 1800 Quanquam
457 1750 562 1788 enim
594 1747 647 1786 illi
678 1746 851 1797 regimen
887 1744 1087 1784 Ecclesiae
1120 1758 1201 1783 non
1236 1751 1294 1782 est
1328 1743 1570 1788 mandatum,

182 1818 316 1843 curare
343 1812 475 1842 tamen
504 1803 676 1852 supremi
706 1800 951 1850 magistratus
981 1799 1120 1837 merito
1146 1798 1304 1844 debent,
1336 1810 1385 1835 ne
1415 1803 1573 1834 conten—

184 1859 311 1897 tiones
332 1866 370 1896 et
392 1856 603 1895 schismata
630 1855 728 1893 inter
758 1855 938 1893 subditos
966 1854 1148 1899 oriantur,
1181 1853 1300 1901 idque
1321 1848 1572 1890 Constantini

184 1913 375 1961 exemplo,
400 1911 620 1960 Episcopos
642 1908 831 1946 Nicaeam
853 1906 1119 1946 convocantis.
1164 1904 1330 1958 [Votum
1351 1901 1479 1956 addit]
1503 1916 1573 1953 pro

184 1964 452 2011 unanimitate,
467 1965 582 2013 eique
598 1975 752 2001 summa
768 1961 969 2011 diligentia
982 1960 1221 1999 studendum
1237 1971 1322 1996 esse
1337 1955 1427 2010 [ait]
1444 1970 1573 2006 neque

186 2028 316 2058 tamen
347 2020 402 2056 sic
432 2017 635 2056 diabolum
666 2022 906 2054 cessaturum
934 2027 1019 2052 esse
1050 2014 1100 2052 ab
1131 2020 1218 2051 astu
1247 2020 1285 2051 et
1315 2011 1462 2050 malitia
1490 2022 1570 2049 sua.

185 2073 321 2126 [Haec
344 2073 538 2110 Lutherus
558 2070 597 2108 in
618 2066 890 2120 praefatione]

245 2128 322 2165 lee
337 2125 590 2164 Instructzbns
604 2122 660 2176 [p.
673 2134 741 2171 152
751 2121 854 2174 ].—§
867 2136 879 2159 1
898 2123 963 2159 De
976 2122 1157 2158 doctrina.
1183 2117 1478 2172 [Admonentur
1491 2131 1574 2168 pas-

186 2190 288 2220 tores
302 2188 339 2218 et
360 2179 658 2218 concionatores
674 2174 734 2228 ut]
750 2175 969 2214 doctrinam
986 2175 1035 2213 de
1051 2173 1293 2224 poenitentia
1309 2175 1389 2211 sive
1405 2173 1454 2211 de
1470 2173 1575 2222 agni—

187 2235 293 2273 tione
320 2241 570 2284 peccatorum
599 2239 637 2269 et
666 2243 712 2268 ex
733 2243 777 2268 ea
797 2229 947 2268 oriente
968 2228 1202 2267 contritione
1223 2235 1261 2266 et
1281 2227 1420 2266 timore
1440 2225 1574 2264 iudicii

187 2288 308 2328 divini
328 2302 350 2326 a
364 2286 542 2326 doctrina
557 2286 607 2323 de
621 2286 698 2323 fide
712 2296 792 2321 non
806 2291 996 2333 separent,
1013 2295 1062 2320 ne
1076 2282 1232 2332 plebem
1253 2282 1304 2320 ad
1325 2281 1572 2319 securitatem

186 2344 386 2382 deducant
419 2348 461 2379 ut
494 2354 539 2378 ea
570 2338 839 2377 remissionem
874 2344 1124 2387 peccatorum
1159 2349 1200 2374 se
1230 2335 1408 2374 obtinere
1441 2334 1574 2371 credat

186 2397 335 2446 absque
374 2392 615 2445 poenitentia
652 2400 690 2430 et
729 2392 972 2429 contritione.
1035 2389 1114 2428 Hic
1147 2403 1251 2428 error
1291 2387 1417 2441 [aiunt
1455 2386 1574 2436 idque

187 2452 283 2488 infra
318 2446 517 2499 repetunt]
550 2446 734 2485 omnibus
770 2446 973 2493 hucusque
1005 2444 1226 2482 inveteratis
1257 2441 1425 2481 deterior
1459 2447 1570 2479 esset.
