1715 2780
185 93 262 140 338
535 91 653 128 THE
685 89 989 128 FOUNI‘HNG
1017 89 1088 127 OF
1118 90 1236 127 THE
1513 99 1584 138 135

187 194 385 244 adstringi.
439 195 499 232 Ita
519 201 560 231 ut
582 192 771 243 quicquid
794 193 1007 230 modernus
1028 199 1066 230 et
1086 191 1151 229 alii
1173 193 1345 230 Romani
1367 192 1580 233 Pontifices

187 262 258 299 pro
288 257 465 298 tempore
495 247 705 286 existentes
737 246 928 290 iusserint,
960 246 1011 284 ad
1043 246 1263 295 profectum
1293 245 1513 285 animarum
1543 257 1581 287 et

188 303 280 343 fidei
309 301 630 352 propagationem
666 300 876 351 pertinens,
909 306 947 338 et
975 301 1026 338 ad
1056 312 1327 350 quascumque
1361 300 1580 351 provincias

186 370 259 395 nos
290 356 443 395 mittere
474 354 638 394 voluerit
668 354 752 393 sine
781 355 859 392 ulla
889 353 1206 403 tergiversatione
1234 362 1302 392 aut
1330 355 1582 394 excusatione

186 411 290 450 illico
310 417 502 460 quantum
524 409 563 447 in
584 408 699 447 nobis
715 408 829 446 fuerit
849 407 989 457 exequi
1009 414 1223 455 teneamur,
1242 407 1322 447 sive
1342 408 1489 448 miserit
1510 423 1582 448 nos

185 466 238 504 ad
254 466 403 502 Turcas
424 463 504 502 sive
524 464 574 501 ad
596 475 871 512 quoscumque
890 463 987 500 alios
1007 461 1186 500 infideles
1207 461 1324 501 etiarn
1345 461 1385 500 in
1405 462 1580 513 partibus

187 532 284 569 quas
311 517 446 557 Indias
473 525 615 555 vocant
636 516 857 562 existentes,
881 514 1035 554 sive'ad
1063 528 1337 566 quoscumque
1364 517 1580 556 haereticos

188 586 255 610 seu
278 571 549 610 schismaticos
570 584 639 608 seu
660 570 777 608 etiam
798 571 849 608 ad
868 570 1027 619 quosvis
1048 570 1196 608 fideles.
1228 570 1499 619 Quamobrem
1514 571 1581 621 qui

186 627 238 665 ad
258 639 330 665 nos
357 624 552 665 accessuri
569 631 668 671 sunt,
692 632 730 663 et
750 631 963 673 antequam
984 622 1076 661 huic
1102 622 1211 662 oneri
1231 624 1416 662 humeros
1440 638 1582 675 suppo-

188 688 294 728 nant,
313 679 380 718 diu
397 680 646 729 multumque
667 677 907 717 meditentur
919 690 970 716 an
987 685 1140 716 tantum
1162 677 1354 727 pecuniae
1372 677 1580 728 spiritualis

188 734 227 772 in
256 734 370 772 bonis
397 734 569 772 habeant
596 741 638 771 ut
666 731 798 771 turrim
825 733 926 770 hanc
956 731 1062 770 iuxta
1085 730 1293 770 consilium
1322 731 1580 772 Dominicum

188 787 339 838 possint
370 794 670 835 consummare}
708 788 785 824 hoc
816 794 884 832 est,
918 799 968 824 an
1003 785 1167 835 Spiritus
1207 794 1364 825 sanctus
1398 787 1464 836 qui
1494 786 1580 825 illos

187 841 352 892 impellit
391 849 542 880 tantum
582 840 655 878 illis
692 839 836 890 gratiae
876 838 1104 889 polliceatur
1138 847 1179 878 ut
1214 839 1329 877 huius
1363 841 1580 879 vocationis

189 897 355 945 pondus,
375 897 441 933 illo
462 896 683 941 adiuvante,
704 908 744 933 se
765 895 909 932 laturos
931 901 1098 943 sperent,
1116 901 1154 931 et
1174 901 1385 943 postquam
1404 894 1580 934 Domino

188 949 401 1000 inspirante
440 948 532 987 huic
572 950 662 986 Iesu
703 947 848 987 Christi
888 946 1048 985 militiae
1096 960 1242 985 nomen
1283 947 1475 995 dederint,
1516 950 1580 987 die

188 1011 388 1053 noctuque
427 1002 616 1041 succincti
656 1002 811 1040 lumbos
851 1009 888 1039 et
922 1002 972 1040 ad
1011 1008 1089 1039 tam
1128 1000 1285 1050 grandis
1320 1001 1442 1041 debiti
1482 1004 1579 1041 solu-

187 1057 334 1095 tionem
366 1058 536 1107 prompti
566 1070 651 1095 esse
679 1055 893 1094 debebunt.

240 1112 258 1159 §
282 1123 313 1159 7.
348 1113 408 1150 Ne
429 1123 507 1160 qua
526 1118 657 1149 autem
686 1109 808 1159 possit
832 1122 917 1147 esse
943 1110 1042 1147 inter
1069 1122 1140 1147 nos
1169 1108 1399 1147 missionum
1423 1123 1469 1148 ac
1496 1123 1578 1160 pro-

187 1164 402 1203 vinciarum
438 1163 664 1202 huiusmodi
697 1171 764 1202 aut
797 1162 962 1201 ambitio
997 1164 1057 1201 vel
1090 1163 1292 1209 detractio,
1324 1164 1580 1212 profiteantur

188 1218 327 1268 singuli
356 1232 396 1257 se
423 1231 639 1268 numquam
668 1217 815 1256 directe
844 1224 910 1255 aut
937 1215 1127 1255 indirecte
1153 1218 1203 1255 de
1234 1217 1461 1255 huiusmodi
1493 1217 1580 1255 mis-

187 1272 364 1311 sionibus
403 1271 615 1322 quicquam
654 1285 744 1310 cum
788 1273 974 1308 Romano
1020 1270 1212 1309 Pontifice
1257 1278 1468 1318 curaturos,
1510 1273 1578 1310 sed

187 1340 348 1365 omnem
394 1328 496 1364 hanc
536 1339 668 1363 curam
711 1327 799 1363 Deo
839 1333 876 1363 et
921 1324 994 1373 ipsi
1037 1323 1230 1371 Pontifici,
1270 1332 1457 1374 tanquam
1497 1326 1578 1364 eius

188 1380 355 1426 VicariO,
379 1387 416 1418 et
437 1379 642 1418 Societatis
670 1378 898 1428 Praeposito
925 1377 1165 1416 dimissuros.
1225 1377 1305 1426 Qui
1330 1379 1578 1428 Praepositus

187 1434 286 1472 sicut
306 1435 448 1472 caeteri
469 1434 585 1472 etiam
607 1434 833 1482 profiteatur
854 1445 894 1470 se
910 1431 1007 1469 nihil
1023 1432 1072 1469 de
1089 1431 1230 1470 suimet
1251 1431 1371 1481 ipsius
1393 1432 1579 1472 missione

188 1488 226 1526 in
260 1489 483 1526 alterutram
516 1494 676 1537 partem,
711 1486 786 1524 nisi
820 1487 869 1524 de
904 1484 1108 1524 Societatis
1143 1485 1319 1532 consilio,
1349 1499 1440 1524 cum
1469 1486 1577 1526 dicto

188 1541 380 1580 Pontifice
409 1554 493 1580 esse
523 1548 759 1579 curaturum.

240 1597 257 1645 ξ
280 1598 314 1634 8.
346 1597 527 1634 Voveant
554 1594 695 1645 singuli
723 1608 763 1633 se
790 1593 830 1632 in
856 1592 1041 1632 omnibus
1068 1606 1169 1643 quae
1192 1595 1243 1632 ad
1266 1594 1442 1643 Regulae
1462 1595 1577 1632 huius

186 1658 343 1688 nostrae
391 1648 705 1688 observationem
754 1647 912 1694 faciunt,
963 1647 1195 1686 obedientes
1243 1648 1324 1686 fore
1372 1647 1576 1709 Societatis

191 1703 427 1754 Praeposito.

240 1759 258 1806 ξ
279 1771 313 1807 9.
346 1759 418 1796 Ille
444 1764 576 1795 autem
604 1756 736 1794 iubeat
763 1769 809 1794 ea
834 1768 935 1804 quae
955 1756 1006 1794 ad
1027 1753 1361 1793 constructionem
1389 1755 1577 1805 propositi

187 1811 261 1849 sibi
287 1825 309 1849 a
338 1813 426 1849 Deo
451 1818 489 1849 et
516 1824 538 1848 a
564 1810 760 1849 Societate
787 1809 874 1847 finis
901 1809 1128 1859 cognoverit
1151 1821 1237 1847 esse
1262 1816 1508 1858 opportuna·
1537 1809 1577 1848 in

186 1866 427 1914 praelatione
455 1872 586 1902 autem
617 1878 687 1901 sua
717 1862 966 1912 benignitatis
995 1876 1041 1900 ac
1071 1861 1383 1901 mansuetudinis
1417 1862 1578 1901 charita-

187 1918 314 1967 tisque
344 1918 488 1957 Christi
519 1917 622 1955 Petri
652 1917 843 1967 Paulique
877 1917 1066 1954 formulae
1099 1928 1253 1966 semper
1282 1915 1329 1954 sit
1358 1929 1510 1954 memor
1539 1924 1576 1955 et

186 1979 265 2009 tam
296 1971 379 2021 ipse
405 1985 523 2020 quam
553 1970 761 2009 consilium
787 1971 838 2008 ad
862 1983 1040 2007 normam
1071 1970 1173 2007 hanc
1200 1968 1357 2008 assidue
1386 1976 1574 2019 spectent.

188 2027 238 2063 Et
265 2024 498 2063 nominatim
521 2025 839 2062 commendatam
861 2023 1032 2061 habeant
1052 2022 1337 2061 institutionem
1365 2035 1575 2072 puerorum

186 2092 232 2116 ac
258 2078 413 2117 rudium
442 2077 482 2115 in
508 2077 730 2116 Christiana
756 2076 933 2115 doctrina
960 2077 1099 2114 decem
1126 2083 1435 2125 praeceptorum,
1456 2084 1576 2126 atque

185 2132 349 2171 aliorum
365 2131 549 2169 similium
566 2132 877 2169 rudimentorum
892 2142 1166 2178 quaecumque
1180 2130 1399 2167 secundum
1415 2129 1575 2168 circum-

186 2186 346 2224 stantias
374 2198 640 2235 personarum,
662 2185 838 2222 locorum
863 2196 908 2221 ac
928 2191 1150 2232 temporum
1177 2181 1251 2220 illis
1271 2196 1443 2232 congrua
1471 2183 1575 2222 vide-

186 2240 343 2278 buntur.
390 2238 547 2277 Etenim
570 2237 737 2275 maxime
758 2236 1019 2275 necessarium
1041 2235 1142 2273 circa
1157 2236 1442 2285 providentiam
1460 2236 1575 2275 huius

187 2294 239 2331 rei
274 2293 481 2353 diligenter
516 2292 784 2341 Praepositum
821 2298 859 2328 et
891 2289 1111 2329 Consilium
1144 2289 1312 2339 vigilare,
1344 2303 1434 2328 cum
1466 2297 1504 2329 et
1534 2290 1572 2328 in

186 2347 371 2396 proximis
408 2345 632 2385 aedificium
672 2343 763 2382 fidei
802 2344 885 2382 sine
923 2344 1183 2381 fundamento
1213 2356 1294 2381 non
1324 2344 1447 2402 possit
1479 2356 1573 2382 con

187 2413 351 2449 surgere,
375 2409 412 2438 et
441 2400 479 2437 in
505 2398 645 2437 nostris
673 2399 888 2447 periculum
917 2398 965 2435 sit
992 2410 1041 2435 ne
1063 2404 1103 2434 ut
1124 2396 1292 2446 quisque
1311 2396 1381 2435 erit
1405 2396 1570 2443 doctior,

186 2454 237 2491 ita
262 2454 500 2503 provinciam
531 2455 631 2492 hanc
658 2461 843 2501 1119111111
874 2450 998 2500 primo
1023 2459 1184 2501 aspectu
1205 2449 1334 2488 minus
1355 2449 1572 2500 speciosam
