1715 2780
148 103 204 140 29
332 91 451 128 THE
494 88 724 127 EPISTLE
766 86 840 124 TO
884 85 1004 122 THE
1046 82 1367 121 GALATIANS
1501 92 1546 129 53

149 196 303 241 belongs
337 201 373 230 to
405 195 518 240 1535'
539 192 688 237 (Beard,
722 191 874 224 rlsarlin
904 188 1061 231 Lutlter,
1098 188 1196 231 288).
1249 187 1330 221 The
1365 185 1550 229 following

151 250 289 279 extract
312 243 405 277 from
433 254 455 276 a
481 240 570 287 [No.
599 238 658 284 29]
691 238 908 282 prefatory
939 237 1065 271 letter
1092 235 1155 278 (de
1181 235 1316 278 Wette,
1343 233 1363 268 i.
1389 243 1455 277 333
1476 237 1548 277 sq.)

152 291 330 326 indicates
357 302 380 324 a
410 296 514 334 stage
541 288 578 322 in
610 287 777 321 Luther’s
809 285 924 319 revolt
956 284 1049 317 from
1079 283 1209 325 Rome,
1239 293 1281 316 as
1309 282 1388 316 well
1419 293 1460 315 as
1487 281 1550 315 the

151 338 315 384 growing
331 342 559 373 resentment
578 335 619 370 of
634 335 822 377 Germany
841 331 989 377 against
1007 331 1070 365 the
1091 329 1214 364 Curia.

382 417 469 460 No.
503 428 576 469 29.
638 414 733 457 His
765 412 1029 465 Prefatory
1062 410 1244 453 Letter.

207 496 340 543 Quare
367 499 405 531 et
431 505 504 542 ego
525 492 666 529 horum
688 490 963 538 theologorum
990 487 1178 524 laicorum
1210 483 1279 537 [sc.
1303 484 1370 522 the
1397 482 1551 533 princes

152 557 191 588 at
229 549 296 587 the
335 547 417 586 diet
455 548 500 585 of
533 545 744 594 Augsburg
782 540 902 594 1518]
943 541 1125 591 exemplo
1164 537 1430 589 pulcherrimo
1462 567 1469 575 .

153 603 353 652 distinguo
386 601 487 640 inter
521 602 745 638 Romanam
781 595 1001 635 Ecclesiam
1036 603 1073 633 et
1116 596 1341 631 Romanam
1377 591 1549 631 Curiam.

156 659 269 696 Illam
299 655 380 695 scio
407 654 661 707 purissimum
683 666 768 692 esse
798 652 1015 690 thalamum
1038 648 1195 694 Christi,
1223 655 1387 685 matrem
1420 647 1554 684 Eccle-

154 712 309 755 siarum,
332 710 536 749 dominam
564 707 714 754 mundi,
745 707 814 745 sed
842 704 978 755 spiritu
1004 704 1026 742 i.
1042 716 1075 742 e.
1097 703 1292 745 vitiorum,
1317 714 1398 739 non
1425 713 1552 738 rerum

155 767 305 813 mundi,
347 777 532 815 sponsam
573 761 730 809 Christi,
777 760 896 799 filiam
937 758 1023 805 Dei,
1069 766 1256 796 terrorem
1291 754 1431 794 inferni
1463 786 1468 792 .
1504 785 1511 792 .
1544 784 1550 791 .

156 823 270 859 Haec
305 833 397 858 vero
426 832 472 858 ex
502 817 692 856 fructibus
727 814 806 854 suis
835 813 1097 864 cognoscitur.
1159 813 1251 850 Non
1282 811 1391 860 quod
1422 808 1554 859 magni

156 875 381 914 faciendum
421 873 481 921 sit,
522 885 581 911 res
616 878 768 909 nostras
808 876 846 907 et
878 868 960 906 iura
993 866 1120 917 diripi,
1155 879 1246 904 cum
1279 866 1399 903 fixum
1431 863 1479 901 sit
1514 863 1554 901 in

155 931 281 978 coelo,
314 927 558 969 Christianos
599 926 638 963 in
673 926 746 964 hac
782 923 859 962 vita
889 935 1126 973 pressuram,
1161 919 1394 958 Nimbrotos
1425 926 1462 956 et
1498 930 1555 955 ro-

156 985 293 1022 bustos
332 990 538 1021 venatores
577 980 657 1031 pati
688 1010 695 1017 .
730 1010 736 1018 .
770 1009 776 1016 .
811 978 880 1016 sed
919 977 1028 1027 quod
1067 974 1253 1014 omnibus
1299 972 1467 1012 lacrimis
1507 971 1554 1010 sit

156 1037 312 1077 miseria
335 1036 468 1083 maior,
498 1037 595 1074 haec
623 1048 645 1073 a
671 1033 853 1072 fratribus
880 1039 918 1070 et
948 1030 1123 1081 patribus
1153 1029 1193 1067 in
1222 1030 1357 1067 fratres
1386 1035 1423 1066 et
1456 1026 1555 1065 filios

157 1092 239 1132 fieri
275 1123 281 1130 .
314 1122 322 1130 .
356 1122 362 1129 .
395 1103 496 1141 quae
534 1104 557 1128 a
586 1091 716 1127 Turca
753 1087 815 1125 vix
850 1087 987 1124 fierent
1019 1115 1025 1122 .
1057 1114 1066 1123 .
1099 1114 1105 1121 .
1139 1084 1261 1122 Nullo
1303 1083 1425 1121 modo
1465 1094 1556 1130 ergo

159 1148 365 1185 Romanae
393 1145 598 1183 Ecclesiae
625 1142 802 1182 resistere
830 1140 943 1179 licet:
974 1147 1012 1177 at
1042 1141 1249 1177 Romanae
1271 1138 1414 1176 Curiae
1439 1137 1556 1185 longe

158 1202 305 1240 maiore
352 1200 497 1250 pietate
546 1198 769 1237 resisterent
817 1208 936 1245 reges,
987 1192 1195 1243 principeS‚
1242 1199 1279 1230 et
1328 1190 1556 1240 quicunque

158 1263 332 1306 possent,
364 1267 483 1304 quam
515 1252 608 1303 ipsis
638 1252 788 1289 Turcis.
823 1282 829 1288 .
864 1280 870 1287 .
904 1279 909 1286 .

212 1311 291 1349 Sed
323 1310 375 1347 ad
402 1322 465 1347 me
492 1308 612 1346 redeo
645 1337 651 1344 .
687 1337 692 1343 .
726 1337 732 1343 .
767 1303 998 1342 Maluissem
1032 1309 1135 1340 certe
1167 1309 1203 1339 et
1230 1313 1302 1349 ego
1330 1306 1556 1349 exspectare

158 1362 462 1403 commentarios
494 1361 588 1400 olim
622 1361 673 1399 ab
704 1361 882 1405 Erasmo,
914 1357 995 1395 viro
1026 1356 1066 1394 in
1097 1354 1297 1405 theologia
1331 1366 1487 1392 summo
1520 1361 1557 1390 et

158 1418 328 1457 invidiae
362 1430 522 1467 quoque
556 1416 713 1460 victore,
751 1414 991 1464 promissos:
1029 1423 1175 1457 verum,
1207 1410 1303 1448 dum
1336 1408 1400 1446 ille
1430 1407 1557 1445 differt

159 1471 283 1524 (quod
305 1474 415 1511 Deus
445 1472 548 1518 faxit,
584 1483 664 1508 non
696 1468 744 1506 sit
773 1464 1034 1517 diuturnum),
1066 1464 1171 1515 cogit
1201 1477 1263 1502 me
1288 1462 1327 1500 in
1352 1461 1557 1512 publicum

159 1527 217 1568 ire,
251 1540 363 1565 casus
403 1525 475 1565 iste
514 1538 632 1575 quem
668 1522 819 1561 videtis.
879 1520 969 1560 Scio
1001 1519 1163 1570 quidem
1194 1531 1258 1556 me
1293 1516 1483 1555 infantem
1520 1523 1558 1554 et

159 1581 409 1627 ineruditum,
445 1581 515 1619 sed
550 1586 682 1617 tamen
714 1577 841 1627 (quod
875 1574 1020 1626 ausim)
1055 1572 1210 1624 pietatis
1250 1579 1287 1610 et
1327 1570 1558 1609 eruditionis

159 1635 406 1676 Christianae
445 1633 666 1672 studiosum
707 1639 825 1681 atque
860 1631 937 1668 hoc
977 1630 1062 1679 ipso
1101 1627 1354 1666 eruditiorem
1396 1625 1455 1662 his
1490 1623 1558 1673 qui

159 1690 292 1729 divina
340 1690 526 1728 mandata
574 1686 702 1737 impiis
757 1687 888 1735 legum
937 1685 1199 1721 humanarum
1248 1679 1404 1730 pompis
1453 1691 1558 1716 mere

161 1744 323 1783 ridicula
353 1752 390 1783 et
424 1741 593 1782 ludibria
624 1742 811 1784 fecerunt.
872 1739 1010 1777 Unum
1044 1735 1229 1786 spectavi,
1263 1734 1292 1772 si
1326 1746 1555 1782 consequar,

160 1806 202 1838 ut
228 1797 316 1837 mea
346 1811 465 1848 opera
494 1796 519 1835 ii
549 1795 616 1846 qui
645 1808 707 1833 me
736 1794 972 1844 apostolicas
1004 1792 1188 1842 epistolas
1214 1788 1423 1827 audierunt
1453 1800 1559 1825 enar-

161 1861 310 1892 rantem
340 1853 504 1891 Paulum
533 1849 766 1900 apertiorem
798 1847 970 1885 habeant
1000 1854 1038 1885 et
1068 1844 1230 1883 feliciter
1257 1856 1320 1881 me
1349 1848 1556 1892 superent:

161 1907 220 1946 sin
247 1920 320 1945 nec
345 1906 385 1945 id
410 1905 521 1945 effeci
543 1936 551 1945 .
578 1935 584 1942 .
610 1936 617 1942 .
640 1910 805 1942 conatus
833 1901 1006 1951 reliquus
1035 1908 1104 1947 est,
1128 1912 1208 1949 quo
1235 1899 1332 1936 alios
1361 1898 1412 1935 ad
1435 1897 1559 1934 Pauli-

163 1975 252 2000 nam
292 1960 531 2010 theologiam
570 1957 675 1997 volui
717 1957 944 2003 accendere,
982 1968 1099 2005 quem
1140 1966 1259 1992 nemo
1293 1952 1423 1990 bonus
1464 1949 1558 1988 mihi

160 2015 253 2055 vitio
282 2014 446 2055 dederit.

805 2108 903 2144 XVI

432 2203 694 2242 ERASMUS
736 2201 856 2239 AND
900 2198 1149 2243 LUTHER,
1191 2207 1305 2245 1519.

211 2285 427 2321 Desiderius
446 2286 635 2326 Erasmus,
658 2283 790 2325 1466—i
806 2282 905 2326 1536,
928 2281 990 2315 the
1009 2279 1159 2322 leading
1178 2277 1326 2312 scholar
1344 2275 1384 2308 of
1401 2275 1560 2318 Europe,

164 2333 237 2367 had
270 2333 449 2367 ridiculed
483 2333 544 2366 the
578 2330 810 2375 theologians
844 2329 881 2363 in
915 2327 974 2362 his
1009 2327 1232 2361 [juraveram
1267 2324 1430 2363 lllam'ac,
1473 2329 1556 2364 1511

167 2379 316 2424 (Opera,
351 2380 397 2423 iv,
429 2380 510 2414 coll.
545 2387 610 2422 405
642 2390 736 2423 sqq.,
768 2377 930 2421 Leyden‚
966 2373 1130 2417 1703—6),
1164 2372 1237 2406 and
1273 2370 1346 2404 had
1381 2368 1560 2402 rendered

167 2427 296 2461 reform
321 2427 479 2471 possible
505 2427 553 2470 by
572 2425 732 2470 opening
758 2436 806 2469 up
826 2423 1012 2458 Christian
1039 2420 1220 2464 antiquity
1243 2418 1278 2451 in
1307 2417 1362 2450 his
1387 2414 1560 2457 editions,

171 2474 269 2517 1516,
293 2474 333 2508 of
352 2474 413 2508 the
433 2475 524 2507 New
543 2474 759 2507 Testament
784 2472 820 2505 in
840 2470 964 2505 Greek
983 2469 1056 2503 and
1075 2468 1114 2501 of
1137 2468 1188 2501 St.
1213 2467 1371 2509 Jerome.
1424 2463 1494 2495 But
1513 2461 1559 2495 he
