1715 2780
96 92 170 130 130
433 82 923 128 PROTESTANTISM,
960 94 1134 132 1532-41
1416 96 1461 132 32
1473 96 1487 121 1

149 187 312 237 Semper
345 185 399 224 ita
433 185 537 226 sensi
570 186 723 225 nullum
755 198 840 224 esse
875 185 1000 224 maius
1030 186 1152 225 decus
1182 197 1301 236 quam
1332 184 1371 223 in
1402 198 1492 224 vera

94 240 281 292 religione
300 253 473 301 veroque
499 241 607 279 cultu
633 239 710 279 Dei
739 239 1011 278 constantiam.
1071 240 1186 289 Quae
1212 238 1407 278 sententia
1436 239 1491 278 sic

93 302 153 334 est
172 294 320 333 infixa
311 308 351 333 m
371 294 505 333 animo
527 307 617 333 meo
638 302 680 332 ut
700 307 783 333 non
803 293 995 332 simulatis
1011 301 1078 332 aut
1095 293 1240 333 fucosis
1261 293 1399 332 officiis
1421 294 1491 333 sed

93 362 183 388 vere
214 350 424 388 colendam
459 362 544 388 esse
575 348 839 388 Christianam
870 347 1058 398 pietatem
1090 361 1245 399 semper
1275 347 1488 387 statuerim.

94 404 228 453 Quare
257 416 338 442 non
368 416 453 442 raro
487 404 652 453 deploro
683 402 885 441 Ecclesiae
915 403 1075 442 morbos
1105 416 1195 441 cum
1227 410 1376 441 veteres
1407 409 1490 440 turn

93 470 216 496 novos
237 465 276 497 et
295 456 578 496 ardentissimis
600 456 700 496 votis
720 456 1041 496 emendationem
1063 456 1208 507 optavi.

148 512 291 562 Neque
311 511 417 551 enim
442 510 574 562 negari
594 518 724 562 potest
745 512 940 561 quosdam
962 511 1080 550 etiarn
1097 518 1246 550 veteres
1269 511 1428 550 morbos
1451 510 1490 548 in

93 566 272 605 Ecclesia
303 567 472 605 haerere.
532 564 752 615 Disciplina
782 573 892 603 vetus
924 567 1051 604 laxata
1084 572 1152 612 est,
1185 566 1332 604 multae
1362 577 1491 615 super·

91 619 269 658 stitiones
298 619 338 658 in
368 627 477 658 tanta
506 619 745 658 Pontificum
776 619 1012 670 negligentia
1041 626 1080 658 et
1110 621 1315 658 Pastorum
1338 618 1492 658 inscitia

92 681 271 724 receptae
301 681 403 712 sunt.
463 673 656 712 Nonnihil
681 672 799 711 etiam
830 681 1055 722 praesentes
1077 673 1298 712 discordiae
1328 686 1492 712 concus-

91 735 224 767 serunt
251 727 483 767 Ecclesiam.
542 728 627 778 Ego
658 727 772 777 igitur
801 728 992 766 hactenus
1022 740 1109 766 eam
1136 727 1364 777 gravitatem
1384 740 1490 778 prae-

90 781 169 820 stiti
204 789 246 820 ut
280 795 354 821 nec
387 782 534 820 abusus
573 781 781 832 probarem
811 788 878 819 aut
908 781 1118 820 crudeliter
1147 782 1415 829 defenderem,
1447 789 1490 819 ut

91 835 238 875 faciunt
269 835 345 884 alii,
378 849 452 875 nec
485 835 663 874 fanaticis
695 834 950 885 opinionibus
985 835 1024 873 in
1060 849 1147 874 mea
1176 834 1326 874 ditione
1356 836 1488 874 locum

90 890 330 941 praeberem.
392 890 538 929 Habeo
570 889 773 940 utriusque
807 889 860 928 rei
891 891 1099 928 honestam
1128 902 1286 940 gravem
1316 896 1354 928 et
1383 888 1488 940 piam

89 957 260 992 causam,
288 957 363 983 nec
390 952 501 982 muto
528 945 605 982 hoc
635 943 836 982 iudicium.
896 943 1082 994 Cumque
1103 943 1259 983 videam
1281 956 1381 994 opus
1403 956 1489 982 esse

90 1005 132 1036 ut
148 998 345 1037 sanciatur
364 998 573 1049 disciplina
593 1005 631 1036 et
655 997 931 1048 praeficiantur
953 997 1141 1036 Ecclesiis
1169 997 1265 1036 boni
1291 999 1486 1044 doctores,

89 1052 243 1103 suscepi
265 1065 352 1092 eam
373 1065 506 1091 curam
537 1059 578 1090 ut
608 1051 704 1090 sciat
733 1054 904 1102 populus
934 1051 972 1089 in
1004 1052 1121 1090 tantis
1151 1051 1370 1098 discordiis,
1393 1051 1489 1102 quid

89 1106 286 1157 amplecti,
309 1106 405 1157 quid
426 1108 558 1157 fugere
579 1106 733 1145 debeat.
795 1108 885 1155 Qua
916 1106 955 1144 in
980 1120 1019 1144 re
1045 1107 1241 1156 quaedam
1263 1105 1302 1143 in
1324 1113 1489 1156 utraque

90 1168 199 1211 parte
229 1160 281 1199 ita
310 1161 494 1200 moderor
514 1168 555 1198 ut
579 1173 602 1198 a
629 1160 836 1200 Catholica
868 1160 1047 1198 Ecclesia
1078 1159 1224 1200 Christi
1255 1173 1335 1198 non
1366 1160 1490 1198 disce-

89 1216 194 1263 dam,
227 1227 301 1254 nec
334 1216 384 1254 de
417 1214 646 1254 auctoritate
687 1214 976 1265 Episcoporum
1012 1214 1231 1264 quidquam
1270 1214 1487 1253 detraham.

91 1270 195 1307 Nam
225 1268 300 1307 nisi
327 1268 477 1319 aliquid
507 1268 701 1308 moderari
731 1268 859 1316 velim,
883 1267 1089 1307 manifesta
1118 1267 1263 1318 flagitia
1284 1268 1489 1317 probanda

89 1330 233 1371 essent,
253 1330 292 1361 et
311 1322 455 1361 iniusta
475 1322 635 1361 saevitia
662 1324 902 1362 exercenda:
933 1335 1101 1373 quorum
1129 1330 1341 1372 utrumque
1368 1322 1418 1360 ab
1444 1321 1489 1360 iis

88 1376 371 1416 alienissimum
411 1390 496 1416 esse
531 1377 651 1416 debet
681 1376 748 1427 qui
779 1390 878 1424 vere,
912 1389 993 1415 non
1026 1375 1217 1415 simulatis
1247 1383 1314 1414 aut
1343 1375 1489 1415 fucosis

89 1430 241 1479 officiis,
278 1430 506 1482 religionem
545 1432 691 1469 colunt.
767 1433 881 1470 Haec
920 1444 1010 1469 cum
1050 1430 1103 1469 ita
1142 1430 1230 1478 sint,
1272 1443 1386 1480 spero
1425 1443 1489 1468 mc

88 1486 350 1524 constantiam
381 1492 575 1536 praestare
605 1485 764 1536 dignam
800 1484 916 1524 bonis
946 1484 1045 1532 viris,
1079 1492 1117 1523 et
1145 1497 1235 1523 vere
1264 1483 1489 1523 amantibus

89 1538 328 1589 religionem.
388 1540 597 1590 Nusquam
647 1539 751 1578 enim
801 1539 1004 1578 discedam
1052 1552 1075 1577 a
1122 1551 1256 1589 scopo,
1306 1537 1490 1577 videlicet

88 1606 112 1631 a
140 1593 335 1632 sententia
364 1593 594 1633 Catholicae
626 1593 827 1632 Ecclesiae
858 1593 1014 1633 Christi.

144 1648 266 1696 Quod
286 1660 378 1686 vero
402 1647 499 1685 mihi
528 1649 707 1697 exempla
731 1649 982 1698 quorundam
1011 1646 1229 1685 vicinorum
1261 1645 1484 1696 Principum

89 1702 274 1751 proponit
304 1703 352 1739 R.
368 1703 416 1739 V.
436 1703 484 1739 D.
505 1700 572 1751 qui
603 1703 750 1739 nullam
783 1701 1042 1740 mutationem
1063 1699 1330 1739 admiserunt:
1371 1713 1488 1750 saepe

89 1767 180 1793 cum
215 1754 289 1793 illis
323 1754 416 1805 ipsis
451 1756 501 1794 de
536 1762 618 1793 tota
652 1754 839 1805 religione
870 1756 1090 1794 collocutus
1131 1767 1229 1793 sum.
1292 1754 1486 1803 Idemque

90 1815 253 1859 uterque
269 1809 432 1859 optabat
448 1816 490 1847 ut
510 1808 708 1859 aequitate
728 1808 931 1859 pontificia
951 1808 1216 1847 restitueretur
1232 1807 1485 1846 ecclesiarum

89 1862 314 1910 concordia,
336 1862 555 1902 emendatis
577 1862 815 1913 quibusdam
836 1862 1037 1901 abusibus.
1096 1864 1215 1901 Socer
1236 1875 1347 1900 meus
1368 1860 1485 1900 etiam

89 1918 207 1966 paulo
227 1924 318 1956 ante
338 1923 505 1956 mortem
526 1917 771 1967 gravissimas
793 1918 842 1956 de
862 1930 909 1956 ea
938 1931 977 1956 re
1005 1916 1308 1956 deliberationes
1337 1915 1484 1954 habuit.

89 1970 263 2010 Videbat
296 1970 402 2010 enim
434 1970 686 2010 solitudinem
722 1971 802 2010 fieri
842 1971 880 2009 in
920 1970 1094 2010 ecclesiis
1134 1970 1224 2018 suis,
1258 1970 1332 2008 nisi
1371 1971 1487 2008 vellet

90 2022 274 2064 iniustam
308 2025 509 2064 saevitiam
544 2038 746 2064 exercere:
786 2039 809 2063 a
840 2039 918 2076 qua
952 2026 1162 2064 abhorrere
1197 2038 1300 2071 eum,
1330 2032 1371 2062 ut
1405 2031 1486 2062 crat

89 2077 258 2118 iustitiae
289 2093 437 2128 amans,
468 2079 737 2118 animadverti.
798 2081 884 2118 Nec
914 2079 1228 2118 moderationem
1256 2078 1360 2116 illam
1389 2077 1486 2116 iudi-

89 2132 203 2172 cabat
235 2146 320 2172 esse
349 2141 416 2172 aut
447 2135 709 2173 secessionem
742 2133 793 2172 ab
825 2133 989 2172 ccclesia
1016 2140 1083 2171 aut
1114 2132 1401 2171 seiunctioneni
1435 2131 1485 2169 ab

89 2185 134 2225 iis
173 2186 241 2237 qui
280 2195 464 2238 praesunt
501 2195 568 2226 aut
606 2201 628 2225 a
667 2187 817 2237 reliquo
856 2187 1018 2226 nomine
1057 2186 1292 2227 Christiano.
1353 2187 1486 2234 Quare

91 2239 284 2280 existimet
306 2243 353 2280 R.
369 2243 417 2280 V.
438 2244 485 2280 D.
510 2255 573 2281 me
594 2254 674 2280 non
696 2241 749 2280 ita
770 2241 810 2279 in
841 2243 943 2280 hanc
971 2254 1129 2280 causam
1161 2240 1378 2291 ingressum
1400 2252 1485 2277 esso

90 2300 133 2331 ut
151 2294 316 2334 aliorum
337 2296 533 2334 bonorum
555 2294 781 2345 Principum
803 2295 947 2335 iudicia
967 2303 1035 2334 aut
1055 2296 1234 2345 exempla
1258 2307 1337 2332 non
1363 2300 1486 2330 atten-

90 2347 226 2386 derim.
285 2349 324 2388 Si
354 2349 421 2400 qui
458 2357 590 2388 autem
622 2351 784 2389 fortasse
813 2349 1027 2400 asperiores
1067 2356 1167 2396 sunt,
1203 2355 1245 2386 ut
1279 2360 1363 2386 esse
1403 2358 1483 2385 non

91 2403 235 2441 multos
269 2402 449 2442 videmus
487 2403 554 2453 qui
594 2403 677 2442 sine
717 2403 943 2442 discrimine
981 2417 1120 2441 omnes
1159 2403 1317 2448 abusus,
1350 2399 1485 2438 omnia

90 2462 214 2493 errata
251 2455 494 2495 immanitate
533 2457 813 2507 suppliciorum
854 2457 1078 2496 stabiliunt:
1125 2457 1265 2493 horum
1306 2455 1484 2504 exempla

146 2525 211 2556 944
783 2521 806 2548 Ὺ
