1715 2780
233 146 309 183 514
547 132 732 170 FAREL
763 132 822 169 IN
854 132 1095 177 GENEVA,
1133 132 1286 180 1532—6
1549 130 1625 167 261

232 251 397 288 pauvres
426 238 557 276 Soeurs
587 235 873 275 maintenoient
902 236 1099 284 tousjours
1128 236 1183 274 les
1217 236 1356 274 heures
1388 235 1624 282 canoniales‚

233 293 330 330 mais
350 293 373 329 a
393 299 524 342 portes
545 293 682 329 closes.
742 291 818 328 Les
838 290 966 328 beaux
988 291 1104 328 Peres
1125 288 1295 328 disoient
1318 296 1407 328 tous
1435 290 1491 328 les
1518 290 1626 339 jours

232 348 268 384 la
300 347 444 392 Messe,
476 352 514 383 et
542 345 750 394 beaucoup
781 345 830 382 de
859 356 954 394 gens
984 357 1006 393 y
1027 343 1212 382 venoient
1242 350 1527 390 secrettement,
1559 342 1624 393 qui

234 399 348 439 estoit
368 399 462 438 bien
482 400 705 448 dangereux
726 411 824 448 pour
845 399 900 436 les
921 398 1064 436 Soeurs.
1088 428 1094 435 .
1120 426 1128 434 .
1149 429 1158 438 .

289 454 338 504 (c)
368 455 484 491 From
514 453 574 490 tlze
602 453 795 501 Registers
815 452 860 500 of
871 453 930 489 tlte
954 453 1140 498 Coma-ils,
1164 453 1186 489 8
1208 450 1527 501 Aug—Ibidem
1556 450 1629 489 fuit

235 508 379 558 petitus
401 506 583 557 magister
604 506 839 544 Guillelmus
862 507 1045 552 Farellus,
1069 513 1107 544 et
1127 505 1385 555 interrogatus
1405 518 1525 555 quare
1545 504 1628 555 ipse

237 562 356 600 hodie
386 560 666 611 praedicaverit
696 560 734 598 in
765 559 979 598 cathedrali
1008 561 1044 598 S.
1069 559 1172 598 Petri
1193 573 1283 598 cum
1311 559 1388 597 iam
1416 559 1528 597 fuerit
1555 558 1630 597 sibi

236 616 398 654 vetitum
434 629 484 653 ne
515 614 757 664 praedicaret
783 613 876 652 alibi
910 627 1027 664 quam
1056 613 1096 651 in
1122 613 1218 651 locis
1250 613 1323 652 sibi
1355 612 1489 652 solitis.
1550 612 1630 662 Qui

236 669 436 720 respondit
470 670 578 719 quod
612 668 769 706 miratur
799 682 919 718 quare
952 667 1168 717 inquiratur
1198 668 1248 706 de
1279 667 1344 705 tali
1375 681 1415 706 re
1453 680 1543 705 cum
1582 666 1631 705 sit

237 732 372 762 sancta
411 724 630 761 secundum
672 724 802 760 Deum
842 730 879 760 et
917 730 1097 760 sanctum
1135 721 1390 771 evangelium.
1416 751 1423 759 .
1446 751 1453 759 .
1477 752 1484 759 .
1508 722 1632 771 Super

237 791 317 828 quo
338 776 408 815 fuit
439 776 492 814 illi
521 776 671 815 dictum
702 777 810 826 quod
842 790 922 813 non
958 775 1156 825 praedicet
1179 775 1339 813 ulterius
1367 776 1406 813 in
1437 776 1474 814 S.
1502 777 1629 821 Petro,

237 833 366 871 donec
387 832 497 869 aliter
517 832 731 869 resolutum
752 829 877 868 fuerit.
899 860 906 868 .
931 861 937 867 .
961 860 968 867 .

292 884 514 925 Consilium
535 884 606 922 fuit
627 884 793 934 petitum
814 892 971 934 propter
991 884 1067 921 hoc
1088 883 1196 932 quod
1216 882 1396 921 nonnulli
1416 896 1463 921 ex
1482 881 1633 920 civibus

239 939 438 989 ymagines
460 940 510 977 de
531 940 569 977 S.
592 940 707 976 Petro
729 939 933 987 fregerunt.
990 938 1114 987 Super
1135 950 1214 987 quo
1234 936 1305 975 fuit
1325 935 1504 975 advisum
1525 936 1633 986 quod

239 1006 322 1031 cras
340 1005 455 1031 mane
475 993 619 1031 debeat
641 1004 876 1042 congregare
896 990 1116 1030 consilium.

296 1046 355 1097 (d)
385 1048 500 1085 From
523 1047 582 1084 the
601 1059 713 1093 same,
737 1060 758 1095 9
782 1046 1098 1096 Aug—Ibidem
1122 1043 1194 1083 fuit
1215 1044 1395 1084 advisum
1415 1045 1466 1083 de
1492 1042 1635 1094 ymagi-

240 1101 357 1140 nibus
379 1108 417 1139 et
436 1100 521 1138 aliis
542 1099 657 1138 bonis
679 1099 862 1150 dirruptis
883 1099 923 1137 in
945 1101 982 1138 S.
1006 1101 1132 1137 Petro.
1165 1129 1172 1137 .
1207 1129 1213 1136 .
1245 1129 1253 1137 .
1286 1098 1377 1137 Fuit
1400 1097 1549 1137 ibidem
1569 1098 1634 1136 ad-

241 1154 368 1193 visum
398 1155 506 1204 quod
536 1154 709 1193 debeant
742 1153 837 1204 poni
870 1154 951 1192 duo
989 1152 1103 1203 probi
1137 1152 1317 1191 homines
1347 1165 1439 1191 cum
1477 1151 1634 1191 duobus

241 1207 462 1259 viggillibus
489 1207 555 1258 qui
585 1208 810 1246 custodiant
837 1208 1028 1257 templum
1059 1208 1096 1246 S.
1126 1206 1240 1253 Petri,
1270 1219 1320 1245 ne
1347 1205 1488 1256 aliquis
1518 1205 1558 1242 in
1587 1218 1635 1243 eo

241 1262 390 1312 aliquid
412 1263 568 1309 furetur,
586 1270 624 1300 et
645 1262 773 1300 donec
793 1261 904 1299 aliter
924 1261 995 1299 fuit
1015 1259 1204 1307 advisum,
1228 1267 1386 1310 propter
1405 1258 1635 1298 fractionem

243 1316 469 1366 ymaginum
491 1329 559 1365 per
580 1315 666 1354 illos
688 1315 948 1353 discurrentes
970 1314 1053 1353 heri
1073 1322 1111 1352 et
1131 1313 1250 1352 hodie
1271 1315 1425 1352 factam.
1462 1314 1636 1351 Fuerunt

242 1370 354 1420 petiti
380 1371 582 1408 Amedeus
613 1368 760 1408 Perrini
774 1369 795 1415 ¹,
829 1371 966 1407 Petrus
988 1367 1193 1406 Vandelli¹
1215 1375 1253 1406 et
1275 1367 1556 1413 Baudichonus
1586 1367 1636 1404 de

246 1424 434 1461 Domo-N
438 1436 510 1460 ova
522 1424 544 1469 ¹,
562 1422 628 1472 qui
643 1422 714 1460 visi
734 1430 824 1460 sunt
845 1435 911 1460 eos
926 1422 993 1471 qui
1008 1421 1207 1471 ymagines
1223 1420 1471 1470 dirruperunt
1490 1420 1638 1458 condu-

245 1489 343 1524 cere,
367 1484 405 1515 et
426 1476 650 1526 interrogati
680 1477 840 1514 nomine
870 1475 943 1525 ipsi
963 1477 1107 1514 vellent
1132 1474 1294 1513 obedire
1320 1473 1500 1512 iustitiae.
1556 1472 1636 1522 Qui

245 1531 531 1579 responderunt
561 1531 669 1579 quod
699 1529 765 1576 sic,
798 1531 958 1568 tandem
989 1528 1102 1567 sicuti
1131 1527 1279 1567 eisdem
1310 1527 1460 1566 dictum
1489 1527 1560 1565 fuit
1587 1528 1637 1565 de

245 1584 488 1634 dirruptione
509 1597 577 1634 per
597 1583 702 1633 ipsos
723 1585 835 1629 facta,
858 1583 1145 1632 responderunt
1166 1583 1275 1632 quod
1296 1594 1430 1620 verum
1450 1588 1508 1619 est
1529 1582 1637 1631 quod

246 1639 520 1676 destruxerunt
540 1637 752 1687 ymagines,
767 1645 899 1675 tamen
922 1637 959 1674 in
982 1637 1058 1674 hoc
1080 1649 1161 1674 non
1181 1637 1347 1674 credunt
1367 1648 1523 1681 errasse,
1547 1648 1636 1673 cum

246 1691 338 1730 talia
358 1691 435 1730 sint
456 1698 591 1729 contra
611 1691 775 1729 verbum
800 1690 874 1729 Dei
895 1698 1033 1729 erecta.

263 1792 351 1835 No.
376 1793 478 1834 262.
528 1792 637 1834 The
659 1791 905 1834 abolition
928 1790 986 1833 of
999 1791 1086 1833 the
1110 1790 1267 1841 Mass,
1291 1801 1344 1832 10
1365 1790 1492 1843 Aug.
1515 1800 1636 1842 1535.
1682 1819 1683 1844 y

304 1874 420 1910 From
443 1873 502 1909 ἴβις
521 1873 715 1921 Registers
735 1872 780 1921 of
791 1872 850 1909 tlte
876 1873 1061 1917 Councils,
1089 1885 1135 1909 10
1156 1869 1537 1920 Aug—Consilium
1559 1870 1639 1906 Du-
1680 1900 1681 1918 ζ

249 1925 530 1964 centenarium.
593 1927 721 1963 Farel.
773 1927 978 1974 Ymagines.
1022 1925 1262 1963 Inventarz'a.
1324 1925 1436 1962 quta
1456 1922 1637 1961 herinum
1680 1923 1681 1967 j

249 1988 438 2017 arrestum
460 1989 496 2017 et
527 1979 643 2017 etiam
668 1981 719 2017 ad
749 1979 1044 2028 requisitionem
1065 1977 1266 2016 Guillelmi
1292 1976 1430 2015 Farelli
1458 1976 1529 2014 fuit
1549 1989 1639 2014 con—
1679 1979 1681 1989 ⁴

250 2040 449 2082 gregatum
472 2032 691 2071 Consilium
716 2034 1064 2070 Ducentenarium.

307 2088 355 2124 In
386 2099 465 2135 quo
497 2086 622 2135 primo
654 2085 808 2123 intravit
840 2087 967 2123 dictus
1001 2086 1185 2130 Farellus,
1219 2097 1309 2122 curn
1344 2085 1460 2122 Petro
1490 2083 1637 2129 Vireto,

254 2140 402 2178 Iacobo
426 2140 599 2177 Bernard
621 2147 658 2177 et
683 2141 796 2177 fratre
819 2139 966 2177 Iacobo
989 2137 1003 2190 [
1060 2135 1102 2190 ]²
1123 2137 1350 2187 Cordigero.
1392 2139 1540 2188 Magna
1559 2150 1640 2175 ora-

252 2194 358 2232 tione
380 2195 491 2239 facta,
514 2192 717 2242 proposuit
738 2192 837 2230 sicut
858 2193 929 2230 fuit
950 2193 1051 2229 facta
1074 2191 1232 2242 publica
1260 2191 1428 2241 disputa,
1449 2192 1500 2229 ad
1521 2203 1638 2240 quarn

252 2249 407 2285 fuerunt
427 2246 555 2284 vocati
576 2247 808 2292 sacerdotes,
832 2253 873 2283 ut
903 2245 1082 2283 audirent
1110 2253 1148 2283 et
1175 2258 1244 2283 sua
1270 2246 1372 2283 facta
1392 2244 1638 2290 sustinerent,

253 2301 415 2350 ipseque
442 2308 480 2339 et
507 2300 590 2338 eius
620 2299 714 2338 socii
744 2313 832 2337 cum
865 2312 911 2337 eo
942 2312 982 2337 se
1012 2307 1167 2348 paratos
1196 2299 1423 2337 obtulerunt
1451 2297 1641 2337 sustinere

298 2374 307 2391 ¹
331 2376 474 2406 Patriots
500 2376 573 2406 who
597 2385 720 2415 appear
743 2385 778 2405 as
802 2379 990 2415 supporters
1006 2374 1043 2404 of
1063 2373 1159 2404 Farel
1184 2374 1215 2404 in
1248 2383 1327 2413 1532
1350 2372 1586 2415 (Herminjard,
1604 2373 1638 2410 ii,
1671 2373 1673 2379 ⁸

255 2419 319 2448 No.
345 2419 434 2459 395).
487 2419 594 2449 When
618 2418 736 2448 reform
763 2428 804 2448 no
830 2418 945 2457 longer
971 2421 1078 2447 meant
1105 2417 1224 2457 liberty
1246 2417 1302 2447 but
1325 2427 1344 2447 a
1366 2427 1437 2448 new
1457 2416 1640 2457 discipline,

255 2462 330 2500 they
348 2462 402 2492 tell
419 2461 487 2492 foul
506 2463 541 2491 of
553 2461 689 2497 Calvin;
717 2461 778 2491 and
797 2461 918 2498 Perrin,
937 2468 954 2497 3
971 2460 1063 2500 June,
1083 2461 1147 2490 and
1166 2459 1301 2495 Vandel,
1320 2460 1339 2491 6
1356 2461 1455 2499 Aug„
1467 2469 1549 2490 were
1566 2469 1641 2489 con-

256 2505 393 2535 demned
411 2510 444 2535 to
461 2505 569 2540 death,
592 2513 671 2545 1555
691 2506 745 2545 <CI
767 2505 805 2535 R.
825 2504 903 2534 xlix.
920 2503 992 2540 608,
1013 2503 1069 2534 611
1088 2503 1162 2544 sq.)
1375 2502 1388 2522 ²
1413 2503 1470 2534 left
1488 2501 1596 2533 blank.
