1715 2780
206 101 280 137 322
357 87 477 125 THE
509 85 834 127 EXTENSION
866 84 937 125 OF
967 83 1441 124 PROTESTANTISM
1525 94 1598 131 130

207 204 280 229 nec
309 197 399 229 ante
429 197 586 229 secutus
616 204 714 238 sum,
737 203 810 228 nec
835 201 1009 239 unquam
1034 187 1226 227 imitanda
1244 200 1330 226 esse
1351 186 1453 226 duxi.
1514 188 1601 226 Nec

207 246 384 295 profecto
404 258 642 284 consensum
663 243 851 283 ecclesiae
873 241 1204 293 conspirationem
1225 254 1311 280 esse
1338 242 1389 280 ad
1416 240 1599 280 iniustam

208 298 408 338 saevitiam
448 300 706 338 exercendam
746 311 922 348 unquam
971 295 1198 335 existimavi.
1270 297 1402 344 Quare
1449 294 1601 334 etiamsi

206 352 327 392 levior
347 353 490 392 alicubi
512 352 657 399 videor,
675 366 756 391 non
777 358 983 402 propterea
998 351 1058 389 vel
1079 350 1129 388 ab
1150 349 1315 388 ecclesia
1330 350 1391 388 vel
1410 362 1434 387 a
1453 349 1603 400 reliquo

208 407 370 445 nomine
391 406 616 447 Christiano
632 406 850 444 disiunctus
868 418 965 443 sum.
1026 406 1129 442 Nam
1151 410 1189 443 et
1209 417 1343 442 verum
1364 416 1601 442 consensum

210 461 439 500 Catholicae
466 460 666 499 Ecclesiae
695 459 839 499 Christi
869 460 1085 509 amplector
1112 457 1178 508 qui
1208 464 1312 496 extat
1338 456 1377 495 in
1406 452 1610 508 scripturis

209 514 465 565 Apostolicis,
484 514 524 552 in
549 514 744 552 veteribus
770 512 990 552 canonibus
1018 519 1055 551 et
1079 512 1267 562 probatae
1295 511 1387 550 fidei
1414 510 1605 562 scriptori-

210 569 310 614 bus;
339 576 376 607 et
398 567 594 619 pollicitus
616 581 701 606 sum
732 581 796 606 me
826 568 1002 617 Synodo,
1022 566 1053 604 si
1080 566 1241 616 quando
1266 565 1337 604 rite
1365 564 1602 612 conveniret,

211 635 290 660 non
312 623 537 661 defuturum
560 635 656 660 esse.

265 731 387 779 Quod
415 743 506 768 vero
536 731 710 768 hortatur
742 731 788 767 R.
805 732 851 766 V.
872 731 920 766 D.
943 736 984 766 ut
1014 734 1215 778 expectem
1247 728 1463 777 Synodum,
1485 728 1608 764 fateor

212 798 275 822 me
307 785 404 822 haec
438 783 603 822 consilia
636 783 878 833 aliquamdiu
915 782 1063 832 Synodi
1094 781 1366 832 expectatione
1397 780 1604 819 distulisse.

214 837 323 886 Quid
363 837 467 876 enim
508 837 710 876 communi
750 836 962 875 concordia
1001 835 1172 886 optatius
1206 837 1336 873 esset?
1393 835 1471 873 Sed
1504 835 1607 872 hanc

214 905 363 930 moram
404 891 605 930 Ecclesiae
644 898 848 942 expectare
886 903 965 928 non
1006 896 1182 940 possunt,
1219 902 1320 939 quae
1353 888 1501 926 interea
1534 887 1608 926 dis-

213 945 431 995 siparentur
457 952 495 984 et
523 945 561 982 in
589 944 842 983 solitudinem
872 957 918 982 ac
938 943 1158 982 vastitatem
1189 942 1454 992 redigerentur
1483 941 1514 980 si
1544 954 1609 979 eas

213 1013 294 1037 non
342 999 682 1038 constitueremus.
743 1000 954 1049 Explorata
1001 997 1097 1036 mihi
1145 1004 1203 1035 est
1249 998 1429 1035 voluntas
1478 994 1609 1035 Caroli

216 1053 479 1103 Imperatoris,
514 1055 562 1091 D.
587 1055 636 1091 N.
674 1051 980 1098 clementissimi,
1017 1064 1136 1101 quem
1168 1050 1250 1089 scio
1280 1063 1422 1100 magna
1451 1056 1610 1088 conten-

215 1106 322 1145 tione
360 1121 383 1145 a
421 1106 629 1146 Clemente
673 1114 710 1146 et
759 1107 882 1144 Paulo
932 1107 997 1145 III
1037 1104 1194 1155 petiisse
1237 1111 1279 1142 ut
1317 1103 1608 1154 quamprimum

215 1162 398 1210 Synodus
420 1161 628 1199 haberetur
648 1168 686 1199 et
706 1160 776 1199 rite
798 1159 963 1210 cognitis
991 1159 1106 1197 rebus
1127 1157 1341 1197 concordia
1360 1156 1611 1196 constituere-

217 1222 288 1253 tur.
348 1215 426 1253 Sed
458 1214 669 1253 Pontifices
700 1228 780 1253 non
801 1215 915 1253 valde
944 1219 1136 1264 appetunt
1165 1213 1358 1262 Synodos,
1381 1219 1419 1250 et
1448 1212 1610 1249 fortasse

216 1282 349 1318 regum
372 1268 517 1306 iudicia
537 1282 617 1307 non
639 1268 722 1306 sine
743 1281 860 1307 causa
882 1274 1062 1306 metuunt
1076 1281 1087 1315 3
1116 1267 1185 1305 sed
1215 1273 1348 1304 tamen
1376 1266 1407 1304 si
1434 1278 1512 1315 qua
1541 1263 1611 1303 erit

215 1322 359 1360 alicubi
382 1323 576 1371 Synodus,
594 1336 675 1361 non
693 1322 815 1361 deerit
836 1321 871 1360 ei
893 1335 1023 1360 meum
1047 1320 1229 1358 officium.
1282 1319 1417 1357 Habet
1432 1320 1480 1356 R.
1494 1320 1542 1357 V.
1560 1320 1611 1357 D.

218 1389 346 1414 meam
368 1376 641 1425 purgationem
663 1383 700 1414 et
721 1382 933 1426 perpetuae
954 1373 1164 1413 voluntatis
1185 1373 1467 1411 testimonium.
1491 1403 1498 1410 .
1523 1402 1529 1410 .
1553 1402 1560 1409 .

273 1429 322 1480 (c)
356 1431 411 1467 To
449 1443 471 1466 a
498 1430 641 1478 friend
669 1431 709 1468 in
748 1430 968 1477 MYrszerg,
1013 1431 1059 1466 26
1100 1428 1201 1474 Oct.‚
1247 1438 1358 1476 1539.
1437 1425 1509 1464 Fui
1550 1425 1611 1464 his

218 1482 358 1521 diebus
374 1483 388 1506 1
410 1482 450 1521 in
482 1482 661 1521 Marchia
680 1482 890 1521 accersitus
916 1496 938 1520 a
961 1481 1166 1520 Ioachimo
1189 1482 1379 1519 Electore.
1404 1511 1411 1518 .
1436 1511 1442 1518 .
1467 1511 1473 1518 .
1508 1479 1612 1518 Deli-

219 1537 375 1574 beratur
387 1538 437 1575 de
451 1536 635 1575 tollendis
648 1536 836 1575 abusibus
853 1535 1116 1582 ecclesiarum,
1133 1536 1202 1574 sed
1218 1536 1364 1573 nollem
1381 1533 1558 1572 adhiberi
1571 1533 1611 1571 in

219 1590 427 1629 consilium
465 1592 690 1629 Mustelam.
751 1592 836 1640 Ego
869 1590 1064 1640 quaedam
1094 1588 1215 1639 ipsius
1245 1587 1460 1627 deliberata
1488 1600 1612 1637 repre-

219 1644 352 1692 hendi,
393 1646 463 1683 sed
502 1644 598 1694 quid
637 1646 809 1682 futurum
858 1644 916 1691 sit,
959 1643 1083 1682 exitus
1126 1643 1319 1681 ostendet.
1378 1642 1467 1680 Kal.
1510 1642 1611 1679 Nov.

220 1697 471 1737 inchoabitur
518 1712 589 1736 res.
661 1699 881 1737 Abolentur
929 1699 1100 1748 privatae
1147 1695 1334 1746 liturgiae,
1384 1694 1614 1734 conceditur

222 1752 492 1790 sacerdotibus
522 1752 761 1802 coniugium,
787 1751 934 1790 tollitur
964 1750 1161 1789 invocatio
1190 1756 1426 1796 sanctorum,
1457 1748 1612 1787 iubetur

222 1818 317 1854 pura
351 1806 530 1844 doctrina
564 1807 674 1853 tradi,
706 1814 744 1844 et
776 1806 1006 1856 proponitur
1035 1812 1161 1843 vestra
1193 1805 1404 1855 κατήχησις.
1464 1803 1614 1841 Conce-

221 1858 325 1897 ditur
363 1859 500 1909 integri
535 1859 768 1898 sacramenti
801 1873 903 1898 usus.
962 1860 1137 1897 Tantum
1169 1871 1247 1896 una
1281 1857 1321 1895 in
1355 1870 1395 1896 re
1428 1855 1615 1895 haerebat

223 1914 242 1950 ὁ
272 1914 404 1963 ἄρχων,
436 1913 619 1963 cupiebat
652 1915 783 1952 adhuc
821 1913 986 1951 retinere
1025 1911 1343 1961 quotidianarum
1373 1909 1612 1960 liturgiarum

223 1979 348 2014 usum,
371 1980 393 2004 a
414 1980 491 2016 qua
512 1967 705 2006 sententia
729 1967 871 2005 deduci
894 1974 1037 2017 posset,
1061 1965 1091 2003 si
1112 1966 1266 2003 abesset
1292 1965 1492 2002 Mustela.2
1512 1994 1520 2002 .
1543 1994 1550 2001 .
1574 1993 1581 2001 .

808 2087 1031 2124 XXXVIII
1055 2119 1060 2125 ,

243 2160 363 2198 THE
394 2157 874 2197 LUTHERANIZING
905 2158 975 2196 OF
1006 2157 1308 2204 DENMARK,
1341 2156 1596 2202 NORWAY,

611 2223 730 2261 AND
762 2223 1027 2269 ICELAND,
1062 2233 1243 2272 1537—40

276 2296 318 2329 In
340 2294 548 2329 Denmark
574 2293 634 2338 (cf.
655 2294 814 2333 Miinter‚
834 2292 876 2326 K
875 2292 1202 2337 irclzengeschz'clzte
1222 2303 1295 2326 von
1319 2290 1550 2335 Dc'z'nemark,
1569 2289 1618 2324 iii.

226 2343 297 2384 448
329 2340 424 2387 sqq.)
454 2342 515 2375 the
549 2340 736 2375 Lutheran
766 2339 866 2383 King
894 2339 1079 2374 Christian
1111 2340 1181 2382 III,
1220 2339 1413 2383 1533—†59‚
1444 2337 1618 2384 planned,

233 2397 270 2425 11
292 2388 387 2433 Aug.
408 2388 497 2433 1536
523 2386 611 2433 [No.
633 2386 725 2431 131]‚
757 2387 825 2421 the
855 2387 1012 2421 seizure
1046 2386 1091 2420 of
1117 2386 1185 2420 the
1214 2386 1385 2430 bishops
1412 2384 1554 2429 (Letter
1581 2383 1622 2418 of

449 2453 454 2471 ¹
483 2453 575 2483 Since
592 2453 666 2482 Oet.
688 2459 736 2481 12.
1045 2449 1057 2468 ²
1081 2450 1210 2490 George
1228 2449 1358 2480 Witzel.

1712 1888 1715 1918 1

1712 1923 1715 1978 ἔ
