1715 2780
52 2542 55 2580 l

55 2594 62 2731 l

102 148 180 188 273
524 137 584 174 IN
615 135 861 181 GENEVA‚
895 133 1073 182 1509—36
1423 141 1498 178 543

102 242 247 294 gratiae
276 240 469 280 visibilem
501 240 678 286 formam,
702 251 818 276 sensu
850 235 945 274 nihil
971 236 1127 283 differt3
1157 247 1237 272 rem
1260 247 1351 272 vero
1373 233 1496 282 ipsam

106 296 243 336 melius
264 309 310 334 ac
331 295 473 334 certius
494 292 673 343 explicat.

157 364 189 389 c.
220 349 308 389 xvii.
362 351 427 387 De
465 347 587 386 Sacra
622 346 773 386 Clm'sti
808 346 944 391 Coena,
977 345 1076 393 ξω.
1111 373 1117 380 .
1153 372 1159 379 .
1190 373 1196 379 .
1232 343 1316 380 Iam
1349 355 1497 380 sacram

105 404 211 443 illam
250 404 376 443 carnis
410 411 448 441 et
487 400 686 452 sanguinis
721 399 779 438 sui
813 396 1230 444 communicationem,
1266 409 1344 446 qua
1379 396 1497 434 vitam

105 472 216 498 suam
240 458 280 497 in
306 471 377 497 nos
405 455 642 495 transfundit
672 455 863 500 Christus,
887 466 968 491 non
999 464 1111 491 secus
1141 464 1186 489 ac
1213 449 1243 489 si
1276 450 1315 488 in
1343 463 1432 488 ossa
1461 458 1499 489 et

107 514 298 552 medullas
329 518 562 562 penetraret,
595 509 636 547 in
663 510 801 549 Coena
829 507 944 546 etiam
971 513 1132 545 testatur
1159 512 1196 544 et
1223 504 1431 554 obsignat:
1462 511 1500 543 et

105 566 267 618 quidem
305 579 387 605 non
425 565 583 604 obiecto
621 563 727 601 inani
766 570 833 601 aut
871 575 995 599 vacuo
1030 559 1141 610 signo
1177 560 1246 598 sed
1285 558 1499 597 efficaciam

105 620 270 672 Spiritus
299 619 358 659 sui
387 619 466 657 illic
495 620 707 668 proferens,
744 630 821 667 qua
850 616 1012 665 impleat
1043 615 1152 664 quod
1187 612 1390 664 promittit.
1450 614 1499 650 Et

105 688 199 714 sane
236 688 317 713 rem
356 673 435 712 illic
473 672 664 723 signatam
704 673 816 709 offert
855 678 893 708 et
931 669 1089 708 exhibet
1128 667 1314 706 omnibus
1344 666 1410 717 qui
1449 667 1500 705 ad

105 729 304 780 spirituale
327 727 423 766 illud
443 728 603 777 epulum
625 725 890 764 accumbunt:
911 736 1137 774 quanquam
1159 736 1182 760 a
1204 721 1386 760 fidelibus
1409 720 1501 759 solis

106 797 196 822 curn
231 784 358 821 fructu
392 780 615 832 percipitur.
637 810 645 818 .
669 809 676 817 .
700 809 706 816 .
729 778 885 828 Quodsi
914 791 1048 816 verum
1080 783 1138 815 est
1168 776 1344 826 praeberi
1385 774 1499 814 nobis

106 837 260 888 signum
280 835 433 875 visibile
453 836 505 874 ad
524 834 812 885 obsignandam
835 831 1039 870 invisibilis
1069 830 1121 869 rei
1147 829 1417 875 donationem,
1440 842 1500 867 ac-

105 899 222 942 cepto
242 889 416 942 corporis
437 890 628 940 symbolo,
652 902 731 927 non
761 887 890 925 minus
917 899 1059 936 corpus
1081 884 1198 923 etiam
1228 885 1355 934 ipsum
1384 882 1500 922 nobis

104 945 188 985 dari
208 952 315 984 certo
334 945 595 983 confidamus.

158 1001 176 1050 §
202 1014 260 1038 11.
296 998 399 1038 Dico
423 999 537 1049 igitur
558 998 683 1048 (quod
714 1004 752 1035 et
778 1008 933 1046 semper
953 994 992 1032 in
1020 993 1186 1033 ecclesia
1206 1000 1408 1042 receptum
1429 991 1501 1030 fuit

105 1061 144 1092 et
171 1053 290 1093 hodie
319 1054 465 1092 docent
486 1051 714 1102 quicunque
741 1058 846 1089 recte
869 1048 1060 1099 sentiunt)
1082 1048 1237 1086 duabus
1264 1046 1381 1085 rebus
1411 1059 1503 1084 con-

106 1115 206 1147 stare
241 1121 393 1146 sacrum
425 1108 587 1146 Coenae
617 1104 871 1156 mysterium:
920 1103 1116 1153 corporeis
1151 1100 1280 1152 signis,
1312 1113 1414 1150 quae
1448 1099 1501 1139 ob

106 1163 242 1201 oculos
262 1161 472 1212 proposita,
488 1174 547 1199 res
568 1159 782 1198 invisibiles
803 1158 1023 1197 secundum
1045 1154 1323 1195 imbecillitatis
1345 1161 1501 1193 nostrae

106 1223 266 1266 captum
299 1215 414 1255 nobis
448 1221 751 1264 repraesentant,
788 1220 826 1251 et
865 1211 1054 1262 spirituali
1089 1209 1260 1256 veritate,
1298 1221 1399 1259 quae
1434 1221 1502 1258 per

106 1270 285 1320 symbola
305 1269 389 1320 ipsa
418 1270 603 1319 figuratur
623 1268 738 1306 simul
766 1274 803 1305 et
828 1266 1043 1305 exhibetur.
1101 1266 1160 1302 Ea
1180 1264 1304 1314 qualis
1326 1264 1384 1310 sit,
1404 1263 1501 1301 dum

106 1323 344 1362 familiariter
382 1325 652 1362 demonstrare
691 1323 790 1367 volo,
832 1320 903 1358 tria
941 1320 1050 1358 soleo
1089 1331 1262 1369 ponere:
1311 1316 1501 1367 significa-

107 1378 267 1426 tionem,
289 1379 491 1416 materiam
514 1389 616 1427 quae
643 1390 689 1414 ex
717 1389 761 1414 ea
782 1375 993 1424 dependet,
1018 1373 1199 1411 virtutem
1222 1385 1290 1410 seu
1316 1372 1499 1409 effectum

107 1446 207 1482 quae
237 1446 283 1471 ex
312 1439 476 1482 utraque
505 1429 771 1480 consequitur.
828 1427 1070 1478 Significatio
1101 1428 1139 1464 in
1172 1424 1500 1476 promissionibus

105 1494 164 1525 est
187 1485 270 1534 sita,
293 1499 394 1536 quae
415 1485 715 1536 quodammodo
746 1490 836 1521 sunt
866 1482 978 1532 signo
1008 1480 1233 1531 implicitae.
1293 1478 1501 1518 Materiam

104 1547 172 1579 aut
210 1539 469 1579 substantiam
500 1552 600 1578 voco
630 1538 831 1578 Christum
866 1549 956 1575 curn
996 1549 1066 1574 sua
1105 1542 1230 1573 morte
1265 1541 1302 1573 et
1337 1545 1501 1572 resurre-

106 1594 250 1633 ctione.
290 1596 364 1633 Per
377 1595 560 1633 effectum
581 1600 713 1631 autem
730 1590 1056 1640 redemptionem,
1073 1589 1271 1636 iustitiam,
1288 1587 1503 1626 sanctifica-

106 1648 254 1687 tionem
275 1647 475 1698 vitamque
501 1654 700 1686 aeternam
728 1653 766 1685 et
787 1658 1048 1695 quaecunque
1071 1643 1147 1681 alia
1173 1642 1288 1681 nohis
1310 1640 1503 1680 beneficia

106 1703 217 1741 affert
248 1702 439 1749 Christus,
480 1701 668 1751 intelligo.
727 1702 847 1738 Porro
886 1699 1041 1737 tametsi
1078 1698 1198 1736 fidem
1231 1697 1328 1734 haec
1368 1694 1503 1733 omnia

105 1755 329 1806 respiciunt,
358 1757 510 1794 nullum
546 1763 678 1793 tamen
707 1755 838 1792 locum
874 1752 1053 1802 relinquo
1085 1752 1176 1789 huic
1208 1749 1347 1788 cavillo
1377 1750 1500 1798 quasi,

107 1811 204 1849 dum
231 1811 309 1849 fide
330 1809 476 1860 percipi
499 1808 699 1848 Christum
731 1807 833 1854 dico,
857 1805 1112 1856 intelligentia
1133 1806 1323 1843 duntaxat
1344 1816 1389 1841 ac
1411 1804 1503 1840 ima-

105 1863 305 1914 ginatione
334 1863 450 1902 velim
481 1861 646 1913 concipi.
706 1862 887 1900 Offerunt
918 1861 1023 1898 enim
1058 1859 1167 1896 illum
1208 1857 1500 1908 promissiones,

105 1931 186 1956 non
217 1925 259 1956 ut
288 1917 328 1956 in
357 1924 518 1967 aspectu
549 1917 671 1954 modo
700 1916 888 1965 nudaque
917 1913 1057 1952 notitia
1086 1914 1327 1958 haereamus,
1361 1912 1430 1950 sed
1460 1918 1502 1948 ut

107 1984 197 2010 vera
217 1971 299 2010 eius
326 1970 688 2010 communicatione
715 1970 899 2008 fruamur.
922 1997 928 2004 .
951 1998 957 2005 .
983 1997 989 2004 .
1011 1967 1113 2005 Dico
1139 1966 1252 2016 igitur
1281 1967 1318 2004 in
1340 1965 1502 2005 Coenae

109 2027 292 2076 mysterio
319 2038 387 2075 per
407 2024 587 2075 symbola
611 2023 722 2074 panis
749 2031 787 2062 et
809 2022 887 2061 vini
909 2021 1110 2062 Christum
1139 2034 1227 2059 vere
1255 2019 1371 2057 nobis
1399 2018 1502 2057 exhi-

107 2079 214 2118 beri¹
246 2080 427 2130 adeoque
459 2092 601 2129 corpus
634 2085 672 2116 et
707 2076 938 2127 sanguinem
971 2075 1066 2122 eius,
1098 2075 1136 2113 in
1165 2074 1309 2125 quibus
1339 2087 1500 2112 omnem

107 2133 375 2172 obedientiam
415 2146 485 2182 pro
523 2132 789 2182 comparanda
820 2130 936 2170 nobis
970 2129 1115 2168 iustitia
1146 2128 1385 2177 adimplevit,
1422 2140 1503 2176 quo

108 2188 255 2226 scilicet
299 2187 467 2238 primum
519 2186 558 2224 in
602 2199 724 2224 unum
771 2198 913 2234 corpus
954 2197 1045 2222 cum
1087 2185 1172 2233 ipso
1217 2183 1498 2225 coalescamus,

109 2242 254 2280 deinde
285 2240 493 2291 participes
525 2239 767 2278 substantiae
798 2238 881 2278 eius
911 2237 1001 2276 facti
1030 2237 1068 2275 in
1094 2237 1290 2274 bonorum
1321 2235 1498 2272 omnium

107 2294 466 2333 communicatione
487 2294 667 2333 virtutem
690 2306 849 2343 quoque
870 2291 1096 2330 sentiamus.

152 2434 163 2453 ¹
185 2435 272 2509 Noltx?
290 2434 344 2465 the
360 2434 518 2509 i6ntluence
538 2434 574 2465 of
590 2434 703 2465 Burzer
725 2433 819 2470 here;
846 2432 909 2464 and
927 2433 966 2463 cf.
983 2431 1037 2462 the
1058 2430 1222 2471 Combsse'o
1243 2429 1501 2469 Tclrapolilana,

107 2482 222 2519 supra,
274 2489 304 2509 o.
324 2487 360 2509 22
389 2503 394 2508 .
