1715 2780
217 144 294 180 618
495 143 614 179 THE
645 140 1118 181 ECCLESIASTICAL
1148 140 1324 178 STATE
1527 147 1608 186 305

218 246 459 297 resipiscant,
477 252 519 285 ut
532 252 616 284 toto
628 245 762 284 animo
778 245 828 283 ad
845 251 882 283 te
899 250 1176 283 convertantur
1195 250 1233 282 et
1253 243 1430 282 conversi
1449 244 1605 295 plenam

219 301 533 339 consolationem
554 306 753 350 reportent
773 298 1040 348 omnibusque
1061 297 1172 336 malis
1193 297 1417 336 liberentur.

234 400 235 403 Ἴ
267 354 461 393 Maiorem
475 361 607 393 autem
625 353 664 391 in
679 354 843 392 modum
859 352 929 391 tibi
945 353 1274 391 commendamus
1291 351 1455 390 miseros
1470 352 1606 390 fratres

219 416 384 456 nostros,
401 414 597 458 quotquot
614 406 936 445 sub'Antichristi
951 406 1156 456 tyrannide
1177 405 1342 456 dispersi
1354 405 1501 453 vivunt,
1516 405 1607 444 cibo

218 463 320 501 vitae
341 462 550 522 spiritualis
571 461 747 500 destituti
774 469 811 499 et
839 460 1018 499 libertate
1050 461 1180 510 palam
1206 459 1416 498 invocandi
1436 459 1606 498 nominis

220 516 275 555 tui
296 516 445 567 privati,
467 524 586 565 atque
615 516 717 553 adeo
747 514 814 564 qui
843 522 909 553 aut
939 514 979 552 in
1009 527 1205 552 carcerem
1235 513 1404 552 coniecti
1429 521 1520 552 sunt
1539 521 1607 552 aut

218 571 296 623 alio
317 583 505 620 quopiam
527 570 648 607 modo
668 569 719 607 ab
740 568 920 607 hostibus
943 567 1145 618 Evangelii
1166 567 1222 606 tui
1243 567 1441 617 oppressi:
1462 575 1504 606 ut
1525 580 1605 614 eos,

220 638 244 662 o
274 623 614 674 indulgentissime
645 625 770 669 Pater,
805 622 969 672 Spiritus
1001 622 1057 660 tui
1087 621 1228 660 robore
1257 621 1393 659 fulcire
1422 621 1603 671 digneris,

220 679 272 717 ita
291 687 334 717 ut
356 691 559 727 nunquam
580 677 757 715 animum
771 677 1057 726 despondeant,
1076 677 1146 714 sed
1167 682 1393 714 constanter
1412 675 1452 713 in
1472 683 1608 713 sancta

219 741 285 771 tua
305 732 513 770 vocatione
534 738 816 791 permaneant,
844 738 886 769 ut
916 744 1078 768 manum
1108 729 1182 768 illis
1202 729 1407 780 porrigere,
1430 736 1545 779 prout
1567 729 1606 767 id

219 787 292 825 illis
323 787 548 825 conducere
577 785 693 833 nosti,
714 784 907 824 consolari
940 784 1057 822 etiam
1088 783 1276 822 adversis
1286 783 1323 821 in
1354 783 1470 822 rebus
1498 791 1535 821 et
1568 783 1606 820 in

218 849 326 879 tuam
358 841 521 879 tutelam
553 847 731 890 receptos
762 852 784 877 a
817 840 999 888 luporum
1032 837 1138 877 rabie
1169 838 1393 884 defendere,
1423 837 1607 875 omnibus

219 895 393 944 denique
427 894 591 944 Spiritus
625 893 681 932 tui
717 893 832 932 donis
863 893 1063 931 cumulare
1094 892 1200 939 velis,
1241 904 1321 941 quo
1360 904 1494 930 eorum
1531 891 1607 930 vita

219 949 362 999 pariter
381 956 419 987 et
440 962 544 986 mors
565 948 616 986 ad
635 947 797 998 gloriam
820 954 927 985 tuam
949 953 1138 996 spectent.

276 1005 493 1050 Postremo,
517 1015 540 1040 o
563 1004 672 1040 Deus
694 1010 731 1040 et
754 1003 878 1048 Pater,
900 1014 922 1039 a
943 1000 1070 1047 nobis,
1093 1000 1160 1049 qui
1180 999 1277 1037 hic
1269 1013 1307 1037 111
1333 999 1495 1038 1101111110
1520 999 1606 1036 Filii

219 1057 275 1095 tui
311 1058 402 1095 Iesu
433 1056 621 1105 verbique
649 1055 732 1093 eius
766 1053 822 1107 [et
853 1062 1011 1092 sanctae
1043 1053 1126 1092 eius
1158 1050 1338 1105 Coenae]
1364 1052 1499 1113 gratia
1517 1065 1607 1091 con-

219 1111 365 1161 gregati
387 1123 533 1157 sumus,
557 1110 641 1148 sine
662 1116 700 1147 te
721 1110 798 1147 hoc
818 1108 990 1148 exorari:
1020 1115 1074 1154 ut,
1095 1120 1186 1146 vere
1210 1107 1325 1146 nobis
1353 1106 1501 1146 conscii
1525 1120 1607 1157 per-

219 1165 325 1203 ditae
345 1172 501 1203 nostrae
521 1164 691 1214 originis,
710 1163 825 1201 simul
846 1162 963 1201 etiam
983 1169 1210 1212 reputemus
1239 1168 1427 1220 quantam
1448 1162 1608 1200 damna-

219 1219 369 1257 tionem
400 1231 620 1256 mereamur
650 1225 688 1256 et
717 1225 866 1267 quanto
896 1217 1056 1255 cumulo
1086 1216 1124 1253 111
1154 1215 1238 1255 dies
1259 1214 1406 1254 nobis
1397 1227 1549 1265 lmpura
1570 1222 1608 1253 et

220 1274 386 1311 scelesta
407 1273 484 1311 vita
505 1285 590 1310 eam
612 1284 824 1321 augeamus
840 1286 850 1318 3
880 1279 932 1318 ut,
955 1284 1076 1320 quum
1100 1283 1171 1308 nos
1191 1269 1285 1308 boni
1306 1268 1435 1307 omnis
1462 1281 1607 1307 vacuos

220 1339 306 1365 esse
326 1339 565 1375 carnemque
586 1333 760 1364 nostram
782 1333 820 1363 et
841 1325 1072 1374 sanguinem
1101 1324 1216 1373 plane
1236 1336 1259 1361 a
1279 1323 1477 1362 cernenda
1497 1322 1604 1372 regni

220 1381 275 1418 tui
296 1380 538 1418 haereditate
558 1380 768 1418 abhorrere
783 1378 1094 1428 cognoverimus,
1113 1390 1159 1415 ex
1180 1377 1320 1415 intimo
1340 1376 1469 1415 cordis
1490 1389 1607 1415 sensu

220 1436 410 1483 firmaque
432 1434 575 1472 fiducia
594 1433 740 1471 dilecto
763 1433 862 1470 Filio
882 1441 950 1470 tuo
973 1433 1063 1470 Iesu
1085 1430 1255 1478 Christo,
1278 1430 1454 1469 Domino
1474 1438 1610 1469 nostro

220 1496 258 1526 et
280 1487 473 1526 Servatori
493 1500 538 1525 ac
561 1486 820 1536 Redemptori
847 1486 975 1533 unico,
1005 1498 1077 1523 nos
1104 1485 1296 1523 dedamus
1311 1498 1321 1532 3
1350 1492 1392 1522 ut
1426 1484 1464 1522 in
1492 1484 1607 1522 nobis

221 1543 304 1592 ipse
324 1541 506 1579 habitans
522 1549 694 1579 veterem
718 1541 826 1578 illum
848 1547 1024 1578 nostrum
1041 1540 1241 1577 Adamum
1263 1538 1481 1588 exstinguat
1501 1551 1548 1576 ac
1569 1538 1607 1575 in

222 1596 423 1634 meliorem
453 1595 571 1633 vitam
601 1603 763 1633 renovet
792 1602 830 1632 et
860 1593 1058 1639 instauret,
1082 1606 1150 1642 per
1175 1605 1294 1641 quam
1316 1605 1462 1630 nomen
1483 1599 1604 1637 tuum,

220 1658 335 1699 prout
356 1650 562 1688 sanctitate
591 1656 629 1687 et
658 1648 847 1699 dignitate
876 1648 1008 1697 pollet,
1036 1646 1145 1685 omni
1172 1646 1211 1683 in
1241 1645 1399 1696 regione
1420 1645 1608 1695 omnique

222 1704 259 1741 in
281 1705 369 1742 loco
389 1703 573 1742 laudibus
594 1704 800 1741 extollatur
816 1710 854 1740 et
869 1701 1031 1752 gloriam
1048 1700 1121 1739 sibi
1138 1700 1314 1738 debitam
1331 1707 1605 1749 consequatur.

221 1758 344 1796 Simul
365 1757 483 1795 etiam
506 1764 547 1795 ut
568 1756 625 1795 ius
646 1756 934 1806 imperiumque
955 1755 993 1792 in
1015 1767 1086 1793 nos
1108 1754 1300 1801 obtineas,
1321 1761 1443 1803 utque
1464 1753 1503 1791 in
1524 1753 1608 1792 dies

222 1811 344 1861 magis
364 1825 410 1849 ac
432 1811 553 1860 magis
573 1818 664 1848 tuae
694 1810 888 1848 maiestati
917 1822 989 1847 nos
1011 1808 1241 1847 submittere
1261 1807 1471 1855 discamus,
1495 1807 1547 1845 ita
1567 1815 1608 1845 ut

222 1865 370 1914 ubique
401 1866 577 1903 locorum
613 1877 779 1914 regnans
814 1862 1044 1909 domineris,
1074 1863 1264 1912 populum
1304 1869 1414 1899 tuum
1453 1868 1608 1911 sceptro

222 1918 328 1956 verbi
364 1919 419 1956 tui
453 1918 697 1968 Spiritusque
730 1918 783 1956 tui
816 1917 991 1967 potentia
1023 1917 1261 1966 gubernans,
1285 1922 1441 1953 tuorum
1474 1922 1605 1953 autem

222 1972 392 2010 hostium
416 1980 580 2010 conatus
610 1972 781 2010 veritatis
812 1980 849 2009 et
880 1970 1049 2008 iustitiae
1079 1977 1168 2008 tuae
1189 1969 1329 2008 robore
1350 1969 1608 2018 pessundans.

222 2028 354 2075 Atque
386 2025 437 2063 ita
468 2026 533 2062 fiat
566 2033 605 2062 ut
636 2025 764 2063 omnis
794 2024 970 2074 potentia
1000 2032 1038 2061 et
1067 2023 1261 2061 celsitudo
1282 2035 1323 2060 se
1342 2022 1487 2071 gloriae
1517 2029 1607 2060 tuae

222 2092 428 2129 opponens
461 2079 498 2116 in
531 2079 614 2117 dies
649 2079 871 2116 destruatur
904 2086 1022 2127 atque
1051 2077 1266 2123 aboleatur,
1289 2077 1418 2114 donec
1444 2089 1607 2126 regnum

223 2142 334 2171 tuum
374 2133 453 2171 suis
493 2132 678 2170 omnibus
718 2132 890 2169 numeris
929 2132 1173 2179 compleatur
1216 2129 1379 2179 eiusque
1420 2129 1608 2179 perfectio

223 2187 379 2236 penitus
412 2186 651 2225 stabiliatur:
683 2198 803 2234 quum
830 2185 1012 2222 videlicet
1045 2184 1161 2221 iudex
1191 2183 1230 2220 in
1251 2196 1419 2232 persona
1440 2183 1526 2221 Filii
1552 2182 1607 2221 tui

223 2240 483 2290 comparebis.
543 2241 599 2278 Ut
629 2252 701 2277 nos
726 2252 803 2277 una
824 2251 914 2276 cum
945 2237 1130 2275 omnibus
1160 2236 1344 2275 creaturis
1374 2250 1504 2275 veram
1531 2238 1609 2286 ple-

223 2308 396 2343 namque
409 2293 678 2332 obedientiam
700 2292 770 2330 tibi
792 2300 1045 2342 praestemus,
1066 2290 1165 2328 sicut
1181 2291 1370 2329 caelestes
1392 2290 1532 2340 Angeli
1553 2290 1607 2328 tui

223 2348 484 2397 exsequendis
502 2346 697 2386 mandatis
714 2346 788 2384 tuis
805 2346 875 2384 toti
893 2352 983 2383 sunt
999 2344 1157 2382 addicti.
1208 2346 1340 2394 Atque
1361 2344 1413 2382 ita
1429 2345 1608 2382 voluntas

223 2410 289 2439 tua
311 2401 470 2439 nemine
491 2408 734 2450 repugnante
755 2400 931 2438 obtineat
952 2410 1171 2447 omnesque
1201 2398 1271 2436 tibi
1301 2398 1467 2447 obsequi
1491 2404 1608 2447 teque

224 2456 353 2493 colere
385 2456 580 2501 studeant,
615 2454 792 2513 propriae
825 2451 1016 2491 voluntati
1047 2451 1313 2501 omnibusque
1351 2451 1477 2489 carnis
1516 2463 1609 2489 suae

223 2509 505 2558 cupiditatibus
535 2508 822 2546 renunciantes.
883 2508 937 2546 Ut
966 2519 1035 2544 nos
1063 2519 1236 2544 amorem
1264 2505 1525 2554 timoremque
1554 2503 1609 2542 tui
