1715 2780
78 150 80 152 ψ
111 137 179 177 175
347 127 766 167 REFORMATION
801 129 861 166 IN
904 120 1136 176 ZURICH,
1172 140 1269 179 1522
1431 143 1504 180 395

166 231 284 270 Nona
319 231 480 269 tandem
511 230 587 277 die,
623 230 770 269 coactis
808 230 960 270 civibus
998 245 1044 270 ac
1085 231 1286 282 indignam
1327 245 1407 270 rem
1448 239 1507 270 tu-

112 284 398 324 multuantibus
422 285 531 334 quod
555 285 730 335 episcopi
755 285 814 324 sui
835 299 917 324 non
937 286 1250 333 admitterentur,
1273 286 1508 334 restiterunt,

111 339 180 389 qui
215 346 326 378 erant
360 351 382 378 e
410 340 569 387 Senatu,
593 353 711 389 quem
741 347 885 379 vocant
914 354 937 379 a
965 353 1132 379 numero
1162 341 1376 388 Minorem,
1399 342 1509 391 quod

111 393 308 433 diversum
338 400 430 432 ante
457 393 732 433 decrevissent.
794 394 932 433 Invitis
962 402 1096 433 tamen
1126 394 1200 433 illis
1231 396 1359 445 coegit
1398 395 1509 445 plebs

111 449 354 499 rogationem
394 460 511 498 super
549 461 594 486 ea
623 461 662 486 re
692 448 839 496 haberi,
870 463 947 499 qua
976 449 1031 487 sic
1061 462 1220 488 sensum
1251 457 1320 497 est,
1353 457 1394 487 ut
1429 450 1510 500 epi-

111 502 220 553 scopi
255 503 314 540 sui
348 510 573 552 praesentes
605 502 692 549 sint,
733 511 853 553 atque
887 503 1020 542 omnia
1053 503 1228 552 audiant,
1264 517 1309 542 ac
1344 503 1373 542 si
1411 517 1509 554 opus

111 557 295 603 habeant,
316 557 592 606 respondeant.
617 587 624 594 .
648 587 655 595 .
680 587 688 595 .

167 613 255 649 Deo
283 610 414 660 gratia.
475 612 578 650 Cum
609 611 713 649 enim
744 610 782 649 in
814 620 993 650 senatum
1025 612 1305 651 inducerentur
1325 619 1509 659 oratores,

111 664 271 703 admissi
301 677 436 702 sumus
465 671 504 703 et
534 678 606 703 nos
627 665 906 715 Tigurinorum
934 666 1121 717 episcopi,
1148 666 1345 705 Henricus
1370 668 1512 717 Engel-

111 718 283 766 hardus‚¹
323 718 509 757 dominus
553 720 605 758 ad
645 720 934 758 Monasterium
978 720 1224 768 Monialium‚
1273 722 1510 771 Rodolphus

111 774 345 812 Roscellus²
384 774 491 823 apud
521 774 710 812 Sanctum
741 776 900 813 Petrum
931 775 1152 825 episcopus,
1184 782 1222 814 et
1251 788 1324 826 ego
1354 777 1511 814 Hulde-

111 828 212 866 ricus
251 826 464 877 Zuinglius.
524 827 586 866 Ibi
626 841 717 866 cum
757 828 917 867 dicendi
956 837 1059 868 esset
1088 829 1162 867 illis
1191 829 1307 880 copia
1340 831 1442 868 facta
1474 838 1512 868 et

112 883 377 932 suffraganeus
408 882 573 920 salutem
603 883 658 920 eis
687 895 733 920 ac
763 882 1083 922 benedictionem
1105 897 1128 922 a
1148 897 1220 922 suo
1249 883 1511 923 illustrissimo

112 937 214 975 duce
243 949 289 974 ac
318 934 507 986 episcopo
542 936 650 987 (nam
689 936 730 975 id
764 944 919 987 oportet
954 937 1093 977 ultimo
1131 939 1293 977 tandem
1327 940 1416 977 loco
1451 938 1513 977 vix

112 989 284 1042 admitti)
313 990 544 1037 nuntiasset,
575 1003 672 1029 voce
701 991 848 1030 deinde
877 991 1107 1030 suavissima
1141 993 1205 1030 illa
1234 1005 1315 1040 sua,
1346 1005 1425 1042 qua
1450 992 1512 1031 vix

113 1045 331 1083 dulciorem
377 1043 416 1082 in
456 1044 628 1084 dicendo
667 1058 843 1095 unquam
881 1046 1038 1086 audivi:
1078 1048 1188 1096 quod
1227 1046 1258 1085 si
1297 1055 1435 1097 pectus
1475 1054 1512 1085 et

113 1099 318 1137 cerebrum
340 1105 493 1137 tantum
515 1106 706 1149 quantum
730 1099 794 1138 illa
822 1108 996 1150 possent,
1019 1100 1163 1151 Ὀρφέα
1184 1100 1334 1140 diceres
1355 1114 1513 1151 supera-

114 1160 244 1191 turum
285 1159 324 1191 et
362 1152 590 1202 Apollinem
632 1153 855 1202 dulcedine,
890 1154 1154 1204 persuadendi
1193 1162 1326 1194 autem
1362 1155 1397 1193 vi
1432 1157 1512 1194 De-

114 1208 363 1246 mosthenem
393 1219 484 1245 cum
515 1207 715 1246 Gracchis.
777 1209 862 1246 Iam
892 1222 983 1247 cum
1009 1209 1227 1248 orationem
1250 1209 1333 1247 eius
1354 1209 1512 1259 cupiam

114 1274 161 1300 ex
186 1261 337 1311 integro
366 1274 523 1310 ponere,
546 1274 702 1312 nequeo
726 1269 811 1300 tum
840 1264 949 1312 quod
970 1264 1145 1310 confuse,
1168 1265 1350 1314 perplexe
1371 1272 1409 1302 et
1430 1263 1515 1302 sine

115 1316 253 1354 ordine
292 1314 450 1362 diceret,
482 1323 566 1354 tum
602 1317 711 1366 quod
746 1324 825 1354 tam
861 1318 1019 1367 longam
1049 1318 1156 1356 haud
1186 1325 1322 1368 putem
1352 1318 1402 1356 ab
1434 1319 1514 1356 ullo

116 1369 250 1408 Portio
280 1370 451 1408 Latrone
481 1370 671 1408 memoria
700 1372 834 1409 teneri.
895 1371 1108 1422 Pugillares
1142 1379 1274 1411 autem
1309 1385 1400 1410 cum
1431 1373 1515 1422 ipse

115 1422 318 1462 habuerim
349 1436 394 1462 ac
424 1437 579 1462 summa
608 1424 737 1475 capita
765 1426 998 1472 adnotarim‚
1023 1433 1064 1464 ut
1085 1426 1334 1465 commodius
1356 1439 1514 1476 possem

115 1477 217 1516 illius
247 1477 362 1516 dictis
391 1477 582 1517 obsistere
611 1492 657 1518 ac
687 1481 936 1529 respondere,
959 1481 1049 1518 volo
1071 1481 1143 1519 ista
1163 1494 1310 1531 ponere
1331 1480 1513 1531 primum,

115 1531 262 1571 deinde
283 1531 379 1582 quid
399 1533 450 1571 ad
472 1532 632 1582 quaevis
654 1533 973 1584 responderimus
995 1534 1199 1574 subiicere.

169 1587 455 1639 Τραγικωτάτως
482 1586 578 1625 dixit
613 1587 671 1638 (Ι)
693 1589 888 1637 quosdam
923 1590 1122 1627 doctrinas
1154 1602 1277 1627 novas
1312 1588 1516 1627 irritabiles

115 1653 161 1679 ac
195 1640 401 1680 seditiosas
440 1641 594 1688 docere,
632 1641 868 1681 Germanice
906 1642 1158 1693 widerw‘artig
1197 1644 1280 1681 und
1318 1644 1516 1692 aufr‘uhrig

116 1695 262 1734 lehren.
341 1696 497 1744 Nempe
544 1695 642 1733 nihil
690 1696 1013 1747 praeceptionum
1062 1699 1324 1736 humanarum
1374 1697 1515 1735 servari

117 1756 308 1798 oportere,
338 1748 435 1786 nihil
465 1750 787 1788 ceremoniarum.
848 1750 907 1802 (2)
938 1752 1052 1799 Quae
1091 1751 1271 1790 doctrina
1309 1752 1340 1789 si
1371 1751 1515 1798 vicerit,

118 1803 290 1841 futurum
326 1810 368 1841 ut
403 1816 484 1840 non
520 1804 641 1842 modo
675 1803 808 1843 civiles
843 1805 947 1854 leges
983 1806 1052 1843 sed
1088 1813 1125 1843 et
1161 1805 1384 1844 Christiana
1419 1806 1517 1843 fides

117 1856 330 1896 aboleatur.
389 1856 450 1907 (3)
472 1858 576 1896 Cum
598 1864 729 1896 tamen
751 1858 999 1898 ceremoniae
1020 1860 1097 1898 sint
1118 1860 1236 1898 veluti
1260 1859 1518 1897 manuductio

120 1912 212 1957 (hoc
242 1910 346 1949 enim
368 1911 489 1950 verbo
510 1912 565 1949 uti
597 1911 650 1949 illi
681 1912 827 1962 placuit
848 1912 966 1951 etiam
988 1914 1095 1963 apud
1117 1926 1184 1952 eos
1206 1913 1273 1963 qui
1296 1913 1517 1963 ignorarent

120 1965 270 2012 Latine,
294 1966 403 2015 quod
434 1965 618 2004 nimirum
642 1968 879 2005 Germanica
908 1981 994 2014 vox,
1017 1967 1106 2006 eine
1135 1967 1363 2017 einleitung‚
1395 1969 1428 2007 ei
1458 1970 1517 2006 vel

118 2032 254 2069 parum
290 2020 400 2058 firma
434 2020 642 2068 videretur,
677 2022 738 2059 vel
769 2020 898 2059 minus
928 2021 1102 2073 elegans)
1141 2023 1192 2061 ad
1227 2022 1398 2060 virtutes
1460 2023 1520 2073 (4)

121 2074 252 2112 Immo
290 2073 475 2112 virtutum
520 2051 669 2113 fontein
716 2088 812 2122 esse,
854 2077 918 2114 ein
958 2089 1150 2126 ursprung
1189 2075 1316 2128 (quod
1355 2077 1518 2115 xerbum

121 2134 252 2165 tamen
275 2134 412 2178 postea
435 2127 507 2166 fuit
534 2141 667 2167 coram
689 2136 746 2168 tot
766 2129 920 2168 arbitris
941 2143 1059 2168 ausus
1081 2131 1240 2182 negare)
1261 2130 1517 2169 ceremonirs.

121 2181 178 2231 (5)
202 2181 554 2232 Quadragesimam
585 2183 677 2222 item
710 2185 840 2222 doceri
868 2198 946 2223 non
978 2184 1119 2224 servari
1150 2192 1356 2235 oportere,
1386 2186 1423 2221 in
1447 2185 1520 2222 hac

121 2235 225 2273 enim
265 2236 361 2275 urbe
399 2249 515 2275 ausos
555 2250 640 2275 esse
679 2239 873 2288 quosdam
914 2252 999 2277 sese
1032 2252 1055 2277 a
1089 2238 1247 2289 reliquis
1288 2237 1521 2277 Christianis

121 2302 298 2339 separare
328 2297 365 2329 et
395 2303 416 2328 a
446 2290 671 2330 Christiana
701 2292 867 2330 ecclesia
898 2293 1021 2344 (quod
1049 2293 1166 2331 etiam
1192 2293 1354 2331 verbum
1385 2300 1521 2342 postca

164 2386 174 2404 ¹
200 2386 246 2419 H.
261 2387 460 2428 Engelhard,
478 2389 581 2429 1482-
586 2390 707 2430 †1551‚
723 2390 857 2422 became
873 2388 1005 2432 People'
1009 2401 1023 2421 s
1039 2391 1141 2422 Prie-st
1158 2395 1190 2421 at
1208 2390 1261 2421 the
1280 2389 1304 2419 Ι4
1309 2390 1522 2428 raumiinster,

126 2429 359 2516 1496Rudolph
389 2475 535 2513 Riischli,
563 2476 713 2518 Peoplc's
739 2477 842 2508 l‘riest
871 2482 903 2509 at
929 2476 1428 2517 St.Pete1s,1503-22.11e
1456 2488 1524 2508 uas

123 2517 297 2549 succeeded
312 2518 354 2558 by
372 2519 438 2550 Leo
455 2520 550 2560 Jud'a.
