1715 2780
109 151 189 190 272
529 139 590 177 IN
622 137 865 182 GENEVA,
903 136 1085 185 1509—36
1430 143 1505 182 529

168 243 215 292 1⁰,
238 245 261 282 a
284 249 371 282 tout
394 242 511 281 fidele
532 239 739 281 Chrestien
765 246 824 277 est
847 246 886 277 et
909 238 993 277 doit
1020 245 1121 276 estre
1145 244 1221 275 tres
1249 237 1407 283 certain,
1430 249 1508 285 que

109 306 242 338 nostre
271 297 460 347 Seigneur
489 303 527 334 et
556 296 640 333 seul
671 296 845 333 Sauveur
874 295 988 342 Jesus
1020 292 1164 337 Christ,
1197 303 1355 329 comme
1383 291 1507 339 grand

111 355 294 402 Evesque
328 358 367 390 et
396 353 559 389 Pasteur
587 349 886 388 eternellement
915 347 1093 385 ordonne
1121 346 1172 384 de
1200 345 1316 391 Dieu,
1339 358 1362 382 a
1392 343 1507 382 baille'

110 420 182 446 son
211 419 336 455 corps,
359 418 430 443 son
455 417 555 451 ame,
578 416 620 442 sa
643 402 704 441 vie
731 409 769 440 et
798 415 869 440 son
897 414 992 450 sang
1016 413 1115 450 pour
1140 407 1271 438 nostre
1293 399 1509 436 sanctifica-

110 463 205 509 tion,
221 474 269 499 en
292 459 466 498 sacrifice
486 465 563 496 tres
584 458 745 507 parfait:
773 457 903 505 lequel
923 454 1098 494 sacrifice
1118 466 1168 492 ne
1190 461 1282 503 peut
1304 461 1341 491 et
1358 466 1408 490 ne
1424 453 1507 490 doit

109 514 247 565 jamais
282 522 382 552 estre
417 511 552 551 reitere
591 524 660 562 par
688 523 818 548 aucun
853 510 1029 547 sacrifice
1057 508 1207 554 visible,
1240 506 1307 557 qui
1338 520 1387 544 ne
1417 513 1509 544 veut

110 568 370 608 entierement
399 579 590 605 renoncer
613 567 635 603 a
658 564 784 611 icelui,
817 577 974 602 comme
1000 564 1056 601 s’il
1081 563 1196 601 estoit
1221 575 1310 600 sans
1337 561 1507 607 efficace,

111 623 331 662 insuffisant
360 628 399 659 et
427 620 633 670 imparfait,
657 627 694 657 et
724 632 801 668 que
822 620 936 667 Jesus
962 616 1093 657 Christ
1121 618 1246 654 n’eust
1270 616 1381 665 point
1403 614 1510 652 satis-

110 678 220 717 faita
239 678 276 714 la
293 674 434 725 justice
456 675 506 712 de
528 673 631 712 Dieu
653 686 726 711 son
748 674 843 710 Pere
873 685 972 721 pour
999 684 1109 717 nous,
1133 678 1171 708 et
1192 669 1284 720 qu'il
1305 682 1355 707 ne
1376 669 1453 706 sust
1474 669 1510 707 le

113 732 190 769 vrai
216 731 359 776 Christ,
388 730 573 773 Sauveur,
604 729 767 773 Prestre,
799 728 982 775 Evesque
1014 733 1052 763 et
1084 724 1317 769 Mediateur,
1342 723 1510 772 laquelle

112 787 233 824 chose
253 797 335 823 non
356 784 575 822 seulement
596 781 690 828 dire,
714 780 810 818 mais
831 781 934 818 aussi
956 792 1107 829 penser,
1125 786 1184 817 est
1204 791 1257 815 un
1279 776 1451 815 horrible
1472 784 1510 814 et

111 839 316 878 execrable
332 837 575 887 blaspheme.
618 837 669 873 Et
689 843 819 872 toutes
840 835 912 872 fois
934 835 970 871 la
990 841 1088 871 terre
1104 846 1126 870 a
1143 835 1224 870 este
1239 839 1277 870 et
1293 838 1351 869 est
1368 843 1511 868 encore

113 895 163 933 de
183 899 340 944 present
360 905 410 930 en
430 891 623 941 plusieurs
643 889 745 927 lieux
767 890 932 938 chargee
963 894 1001 926 et
1031 886 1192 936 remplie
1213 886 1263 924 de
1284 884 1512 923 miserables

113 947 420 986 sacrificateurs:
451 945 635 995 lesquels,
659 956 816 982 comme
847 942 923 980 s⁷ils
952 949 1131 991 estoyent
1156 953 1227 978 nos
1255 941 1508 985 redemteurs‚

114 1015 154 1040 se
189 1008 355 1040 mettent
384 1013 433 1038 au
468 998 544 1037 lieu
577 999 627 1036 de
654 999 768 1047 Jesus
798 996 941 1040 Christ,
970 1008 1021 1034 ou
1053 1008 1093 1033 se
1123 995 1208 1032 font
1238 1005 1510 1042 compagnons

113 1054 280 1102 d'icelui,
299 1054 431 1094 disans
448 1052 560 1103 qu³ils
576 1053 715 1091 offrent
735 1052 758 1088 a
775 1050 878 1088 Dieu
895 1051 1069 1088 sacrifice
1086 1048 1254 1098 plaisant
1271 1055 1309 1085 et
1328 1046 1512 1096 agreable

113 1123 271 1148 comme
297 1107 398 1147 celui
433 1107 686 1152 d’Abraham,
716 1106 870 1143 d'Isaac
896 1111 935 1142 et
966 1105 1016 1142 de
1043 1103 1181 1152 Jacob,
1211 1114 1310 1151 pour
1342 1102 1378 1138 le
1411 1101 1512 1138 salut

114 1171 199 1202 tant
225 1164 294 1202 des
315 1162 450 1200 vivans
475 1174 551 1210 que
581 1161 651 1198 des
682 1167 918 1208 trespassezz
949 1170 994 1195 ce
1020 1156 1132 1206 qu'ils
1157 1157 1242 1194 font
1266 1162 1512 1205 apertement

114 1225 250 1256 contre
270 1224 381 1255 toute
401 1217 437 1253 la
457 1213 575 1253 verite
596 1214 646 1252 de
667 1214 703 1251 la
724 1214 760 1251 S.
785 1211 993 1258 Escriture,
1017 1210 1160 1248 faisans
1185 1218 1384 1247 menteurs
1406 1215 1512 1246 touts

113 1274 170 1311 les
200 1273 389 1322 Apostres
419 1277 457 1307 et
489 1267 784 1317 Evangelistes:
819 1274 857 1304 et
887 1279 928 1304 se
958 1266 1209 1303 desmentent
1237 1275 1509 1308 eux-mesmes,

115 1338 189 1364 veu
205 1327 367 1375 qu'avec
385 1322 513 1362 David
530 1321 575 1360 ils
592 1323 781 1360 chantent
796 1327 835 1358 et
850 1320 1075 1358 confessent
1091 1326 1179 1357 tous
1196 1319 1250 1355 les
1268 1316 1512 1355 Dimanches

114 1393 165 1419 en
185 1381 287 1418 leurs
302 1380 472 1428 Vespres
493 1389 570 1427 que
584 1377 699 1425 Jesus
714 1374 846 1414 Christ
867 1381 924 1412 est
944 1373 1090 1412 eternel
1112 1371 1382 1411 Sacrificateur
1402 1371 1513 1408 selon

115 1435 255 1472 l'ordre
275 1434 326 1472 de
348 1430 629 1470 Melchisedec.

171 1488 227 1527 Or
246 1501 296 1526 ne
317 1484 549 1536 peuvent—ils
570 1483 663 1522 faire
690 1483 881 1521 entendre
907 1482 930 1519 a
950 1481 1018 1518 nul
1039 1481 1089 1519 de
1111 1478 1194 1518 sain
1216 1478 1512 1523 entendement,

117 1555 194 1592 que
215 1543 329 1592 Jesus
346 1539 478 1580 Christ
500 1546 538 1577 et
558 1551 618 1576 ses
640 1538 857 1587 Prophetes
878 1542 916 1574 et
936 1537 1127 1585 Apostres
1149 1532 1234 1583 (qui
1255 1532 1421 1570 rendent
1442 1538 1514 1568 tes-

118 1595 325 1645 moignage
356 1595 405 1633 de
439 1592 511 1644 lui>
545 1598 684 1642 soyent
718 1597 942 1629 menteurs:
975 1589 1072 1626 mais
1105 1589 1187 1625 faut
1218 1598 1377 1635 maugre
1411 1585 1514 1622 leurs

118 1651 233 1689 dents
250 1662 327 1699 que
340 1650 376 1687 le
393 1649 498 1698 Pape
520 1653 559 1685 et
578 1652 687 1684 toute
709 1658 749 1683 sa
762 1643 936 1682 vermine
949 1643 999 1682 de
1017 1641 1253 1686 Cardinaux‚
1270 1640 1514 1687 d'Evesques

118 1711 156 1742 et
176 1704 227 1742 de
246 1709 424 1753 prestres,
440 1702 490 1740 de
512 1699 670 1739 Moines
692 1707 730 1737 et
748 1706 877 1736 autres
898 1696 1090 1745 caphards
1112 1694 1261 1733 diseurs
1283 1694 1333 1731 de
1354 1704 1516 1738 messes,

119 1765 157 1796 et
178 1765 267 1795 tous
293 1769 392 1795 ceux
420 1754 487 1805 qui
513 1768 536 1804 y
559 1759 804 1798 consentent‚
829 1758 967 1799 soyent
993 1751 1089 1787 tels:
1118 1746 1300 1793 assavoir‚
1324 1746 1516 1794 saux-pro-

119 1812 271 1861 phetes,
303 1809 535 1849 damnables
569 1815 804 1855 trompeurs,
837 1811 1022 1853 apostats‚
1058 1804 1186 1851 loups,
1219 1802 1512 1849 faux-pasteurs‚

119 1864 315 1911 idolatres,
345 1864 584 1909 seducteurs‚
617 1868 816 1899 menteurs
844 1866 882 1896 et
912 1857 1249 1907 blasphemateurs
1278 1852 1514 1899 execrables,

121 1917 342 1957 meurtriers
363 1918 432 1956 des
453 1928 572 1961 ames,
596 1925 833 1953 renonceurs
853 1913 903 1950 de
923 1913 1037 1960 Jesus
1058 1909 1200 1955 Christ,
1223 1908 1273 1946 de
1293 1920 1335 1945 sa
1356 1914 1456 1944 mort
1477 1913 1516 1944 et

120 1971 289 2022 passion,
316 1970 622 2016 faux-tesmoins‚
651 1966 831 2013 traistreS,
853 1967 1001 2003 larrons
1029 1971 1066 2002 et
1086 1962 1295 2000 ravisseurs
1316 1961 1366 1999 de
1396 1960 1517 1997 l'hon-

122 2039 219 2065 neur
238 2026 289 2064 de
311 2024 426 2072 Dieu,
447 2031 485 2062 et
511 2024 598 2072 plus
625 2021 864 2060 detestables
890 2031 968 2068 que
993 2019 1049 2056 les
1073 2016 1234 2056 diables.
1295 2015 1372 2054 Car
1392 2025 1459 2062 par
1481 2014 1516 2050 le

122 2080 246 2130 grand
276 2086 314 2117 et
344 2077 560 2117 admirable
595 2074 768 2114 sacrifice
806 2074 856 2112 de
887 2074 1002 2122 Jesus
1040 2071 1184 2116 Christ,
1217 2075 1302 2107 tout
1341 2066 1516 2106 sacrifice

122 2132 312 2172 exterieur
337 2139 376 2170 et
405 2131 542 2169 visible
569 2138 627 2168 est
650 2128 754 2168 aboli
781 2135 819 2166 et
846 2125 1017 2164 evacue':
1061 2132 1099 2162 et
1123 2124 1262 2172 jamais
1286 2128 1395 2159 autre
1420 2121 1517 2158 n'est

124 2186 321 2225 demeure.
371 2185 429 2225 Ce
446 2198 523 2235 que
541 2185 579 2232 je
596 2183 635 2221 di
657 2190 715 2221 est
731 2189 806 2220 tres
823 2181 1065 2229 amplement
1083 2177 1255 2215 monstre'
1273 2188 1321 2212 en
1335 2173 1516 2223 l’Epistre

123 2254 197 2278 aux
219 2238 434 2285 Hebrieux,
457 2251 497 2276 es
518 2238 629 2286 chap.
650 2235 701 2273 vii
723 2233 802 2287 [26‚
829 2231 907 2285 27],
929 2234 965 2270 ix
988 2229 1089 2284 [12],
1112 2244 1135 2268 x
1157 2228 1236 2282 [10,
1265 2225 1339 2279 18].
1364 2256 1372 2264 .
1395 2256 1402 2264 .
1425 2256 1432 2264 .

181 2291 232 2340 2⁰,
254 2306 304 2332 en
333 2299 439 2331 ceste
473 2292 745 2329 malheureuse
767 2289 911 2333 Messe,
934 2299 986 2324 on
1017 2298 1040 2323 a
1068 2297 1149 2322 non
1179 2284 1398 2321 seulement
1427 2292 1516 2329 pro-

125 2345 267 2397 voque‚
290 2345 387 2384 mais
416 2343 521 2383 aussi
547 2342 691 2394 plonge':
720 2348 758 2380 et
782 2342 835 2380 du
866 2347 952 2378 tout
975 2337 1137 2388 abysme
1162 2334 1273 2386 quasi
1299 2334 1518 2371 l'universel

126 2401 273 2439 monde
294 2413 344 2438 en
367 2397 546 2438 idolatrie
571 2395 772 2447 publique,
796 2394 932 2444 quand
958 2394 1198 2430 faussement
1222 2401 1274 2427 on
1297 2401 1321 2424 a
1340 2385 1474 2426 donne
1495 2385 1519 2423 a

126 2454 317 2493 entendre
343 2465 419 2502 que
447 2464 537 2490 sous
564 2452 619 2489 les
646 2461 807 2499 especes
835 2448 885 2486 de
911 2445 1003 2496 pain
1030 2453 1068 2483 et
1089 2445 1139 2483 de
1162 2442 1227 2480 vin
1248 2443 1363 2491 Jesus
1385 2438 1518 2479 Christ

126 2515 185 2546 est
211 2513 383 2545 contenu
404 2512 441 2543 et
462 2503 583 2543 cache'
609 2503 948 2552 corporellement,
971 2499 1197 2548 reellement
1218 2503 1257 2533 et
1284 2493 1517 2544 personelle-

180 2576 245 2608 944
776 2566 806 2591 M
829 2567 866 2591 m
