1715 2780
118 84 175 122 49
287 74 641 112 RADICALISM
672 74 746 111 AT
778 73 1172 120 WITTENBERG,
1209 86 1361 123 1521—2
1470 87 1517 124 97

119 191 187 229 per
207 190 294 217 eam
315 178 567 216 occasionem
589 190 723 216 verum
744 190 790 215 ac
817 176 1013 215 sincerum
1040 190 1154 215 usum
1180 190 1328 216 coenae
1356 178 1518 216 Domini

118 246 141 271 a
164 231 324 272 Christo
354 239 392 271 et
420 231 610 282 apostolis
639 231 825 270 traditum
856 232 1191 281 observatumque
1220 230 1399 271 adiutore
1431 234 1519 271 Deo

116 286 328 326 restituere.

175 350 226 380 20.
259 340 438 380 Privatae
460 340 619 388 Missae,
643 342 778 391 quales
800 340 920 380 hodie
941 341 1050 388 fiunt,
1074 348 1208 391 aperte
1228 348 1406 391 pugnant
1426 354 1518 380 cum

116 394 363 435 institutione
391 403 510 446 atque
537 394 812 434 observatione
833 394 979 435 Christi
1006 402 1044 434 et
1071 397 1353 446 apostolorum.
1413 397 1517 434 Nam

117 449 298 490 Christus
320 457 358 489 et
379 449 587 488 minimum
614 449 827 488 duodecim
848 449 1018 500 apostoli
1047 449 1180 488 multis
1209 463 1287 488 una
1312 449 1519 489 distribue-

115 511 219 553 runt,
256 517 330 543 nec
369 517 546 555 unquam
586 517 687 542 unus
726 503 907 554 privatim
951 517 992 543 se
1031 503 1160 554 ipsum
1200 503 1518 543 communicasse

115 557 263 609 legitur.
309 558 418 597 Hinc
434 558 551 597 etiam
570 559 715 597 Paulus
736 557 904 608 privatas
920 571 1065 597 coenas
1082 557 1299 598 Corinthiis
1321 558 1519 608 prohibet,

115 625 206 651 cum
238 612 366 663 inquit
400 626 417 651 1
450 612 540 653 Cor.
573 612 610 650 xi
651 610 747 665 [33],
791 612 959 661 Quoties
998 612 1218 651 convenitis
1257 613 1308 651 ad
1349 614 1516 651 mandu-

113 667 296 714 candum,
320 668 392 705 &c.

170 730 222 771 30.
256 720 436 761 Christus
461 728 668 771 utramque
693 728 854 771 partem,
880 722 956 759 hoc
983 728 1052 768 est,
1080 721 1273 771 integrum
1299 734 1516 761 sacramen-

115 782 199 814 tum
233 775 317 814 dari
350 775 460 814 iussit
494 782 532 814 et
563 774 758 814 ordinavit
797 775 994 813 omnibus.
1056 776 1159 814 Cum
1199 774 1314 825 igitur
1354 776 1517 825 Missae,

114 843 212 880 quas
235 837 368 869 nostra
385 829 482 869 vidit
511 836 629 877 aetas,
653 831 705 868 ita
734 829 949 879 dispositae
980 829 1056 868 sint
1088 837 1129 868 ut
1158 829 1407 869 adstantibus
1438 844 1517 869 una

114 885 304 923 duntaxat
324 897 412 935 pars
432 884 667 923 sacramenti
688 883 928 931 exhibeatur,
947 897 1027 923 non
1049 892 1215 935 possunt
1236 884 1515 933 Augustiniani

115 939 221 978 bona
249 938 491 978 conscientia
521 940 623 977 hanc
653 937 930 986 ceremoniam,
954 952 977 977 a
1002 939 1130 977 verbis
1156 937 1301 978 Christi
1333 938 1513 983 alienam,

114 1006 186 1032 suo
207 995 389 1043 exemplo
409 993 653 1032 confirmare.

170 1049 231 1086 De
270 1047 330 1086 his
369 1047 748 1098 Augustinianorum
788 1047 960 1085 articulis
1001 1048 1044 1085 C.
1069 1049 1115 1085 V.
1148 1048 1316 1086 breviter
1346 1048 1516 1097 cogitata

113 1109 245 1140 nostra
265 1101 562 1152 perscribemus.
588 1133 595 1140 .
619 1132 626 1139 .
652 1133 658 1140 .

169 1154 246 1208 [10]
280 1157 383 1195 Nam
403 1157 536 1203 Missa,
560 1163 601 1194 ut
623 1169 728 1194 nunc
752 1163 904 1203 vocant,
924 1169 992 1195 seu
1015 1157 1153 1196 Coena
1176 1156 1390 1195 Dominica
1410 1157 1517 1196 iuxta

114 1209 261 1250 Christi
281 1209 568 1249 institutionem
591 1210 745 1260 proprie
766 1218 803 1248 et
824 1210 1090 1260 principaliter
1117 1209 1214 1248 nihil
1246 1218 1303 1249 est
1332 1210 1405 1248 nisi
1431 1211 1515 1261 ipsa

113 1263 337 1304 distributio
366 1271 404 1304 et
433 1264 688 1303 manducatio
719 1264 891 1314 corporis
921 1272 959 1303 et
990 1264 1190 1315 sanguinis
1215 1264 1391 1304 Domini.
1453 1267 1515 1304 De

113 1325 268 1358 caetero
289 1332 391 1369 quae
410 1319 621 1365 adduntur,
641 1318 848 1357 hominum
871 1326 908 1357 et
931 1319 1103 1357 Romani
1127 1318 1329 1358 Pontificis
1350 1321 1514 1358 auctori-

113 1380 191 1412 tate
221 1380 377 1424 recepta
406 1372 613 1424 indiesque
642 1367 842 1412 cumulata
869 1374 1035 1412 fuerunt.
1095 1375 1181 1412 Nec
1202 1373 1330 1412 differt
1352 1375 1516 1413 mandu-

113 1427 216 1466 catio
235 1427 449 1467 sacerdotis
470 1427 520 1466 ab
542 1441 659 1478 opere
681 1427 768 1466 laici
788 1427 990 1474 sumentis,
1007 1427 1113 1466 idem
1130 1435 1188 1467 est
1210 1436 1513 1476 sacramentum,

113 1494 193 1532 quo
231 1483 493 1521 admonemur
531 1495 603 1521 ceu
639 1489 722 1520 rato
754 1490 792 1521 et
831 1458 1024 1520 infallibili
1065 1481 1177 1532 signo
1211 1489 1249 1520 et
1284 1482 1514 1521 testimonio

114 1535 352 1575 remissionis
384 1537 561 1575 omnium
594 1544 859 1587 peccatorum,
892 1536 998 1574 iuxta
1033 1535 1179 1576 Christi
1210 1536 1385 1575 dictum:
1420 1538 1513 1575 Hoc

114 1590 428 1641 quotiescunque
457 1590 617 1638 facietis,
650 1590 766 1630 facite
795 1590 834 1628 in
866 1591 941 1629 mei
973 1590 1407 1638 commemorationem,
1441 1590 1461 1628 i.
1479 1605 1510 1629 e.

113 1645 363 1684 recordantes
384 1644 675 1684 misericordiae
702 1652 740 1684 et
770 1645 953 1684 beneficii
975 1646 1083 1695 quod
1105 1644 1216 1683 vobis
1247 1658 1316 1694 per
1345 1653 1512 1683 mortem

115 1712 242 1738 meam
278 1700 469 1738 donatum
503 1707 541 1738 et
572 1699 791 1738 exhibitum
827 1707 895 1738 est.
959 1699 1067 1737 Hinc
1099 1712 1191 1749 ergo
1218 1698 1383 1737 efficitur
1420 1698 1514 1737 Mis—

114 1765 196 1791 sam
226 1766 295 1792 seu
325 1754 674 1792 manducationem
700 1753 915 1792 sacerdotis
941 1766 1193 1803 nequaquam
1221 1766 1307 1791 esse
1337 1754 1413 1791 tale
1441 1753 1512 1791 bo-

115 1821 208 1846 num
239 1820 339 1857 opus
368 1821 448 1858 quo
480 1810 568 1846 Deo
598 1809 810 1846 reddamus
840 1814 907 1845 aut
937 1808 1147 1845 offeramus
1174 1806 1324 1857 aliquid
1352 1808 1512 1857 placans

115 1862 258 1907 Deum,
281 1869 318 1900 et
340 1861 582 1901 satisfaciens
604 1875 674 1912 pro
694 1861 810 1901 nobis
831 1868 898 1900 aut
918 1861 1013 1908 aliis,
1038 1861 1137 1900 sicut
1159 1875 1233 1900 nec
1254 1861 1512 1899 manducatio

112 1915 198 1954 laici
234 1915 343 1954 alteri
382 1923 511 1967 potest
545 1916 743 1967 applicari,
776 1929 849 1955 nec
888 1915 1121 1966 cuiusquam
1155 1916 1380 1966 Baptismus
1411 1917 1513 1954 valet

113 1983 183 2020 pro
211 1970 298 2009 alio.

168 2025 289 2063 Porro
336 2025 516 2064 omnium
559 2024 808 2064 confessione
861 2024 984 2075 liquet
1029 2032 1157 2063 totum
1205 2024 1302 2063 illud
1347 2037 1511 2074 regnum

114 2077 326 2117 Missarum
361 2080 437 2118 hoc
470 2092 599 2118 errore
632 2078 904 2127 constitutum,
939 2086 981 2117 ut
1019 2078 1096 2117 sint
1131 2079 1283 2117 bonum
1322 2091 1422 2128 opus
1461 2079 1512 2117 ad

113 2139 245 2171 nostra
278 2141 316 2172 et
354 2133 519 2172 aliorum
557 2140 720 2184 peccata
758 2134 964 2183 expianda.
1024 2133 1146 2181 Quod
1179 2132 1275 2182 quid
1307 2132 1415 2170 aliud
1454 2140 1513 2170 est

114 2198 232 2235 quam
285 2200 441 2237 prorsus
489 2188 700 2226 obscurare
751 2187 1005 2237 praecipuum
1053 2186 1262 2225 articulum
1309 2185 1513 2225 doctrinae

115 2239 316 2291 Evangelii
340 2242 391 2281 de
415 2241 561 2281 iustitia
583 2241 676 2281 fidei
697 2255 869 2292 veroque
892 2255 965 2280 usu
995 2242 1361 2280 sacramentorum?
1420 2242 1513 2278 Hoc

114 2292 245 2344 itaque
276 2295 562 2346 superstitionis
597 2295 791 2347 contagio,
829 2303 1010 2346 serpente
1048 2295 1237 2346 paulatim
1276 2294 1512 2352 longiusque

114 2349 343 2396 prodeunte,
367 2351 514 2389 factum
531 2357 589 2389 est
610 2357 651 2388 ut
673 2350 712 2388 in
734 2349 894 2400 singulis
916 2351 994 2389 fere
1015 2349 1172 2409 templis
1201 2356 1239 2387 et
1265 2347 1512 2386 monasteriis

117 2401 441 2442 hebdomadatim
480 2411 660 2464 quatuor,
700 2404 877 2455 quinque
920 2411 986 2442 aut
1026 2403 1143 2442 etiam
1192 2404 1322 2452 plures
1363 2400 1512 2438 Missae

117 2467 139 2492 a
159 2454 318 2506 singulis
339 2458 527 2507 personis,
550 2458 590 2496 in
612 2457 772 2508 singulis
802 2457 989 2497 altaribus
1019 2458 1278 2496 celebrandae
1307 2455 1511 2494 ordinatae

171 2525 235 2557 944
802 2524 830 2550 H
