1715 2780
217 83 292 118 412
378 70 498 108 THE
529 68 946 109 DISPUTATIONS
976 69 1049 106 AT
1079 58 1308 116 ZURICH‚
1345 78 1444 117 1523
1535 67 1610 106 186

276 187 334 223 13.
366 173 500 212 Verbo
522 172 598 212 Dei
619 186 742 223 quum
769 173 991 211 auscultant
1021 171 1218 221 homines,
1238 184 1333 223 pure
1352 179 1390 211 et
1411 171 1611 210 sinceriter

216 229 459 266 voluntatem
482 227 559 266 Dei
589 227 756 266 discunt.
817 225 975 265 Deinde
998 240 1067 277 per
1095 225 1282 277 Spiritum
1305 225 1380 264 Dei
1410 225 1450 264 in
1478 227 1609 265 Deum

217 283 423 320 trahuntur
443 288 481 320 et
501 281 619 320 veluti
641 282 975 319 transformantur.

276 349 335 383 14.
366 336 531 374 Summo
552 334 666 385 igitur
695 334 827 373 studio
853 335 930 373 hoc
956 347 1081 373 unum
1101 333 1141 372 in
1161 333 1294 385 primis
1315 341 1452 373 curent
1471 347 1609 373 omnes

216 389 441 437 Christiani,
477 396 519 428 ut
553 388 797 438 evangelium
829 388 975 428 Christi
1013 389 1129 427 unice
1163 395 1202 427 et
1235 388 1434 427 sinceriter
1463 388 1610 438 ubique

217 443 472 494 praedicetur.

277 509 336 547 15.
377 497 457 546 Qui
488 496 611 536 credit
643 496 857 546 evangelio,
880 497 1008 535 salvus
1029 495 1128 544 erit3
1157 496 1224 546 qui
1251 510 1332 535 non
1362 495 1497 545 credit,
1520 509 1610 534 con-

217 552 480 591 demnabitur.
544 552 649 589 Nam
670 550 709 588 in
730 550 932 601 evangelio
953 550 1082 589 omnis
1103 550 1241 589 veritas
1263 550 1450 589 clarescit.

277 608 333 643 16.
366 607 414 644 In
435 604 638 655 evangelio
659 604 847 643 discimus
868 604 1075 644 hominum
1106 604 1303 644 doctrinas
1324 612 1363 643 et
1383 603 1611 643 traditiones

218 661 268 699 ad
290 661 456 699 salutem
483 659 580 697 nihil
600 672 684 698 esse
705 658 830 698 utiles.

276 716 349 763 17.¹
380 713 558 754 Christus
579 714 719 752 unicus
739 720 920 752 aeternus
942 720 980 751 et
1000 726 1177 751 summus
1197 720 1255 752 est
1275 713 1469 752 sacerdos.
1531 711 1611 761 Qui

219 781 310 819 ergo
331 781 372 807 se
392 781 464 818 pro
485 767 648 806 summis
669 767 939 806 sacerdotibus
953 766 1168 814 venditant,
1189 767 1334 818 gloriae
1355 774 1393 806 et
1413 766 1612 817 potentiae

219 822 367 862 Christi
388 824 653 869 adversantur,
676 828 714 860 et
735 822 937 861 Christum
957 820 1147 860 reiiciunt.

279 877 354 915 18.²
384 876 563 916 Christus
585 875 652 926 qui
673 889 758 914 sese
780 877 901 915 semel
922 875 962 913 in
982 889 1097 914 cruce
1117 874 1260 914 obtulit
1280 874 1409 914 hostia
1428 881 1486 913 est
1507 881 1545 913 et
1561 875 1612 913 vi-

219 932 337 969 ctima
357 930 598 969 satisfaciens
626 930 665 968 in
691 937 894 969 aeternum
922 943 991 980 pro
1020 929 1191 980 peccatis
1216 928 1394 968 omnium
1422 928 1609 967 fidelium.

223 986 281 1023 Ex
302 998 383 1035 quo
403 984 597 1035 colligitur
618 984 776 1023 missam
797 998 879 1023 non
900 997 985 1023 esse
1006 983 1251 1031 sacrificium,
1274 984 1343 1022 sed
1365 982 1542 1021 sacrificii
1572 982 1611 1020 in

219 1052 334 1078 cruce
366 1040 488 1077 semel
519 1038 641 1077 oblati
676 1038 1095 1077 commemorationem
1129 1045 1167 1077 et
1202 1037 1313 1088 quasi
1352 1036 1519 1088 sigillum
1560 1049 1612 1075 re-

219 1092 460 1144 demptionis
481 1106 549 1143 per
570 1092 771 1132 Christum
793 1092 1000 1131 exhibitae.

279 1148 354 1198 19.3
385 1147 563 1187 Christus
579 1146 718 1185 unicus
740 1154 797 1185 est
819 1146 1010 1186 mediator
1035 1146 1134 1185 inter
1155 1147 1286 1185 Deum
1307 1153 1345 1184 et
1366 1158 1448 1184 nos

276 1215 335 1240 20.
368 1201 516 1240 Omnia
534 1201 649 1240 nobis
670 1214 738 1251 per
759 1200 960 1240 Christum
977 1208 1015 1239 et
1036 1200 1075 1238 in
1095 1199 1256 1239 nomine
1278 1199 1423 1239 Christi
1443 1206 1613 1250 praestat

221 1258 354 1294 Deus:
380 1255 472 1293 hinc
489 1255 674 1305 sequitur,
689 1254 803 1293 nobis
817 1262 922 1293 extra
940 1255 1041 1293 hanc
1056 1253 1175 1293 vitam
1192 1255 1447 1327 intercessore
1463 1260 1614 1303 praeter

221 1309 423 1349 Christum
447 1310 555 1347 nullo
576 1322 675 1358 opus
698 1322 793 1347 esse.

379 1364 513 1411 Quum
544 1370 682 1400 mutuo
717 1376 786 1412 pro
816 1362 930 1400 nobis
961 1361 1023 1399 hic
1053 1361 1092 1399 in
1128 1361 1235 1400 terris
1265 1374 1433 1408 oramus,
1465 1360 1505 1398 in
1535 1361 1612 1399 hoc

220 1377 346 1456 faczere
373 1417 576 1464 debemus,
604 1417 711 1466 quod
737 1430 805 1466 per
834 1417 960 1454 solum
992 1415 1193 1455 Christum
1223 1414 1357 1454 omnia
1385 1414 1500 1453 nobis
1529 1413 1613 1453 dari

219 1472 478 1510 confidamus.
648 1512 654 1518 ‚

276 1525 352 1563 225³
390 1525 570 1564 Christus
599 1532 657 1562 est
686 1530 818 1562 nostra
848 1523 1004 1562 iustitia.
1075 1523 1184 1561 Hinc
1213 1522 1466 1573 consequitur
1495 1535 1613 1573 opera

220 1586 350 1618 nostra
371 1587 532 1617 eatenus
554 1592 638 1617 esse
655 1578 771 1624 bona,
791 1586 983 1628 quatenus
1005 1585 1095 1616 sunt
1113 1576 1258 1617 Christi
1275 1593 1282 1617 :
1311 1584 1505 1627 quatenus
1520 1589 1613 1615 vero

221 1641 364 1707 nostra,
387 1647 467 1671 non
489 1646 573 1671 esse
594 1645 682 1671 vere
703 1632 819 1670 bona.

276 1701 336 1736 23.
341 1688 505 1735 ⁵Quod
521 1686 701 1727 Christus
723 1686 981 1724 substantiam
1003 1685 1118 1723 huius
1141 1685 1279 1723 mundi
1300 1692 1337 1723 et
1358 1686 1499 1722 fastum
1521 1697 1611 1722 con-

219 1741 368 1788 temnit,
406 1742 524 1779 docet
558 1741 666 1790 quod
698 1740 737 1778 hi
769 1739 836 1790 qui
871 1740 945 1777 sub
977 1739 1122 1779 Christi
1153 1740 1267 1777 titulo
1298 1738 1452 1777 divitias
1486 1739 1537 1776 ad
1571 1751 1612 1776 se

218 1794 384 1844 rapiunt,
408 1794 536 1844 ipsum
566 1807 708 1844 magna
737 1793 896 1831 infamia
922 1794 1086 1840 afficere,
1110 1806 1232 1843 quum
1263 1791 1488 1843 cupiditatis
1519 1805 1611 1830 suae

220 1856 257 1886 et
278 1850 389 1885 luxus
411 1862 501 1886 eum
522 1856 731 1898 patronum
753 1847 912 1885 faciunt.

277 1903 352 1948 24⁰
384 1902 696 1941 Christianorum
726 1903 856 1939 nullus
886 1902 936 1939 ad
966 1914 1011 1938 ca
1041 1913 1158 1951 opera
1190 1913 1291 1950 quae
1321 1899 1500 1940 Christus
1529 1913 1609 1938 non

221 1956 432 2005 praecepit,
461 1955 739 2004 adstringitur3
772 1954 949 2004 quolibet
979 1962 1165 2003 tempore,
1189 1953 1366 2003 quolibet
1396 1953 1486 1992 cibo
1506 1953 1609 1991 vesci

220 2016 361 2059 potest.
408 2009 674 2057 Consequitur
695 2022 786 2058 ergo
806 2008 934 2046 literas
955 2021 1052 2057 quas
1074 2021 1143 2057 pro
1164 2020 1278 2046 caseo
1299 2015 1337 2045 et
1359 2007 1498 2056 butyro
1515 2008 1610 2046 dant

221 2063 422 2113 pontificii,
444 2064 645 2100 Romanas
667 2076 752 2100 esse
773 2061 1019 2111 imposturas.

276 2118 351 2166 25.⁷
380 2118 557 2165 Tempus
579 2124 616 2154 et
637 2117 746 2153 locus
774 2117 811 2152 in
838 2122 1030 2165 potestate
1058 2122 1148 2152 sunt
1175 2114 1357 2162 hominis,
1381 2128 1461 2153 non
1488 2116 1609 2153 homo

221 2170 259 2207 in
296 2171 448 2208 illorum
490 2177 693 2219 potestate.
772 2170 850 2217 Qui
887 2182 977 2217 ergo
1012 2176 1166 2217 tempus
1201 2176 1239 2207 et
1273 2170 1403 2207 locum
1438 2167 1607 2218 alligant,

220 2226 443 2263 Christiana
464 2225 641 2262 libertate
662 2223 747 2273 pios
769 2223 948 2261 fraudant
971 2230 1008 2260 et
1029 2222 1209 2272 spoliant.

265 2347 269 2364 ¹
296 2347 344 2378 Of
357 2346 410 2378 the
428 2347 529 2388 Pope.
661 2347 671 2363 2
696 2346 744 2377 Os
757 2346 811 2377 the
829 2346 932 2376 Mass.
1067 2345 1078 2361 ²
1103 2345 1317 2377 Intercession
1334 2345 1371 2376 of
1383 2344 1498 2377 Saints.

268 2389 274 2406 ⁴
298 2391 394 2421 Good
414 2390 544 2421 XVorks.
738 2389 749 2407 ⁵⁷
771 2389 842 2421 The
859 2389 964 2428 goods
980 2388 1017 2419 of
1030 2388 1083 2419 the
1100 2388 1301 2429 Spiritualty.

266 2434 277 2450 ’ἶ
300 2433 484 2465 forbidden
503 2434 588 2465 food.
862 2432 873 2449 ⁷
899 2432 990 2471 Holy
1006 2432 1085 2472 days
1102 2432 1164 2463 and
1185 2432 1404 2473 pilgrimages.
