1715 2780
181 98 224 137 17
673 88 940 137 CAJETAN,
978 90 1077 137 1518
1530 101 1576 138 35

180 177 397 224 videbatur,
416 176 521 214 volui
538 175 723 214 intactam
742 175 972 225 relinquere,
988 174 1152 225 aliisque
1169 175 1334 225 ingeniis
1355 175 1580 214 melioribus

179 231 427 270 committere
447 243 608 281 magnas
625 229 708 268 illas
726 229 924 268 molestias
940 237 978 268 et
994 229 1204 279 angustias,
1223 243 1321 279 quas
1342 243 1412 279 pro
1434 232 1579 269 tuenda

180 298 306 336 papae
326 285 542 324 reverentia
561 285 750 334 patiebar.

235 340 478 380 Occurrebat
502 338 607 378 enim
636 347 673 378 et
701 338 884 377 movebat
904 338 1031 388 primo
1053 339 1162 388 quod
1183 339 1291 376 nuda
1311 346 1441 377 essent
1462 340 1581 378 verba

179 393 389 445 pontificis,
412 402 451 432 et
475 395 662 432 adversus
690 394 983 432 contentiosum
1009 394 1069 431 vel
1096 392 1337 431 haereticum
1363 393 1579 432 invalidum

180 448 418 499 praesidium
437 463 448 496 3
476 447 633 494 deinde,
658 447 687 485 si
709 447 796 497 quis
818 448 976 494 diceret,
992 455 1105 497 turpe
1127 460 1211 485 esse
1232 447 1449 497 principem
1472 448 1579 498 loqui

179 503 264 542 sine
286 504 371 553 lege
392 509 441 550 et,
459 501 564 540 iuxta
580 501 819 548 Zachariam,
838 514 918 540 non
936 501 1054 540 verba
1070 501 1242 539 hominis
1264 503 1333 540 sed
1355 503 1481 552 legem
1506 502 1579 541 Dei

180 556 457 607 requirendam
493 570 540 595 ex
569 569 635 594 ore
666 555 879 594 sacerdotis
896 571 905 603 3
942 556 1048 603 item,
1080 557 1189 606 quod
1219 555 1337 594 verba
1367 556 1580 605 scripturae

180 618 346 662 torquet,
369 618 408 650 et
428 610 468 648 in
488 610 660 648 alienum
683 623 841 648 sensum
863 612 918 648 eis
945 609 1129 657 abutitur,
1153 624 1244 648 nam
1267 623 1369 660 quae
1389 612 1439 649 de
1459 612 1581 660 gratia

180 665 417 704 iustificante
451 664 557 704 dicta
587 672 677 702 sunt
712 666 762 703 ad
795 664 1059 714 indulgentias
1094 664 1222 712 trahit,
1259 678 1339 714 quo
1374 664 1581 703 videbatur

181 719 303 770 magis
333 732 486 758 narrare
516 726 554 757 et
581 720 703 768 magis
731 718 920 768 opinione
944 719 1116 768 quadam
1142 718 1206 768 pia
1230 718 1434 766 exhortari,
1460 733 1579 769 quam

180 773 306 813 solida
327 772 663 812 demonstratione
684 772 834 822 aliquid
855 773 1031 823 probare.

234 828 413 867 Vexabat
429 827 558 875 etiam,
578 828 686 877 quod
703 826 786 866 fieri
802 839 917 877 posse
934 834 1100 874 constat,
1120 828 1348 865 Decretales
1364 826 1581 877 aliquando

181 895 363 921 erroneas
394 895 491 929 esse,
525 889 563 920 et
597 889 735 920 contra
773 894 901 919 sacras
933 881 1062 919 literas
1097 888 1135 919 et
1169 881 1369 920 caritatem
1402 881 1579 920 militare.

179 937 284 975 Nam
317 937 408 975 licet
443 937 670 975 Decretales
707 937 979 974 Romanorum
1018 935 1257 973 Pontificum
1293 943 1481 986 tanquam
1518 950 1581 975 vo-

179 1003 266 1029 cem
289 990 391 1029 Petri
414 998 569 1040 oportet
589 989 735 1037 audire,
760 997 801 1028 ut
823 989 965 1028 dicitur
986 989 1073 1028 dist.
1103 1004 1160 1040 19,
1184 998 1316 1028 tamen
1345 991 1422 1028 hoc
1449 990 1578 1040 ipsum

180 1044 406 1094 intelligitur
445 1045 495 1083 de
535 1044 580 1082 iis
616 1046 743 1082 solum
778 1044 838 1095 (ut
868 1043 1010 1082 dicitur
1041 1043 1212 1095 ibidem)
1248 1057 1348 1094 quae
1381 1058 1582 1083 consonae

180 1106 272 1137 sunt
301 1112 432 1137 sacrae
463 1099 687 1147 scripturae,
709 1106 746 1137 et
775 1112 798 1136 a
826 1098 1019 1148 prioribus
1041 1106 1195 1148 patrum
1217 1098 1384 1137 decretis
1406 1112 1486 1137 non
1508 1099 1582 1137 dis-

178 1151 383 1192 sentiunt.1

234 1206 413 1246 Accessit
444 1208 494 1245 ad
528 1208 614 1253 hoc,
649 1207 757 1256 quod
789 1207 839 1244 de
872 1207 975 1244 facto
1012 1208 1149 1245 Petrus
1189 1220 1268 1244 non
1308 1207 1496 1246 incedens
1531 1209 1581 1246 ad

178 1262 380 1300 veritatem
415 1260 606 1311 evangelii
640 1261 900 1310 reprehensus
936 1268 993 1299 est
1025 1274 1047 1298 a
1083 1262 1218 1308 Paulo,
1252 1262 1336 1299 Gal.
1372 1261 1407 1299 ii.
1482 1262 1581 1300 Ideo

179 1328 259 1354 non
281 1315 423 1353 mirum
445 1314 578 1362 videri,
595 1315 626 1353 si
647 1327 850 1353 successor
870 1315 953 1353 eius
975 1314 1013 1352 in
1035 1316 1168 1364 aliquo
1189 1315 1387 1363 defecerit,
1407 1317 1582 1365 quando-

178 1369 341 1419 quidem
362 1377 400 1408 et
417 1371 608 1408 Actorum
636 1383 684 1406 xv
711 1368 891 1407 doctrina
913 1370 1015 1407 Petri
1038 1382 1118 1407 non
1141 1369 1212 1407 fuit
1234 1377 1427 1419 suscepta,
1451 1371 1580 1408 donec

179 1425 385 1462 accederet
419 1431 457 1462 et
487 1422 723 1474 approbatio
757 1423 894 1461 Iacobi
929 1422 1102 1470 minoris,
1139 1423 1313 1474 episcopi
1356 1423 1582 1474 Hierosoly-

179 1477 327 1525 mitani,
353 1485 391 1516 et
416 1479 535 1517 totius
561 1476 750 1516 ecclesiae
777 1490 1006 1525 consensus,
1037 1478 1144 1517 unde
1174 1477 1331 1516 fluxisse
1358 1478 1512 1516 videtur
1541 1478 1581 1517 id

179 1530 270 1570 iuris
309 1533 454 1582 dogma
493 1533 619 1582 legem
661 1538 755 1569 tunc
790 1531 933 1569 firmari
973 1533 1135 1582 quando
1169 1532 1364 1571 utentium
1406 1532 1581 1571 moribus

177 1586 428 1636 approbatur.

235 1641 450 1687 Praeterea,
482 1653 602 1690 quam
638 1641 784 1678 multae
820 1641 1047 1679 Decretales
1081 1640 1229 1690 priores
1259 1648 1456 1678 correctae
1491 1648 1582 1679 sunt

180 1706 248 1743 per
268 1694 513 1744 posteriores.
564 1694 744 1744 Ideoque
764 1701 802 1732 et
822 1695 925 1732 hanc
942 1696 1040 1733 sorte
1061 1708 1131 1744 pro
1152 1702 1328 1744 tempore
1350 1707 1422 1732 suo
1443 1694 1581 1745 corrigi

180 1759 295 1796 posse
327 1748 630 1787 Panormitanus
669 1761 841 1797 quoque,
871 1747 938 1786 lib.
975 1762 989 1785 1
1024 1749 1074 1786 dc
1108 1750 1219 1786 elect.
1251 1761 1282 1787 c.
1316 1748 1582 1798 Significasti‚‘-’

180 1801 352 1840 ostendit
384 1802 424 1840 in
456 1801 617 1841 materia
652 1801 743 1840 fidei
774 1815 855 1839 non
886 1803 1008 1840 modo
1037 1804 1218 1852 generale
1248 1802 1459 1841 concilium
1495 1816 1581 1841 esse

179 1867 295 1906 super
314 1869 457 1906 papam
480 1857 550 1895 sed
567 1855 683 1894 etiam
706 1855 923 1905 quemlibet
940 1857 1110 1903 fidelem,
1135 1856 1165 1894 si
1187 1856 1415 1895 melioribus
1436 1856 1581 1895 nitatur

177 1910 410 1948 auctoritate
441 1918 479 1949 et
509 1909 659 1948 ratione
688 1923 807 1960 quam
838 1923 951 1960 papa,
975 1910 1076 1949 sicut
1104 1913 1220 1949 Petro
1252 1912 1407 1958 Paulus,
1433 1912 1518 1949 Gal.
1542 1911 1577 1950 ii.

179 1963 300 2011 Quod
333 1971 371 2002 et
402 1964 469 2003 illo
505 1978 520 2002 1
559 1965 649 2003 Cor.
684 1964 746 2002 xiv
771 1965 1036 2012 confirmatur,
1065 1965 1104 2003 Si
1137 1965 1251 2003 fuerit
1281 1966 1391 2003 alteri
1427 1966 1579 2004 sedenti

178 2018 405 2065 revelatum,
427 2018 531 2068 prior
551 2025 689 2057 taceat.
749 2019 849 2057 Ideo
865 2017 920 2056 sic
936 2031 1075 2057 vocem
1094 2019 1197 2057 Petri
1219 2032 1303 2057 esse
1323 2019 1577 2066 audiendam,

178 2078 220 2108 ut
241 2078 374 2111 tamen
395 2072 553 2111 liberior
568 2072 616 2111 sit
633 2086 708 2111 vox
725 2073 835 2110 Pauli
857 2085 947 2111 eum
969 2073 1249 2123 redarguentis,
1267 2086 1383 2123 porro
1399 2073 1577 2110 omnium

178 2125 353 2174 superior
372 2139 447 2165 vox
468 2126 626 2166 Christi.

233 2179 409 2219 Maxime
441 2193 532 2219 vero
563 2180 803 2228 laborabam,
838 2181 946 2230 quod
986 2182 1124 2220 eadem
1163 2183 1427 2231 Extravagans
1459 2182 1578 2219 mani-

224 2267 236 2286 ¹
259 2269 395 2319 Defrsezsz'
419 2270 539 2300 Prima
564 2270 662 2308 Pars,
687 2269 774 2300 Dist.
801 2270 894 2308 XIX,
926 2281 953 2301 c.
982 2277 998 2310 7
1027 2274 1078 2310 ap.
1109 2270 1297 2311 Friedbmg,
1331 2272 1458 2311 Coa-pus
1484 2271 1579 2300 luris

181 2311 625 2395 Cznsszizccliblasoe'l'udeschi,
660 2355 888 2397 1386-†1445‚
921 2357 1079 2393 Cardinal
1112 2357 1322 2399 Archbishop
1354 2358 1392 2388 os
1425 2356 1577 2387 Palermo

179 2398 476 2440 (Panormitanus),
500 2400 608 2440 Super
631 2400 677 2431 z'z‘z·
698 2400 771 2430 libb.
798 2401 925 2432 Daret.
953 2409 1013 2441 199
1034 2410 1103 2441 sqq.
1130 2400 1197 2441 (ed.
1227 2401 1326 2441 1524)
1353 2399 1577 2440 commenting

178 2451 220 2471 on
237 2441 365 2473 Decret.
385 2443 483 2483 Greg.
502 2443 564 2481 IX,
583 2443 653 2474 Lib.
675 2443 703 2482 1,
720 2443 788 2474 Tit.
802 2444 833 2474 vi
851 2443 890 2474 (le
907 2444 1079 2482 electione,
1097 2454 1168 2485 cap.
1187 2454 1207 2484 4
1225 2444 1429 2484 (Friedberg,
1451 2444 1577 2484 Comus

180 2485 275 2516 Iuris
295 2487 468 2526 canonici,
485 2486 517 2519 ii.
535 2486 604 2527 49).

844 2542 869 2569 D
894 2545 912 2569 2
