1715 2780
107 125 190 164 304
538 114 598 152 IN
627 114 870 160 GENEVA,
906 124 1056 162 1541—2>
1425 115 1499 160 607

162 219 209 256 P.
242 219 424 268 Longum
459 224 517 255 est
551 216 651 255 inter
683 216 793 254 illum
828 223 866 254 et
905 217 1002 254 haec
1041 214 1264 255 discrimen.
1338 216 1501 254 Movere

109 271 216 310 enirn
235 278 273 310 et
293 271 446 310 afficere
466 271 596 318 corda,
619 269 839 308 illuminare
860 277 1023 316 mentes,
1046 268 1308 308 conscientias
1338 269 1502 308 reddere

109 332 234 364 certas
264 338 310 364 ac
339 324 579 375 tranquillas,
611 324 731 363 solius
762 336 802 362 re
836 336 925 362 vera
952 323 1116 374 Spiritus
1147 330 1215 370 est,
1240 330 1281 361 ut
1307 322 1346 362 id
1375 329 1502 362 totum

110 378 261 418 censeri
280 378 481 429 proprium
502 378 623 429 ipsius
647 391 746 428 opus
771 378 926 425 debeat,
958 377 1091 428 illique
1120 384 1329 427 acceptum
1359 376 1501 422 referri,

111 446 161 472 ne
181 433 264 471 laus
284 432 362 471 alio
383 433 657 471 transferatur:
689 431 851 470 minime
873 439 1005 470 tamen
1035 433 1111 470 hoc
1132 431 1264 470 obstat
1289 430 1504 481 quominus

112 486 372 526 Sacramentis
396 488 504 525 Deus
526 492 666 532 utatur,
689 493 877 536 tanquam
908 485 1092 524 secundis
1123 484 1287 535 organis,
1311 497 1437 534 eaque
1465 483 1503 522 in

112 553 227 579 usurn
260 539 458 586 adhibeat,
491 548 606 590 prout
630 539 756 578 visum
785 539 924 578 fuerit:
957 539 1076 589 idque
1106 538 1161 577 sic
1185 538 1300 577 faciat
1331 551 1380 577 ne
1407 537 1504 588 quid

114 593 277 645 Spiritus
298 593 429 632 virtuti
448 594 667 643 derogetur.

166 648 228 685 M.
260 647 352 685 Vim
383 660 475 697 ergo
501 647 796 696 efficaciamque
825 646 1065 685 Sacramenti
1088 659 1168 685 non
1190 646 1229 684 in
1250 653 1411 685 externo
1433 646 1507 684 ele-

115 708 249 740 mento
287 700 478 740 inclusam
519 714 603 739 esse
648 700 857 747 existimas,
903 701 971 739 sed
1021 707 1144 739 totam
1183 714 1205 738 a
1245 699 1388 750 Spiritu
1430 699 1506 738 Dei

116 756 302 794 manare?

168 810 213 846 P.
245 808 308 847 Sic
338 808 487 847 sentio:
519 820 674 858 nempe,
707 814 748 845 ut
776 807 957 846 virtutem
986 821 1097 846 suam
1128 820 1302 846 exserere
1329 806 1506 846 Domino

116 862 305 913 placuerit
325 875 393 912 per
414 875 484 900 sua
504 875 660 912 organa,
683 873 802 912 quem
824 862 862 899 in
885 862 1003 900 finem
1033 875 1078 900 ea
1103 861 1325 900 destinavit.
1386 861 1507 909 Quod

116 915 278 966 quidem
299 915 352 954 ita
372 915 463 954 facit
484 923 526 954 ut
547 915 712 966 Spiritus
734 915 793 954 sui
814 915 945 953 virtuti
966 915 1062 953 nihil
1084 916 1275 954 detrahat.

170 971 232 1008 M.
265 971 435 1008 Potesne
457 969 563 1016 mihi,
586 982 654 1007 cur
675 968 727 1007 ita
748 977 846 1019 agat,
870 969 1062 1008 rationem
1084 970 1280 1008 reddere?

170 1025 218 1061 P.
251 1024 344 1062 Hoc
365 1022 512 1062 scilicet
533 1024 654 1062 modo
682 1023 896 1061 infirmitati
927 1030 1083 1062 nostrae
1110 1022 1293 1061 consulit.
1353 1023 1456 1060 Nam
1479 1021 1509 1059 si

119 1076 336 1128 spirituales
370 1090 545 1116 essemus
579 1076 661 1123 toti,
696 1078 939 1127 Angelorum
979 1076 1099 1115 instar
1138 1076 1387 1126 spiritualiter
1426 1083 1509 1114 tum

118 1143 209 1170 eum
249 1137 334 1169 tum
369 1130 490 1181 ipsius
524 1130 665 1181 gratias
700 1144 906 1180 possemus
939 1130 1093 1169 intueri.
1153 1132 1317 1177 Verum,
1356 1137 1397 1168 ut
1436 1130 1509 1168 hac

119 1184 261 1224 terreni
287 1184 460 1234 corporis
491 1185 595 1222 mole
623 1184 854 1224 circumdati
880 1197 1025 1232 sumus,
1049 1184 1180 1234 figuris
1202 1183 1423 1234 indigemus
1450 1184 1511 1221 vel

119 1237 288 1289 speculis
309 1251 410 1289 quae
427 1237 541 1276 nobis
563 1237 819 1288 spiritualium
842 1237 1150 1288 caelestiumque
1167 1251 1294 1276 rerum
1308 1243 1511 1287 aspectum

120 1299 274 1331 terreno
302 1293 475 1342 quodam
504 1292 626 1330 modo
656 1292 879 1331 exhibeant.
939 1293 1080 1342 Neque
1108 1292 1213 1330 enim
1233 1291 1343 1330 aliter
1364 1303 1412 1329 eo
1432 1304 1514 1340 per-

120 1345 353 1384 veniremus.
413 1345 536 1385 Simul
557 1345 674 1384 etiam
696 1353 829 1385 nostra
848 1345 1007 1384 interest
1029 1345 1068 1383 in
1091 1345 1166 1384 Dei
1187 1344 1513 1395 promissionibus

122 1399 289 1439 exerceri
311 1412 447 1438 sensus
468 1412 606 1437 omnes
626 1407 781 1438 nostros
803 1412 882 1450 quo
904 1399 1042 1438 melius
1064 1399 1179 1438 nobis
1200 1399 1493 1437 confirmentur.

175 1454 236 1491 M.
268 1453 308 1491 Si
328 1465 462 1491 verum
491 1460 548 1491 est
574 1452 665 1492 ideo
690 1453 865 1492 instituta
892 1466 977 1492 esse
1007 1465 1029 1491 a
1056 1454 1143 1492 Deo
1174 1455 1437 1498 Sacramenta,
1470 1459 1513 1490 ut

122 1506 298 1545 subsidia
317 1506 560 1545 necessitatis
582 1514 737 1545 nostrae
758 1509 895 1554 forent,
918 1520 1053 1545 annon
1073 1506 1315 1557 arrogantiae
1336 1505 1512 1545 damnari

124 1559 262 1598 merito
283 1560 457 1607 deberet,
480 1560 510 1598 si
532 1560 619 1610 quis
644 1560 832 1600 iudicaret
859 1560 932 1598 illis
960 1573 1000 1599 se
1024 1567 1211 1610 tanquam
1235 1573 1315 1598 non
1338 1572 1512 1598 necessa-

124 1613 188 1652 riis
209 1627 325 1664 posse
345 1615 505 1652 carere?

177 1669 224 1705 P.
257 1667 445 1707 Omnino.
504 1670 636 1717 Atque
657 1668 758 1706 adeo
779 1667 809 1705 si
836 1667 922 1716 quis
948 1668 1100 1706 illorum
1131 1680 1202 1705 usu
1233 1674 1374 1717 sponte
1400 1666 1515 1705 absti-

125 1728 226 1768 neat,
244 1734 290 1759 ac
307 1721 337 1759 si
353 1733 453 1771 opus
475 1734 553 1759 non
572 1721 743 1767 haberet,
762 1721 963 1761 Christum
981 1720 1212 1767 contemnit,
1228 1720 1348 1771 ipsius
1370 1720 1516 1770 respuit

125 1774 299 1824 gratiam,
323 1782 360 1813 et
381 1774 567 1824 Spiritum
589 1775 809 1824 exstinguit.

181 1829 241 1866 M.
274 1829 433 1875 Verum,
470 1829 596 1878 qualis
628 1843 673 1867 ex
709 1828 971 1867 Sacramentis
1004 1829 1148 1867 fiducia
1178 1829 1229 1867 ad
1261 1827 1516 1867 stabiliendas

128 1881 400 1930 conscientias,
433 1889 470 1920 et
505 1895 622 1931 quam
655 1889 761 1921 certa
794 1882 979 1921 securitas
1010 1882 1165 1932 concipi
1199 1889 1339 1932 potest,
1376 1881 1520 1931 quibus

129 1942 291 1974 utuntur
310 1935 532 1986 promiscue
553 1935 647 1974 boni
668 1943 705 1974 et
727 1935 817 1974 mali
834 1937 850 1973 ?

182 1990 228 2027 P.
261 1990 500 2039 Quanquam
540 1989 672 2027 oblata
714 1989 786 2027 sibi
828 1989 865 2027 in
906 1990 1166 2028 Sacramentis
1209 1989 1282 2028 Dei
1322 1989 1438 2034 dona,
1481 1987 1519 2025 in

131 2042 311 2090 nihilum,
325 2050 366 2081 ut
384 2043 436 2081 ita
456 2042 597 2089 dicam,
617 2043 823 2092 redigunt
816 2043 936 2093 1mpii,
955 2051 1145 2103 quantum
1163 2043 1238 2081 ad
1231 2056 1335 2093 ipsos
1356 2049 1518 2092 spectat,

132 2108 212 2134 non
245 2103 378 2135 tamen
410 2103 614 2146 1)1··opte1ea
644 2096 817 2135 efficiunt
845 2097 940 2146 quin
970 2110 1038 2135 sua
1068 2097 1124 2135 vis
1154 2104 1191 2135 et
1227 2104 1364 2134 natura
1393 2097 1522 2135 Sec-rcrr

133 2149 275 2188 mentis
296 2157 462 2188 maneat.

186 2204 247 2241 M.
281 2204 373 2252 Quo
400 2203 513 2253 igitur
544 2204 664 2242 modo
693 2210 730 2241 ct
760 2205 921 2252 quando
952 2217 1064 2242 usum
1096 2206 1437 2242 Sacramentorum
1469 2215 1524 2241 se-

133 2256 265 2306 quitur
284 2257 473 2295 effectus?

188 2311 234 2348 P.
266 2311 401 2358 Quum
424 2323 470 2348 ea
490 2310 567 2349 fide
588 2310 809 2360 recipimus,
833 2311 1033 2350 Christum
1058 2311 1095 2348 in
1119 2311 1191 2348 illis
1212 2311 1337 2349 solum
1361 2309 1524 2359 eiusque

133 2363 294 2413 gratiam
315 2371 559 2413 quaerentes.

188 2418 249 2454 Μ.
281 2418 361 2456 Cur
382 2417 459 2455 illic
480 2418 748 2467 quaerendum
771 2431 856 2456 esse
878 2418 1078 2457 Christum
1101 2417 1228 2456 dicis?

190 2471 236 2507 P.
269 2470 450 2519 Intelligo
489 2484 571 2509 non
605 2484 690 2509 esse
729 2471 947 2509 visibilibus
987 2471 1105 2520 signis
1146 2470 1441 2517 inhaerendum,
1485 2479 1526 2509 ut
