1715 2780
199 122 273 160 534
521 107 747 154 CALvm,
779 109 853 146 To
887 108 979 145 Hts
1012 107 1266 145 ARRIVAL
1513 117 1590 156 273

198 212 212 260 ξ
230 224 248 248 2
270 242 298 249 ..
316 243 323 250 .
339 213 402 250 Sic
423 219 553 250 autem
577 212 804 249 habendum
836 219 904 258 cst,
928 218 968 248 ut
999 210 1113 249 nobis
1134 211 1316 261 affulgeat
1335 224 1424 250 vera
1444 211 1589 261 religio,

196 265 399 304 exordium
422 279 443 303 a
464 265 623 304 coelesti
646 265 824 304 doctrina
856 264 935 303 fieri
957 264 1113 312 debere,
1137 278 1208 303 nec
1229 278 1456 315 quenquam
1477 279 1591 316 posse

197 321 256 358 vel
284 319 491 357 minimum
513 327 667 369 gustum
691 326 818 358 rectae
838 332 1035 368 sanaeque
1055 318 1257 357 doctrinae
1283 320 1493 369 percipere,
1515 319 1589 358 nisi

196 373 263 423 qui
278 375 498 424 Scripturae
512 375 624 412 fuerit
641 373 880 423 discipulus.
901 404 908 411 .
926 403 935 412 .
966 374 1022 422 §3
1045 403 1052 410 .
1077 403 1085 411 .
1107 403 1114 410 .
1133 374 1198 411 Ad
1212 373 1400 421 Verbum,
1416 375 1589 423 inquam,

196 435 254 466 est
286 428 535 473 veniendum,
567 427 635 465 ubi
659 427 782 477 probe
812 435 849 465 et
875 428 926 465 ad
955 428 1087 465 vivum
1112 426 1227 465 nobis
1255 440 1278 465 a
1298 426 1377 466 suis
1405 427 1590 477 operibus

197 482 430 520 describitur
453 483 573 528 Deus,
593 482 688 519 dum
710 494 828 531 opera
844 480 928 530 ipsa
947 494 1029 519 non
1045 494 1090 519 ex
1107 480 1240 519 iudicii
1254 482 1375 520 nostri
1391 481 1590 531 pravitate,

197 537 266 574 sed
287 545 468 574 aeternae
488 536 658 574 veritatis
679 537 810 585 regula
830 536 1094 573 aestimantur.
1114 565 1121 574 .
1144 566 1152 574 .

254 604 285 627 c.
323 589 385 628 vii.
432 590 517 638 Quo
552 590 761 627 testimonio
794 590 1034 638 Scripturam
1067 595 1238 638 oporteat
1272 590 1425 636 sanciri,
1467 596 1593 639 nempe

202 645 382 693 Spiritus,
407 649 451 681 ut
468 649 568 682 certa
589 649 726 681 constet
743 645 821 681 eins
842 644 1052 681 auctoritas
1066 658 1078 681 .·
1110 649 1222 692 atque
1234 644 1394 692 impium
1414 655 1485 681 esse
1504 657 1594 681 com-

201 704 378 744 mentam,
388 699 510 746 fidem
529 700 609 736 eins
615 699 780 748 pendere
795 699 843 734 ol)
864 698 1030 735 ecclesiae
1049 698 1271 746 indicio.—§
1290 712 1304 734 1
1330 728 1337 735 .
1361 728 1368 734 .
1391 728 1398 735 .
1423 697 1593 735 Invaluit

201 759 331 790 autem
347 753 453 802 apud
469 753 677 802 plerosque
693 751 1048 802 perniciosissimus
1069 765 1183 796 error,
1201 751 1420 800 Scripturae
1441 759 1593 789 tanturn

200 808 326 844 inesse
361 806 552 844 momenti
586 814 778 855 quantum
814 805 867 843 illi
905 806 1093 844 ecclesiae
1127 805 1316 855 suffragiis
1349 806 1590 853 conceditur,

201 874 246 898 ac
269 860 299 898 si
320 873 412 899 vero
432 868 591 899 aeterna
611 859 927 909 inviolabilisque
950 859 1027 898 Dei
1047 859 1187 898 veritas
1208 859 1413 898 hominum
1434 859 1594 898 arbitrio

203 916 390 953 niteretur
411 946 418 953 .
443 942 452 952 .
477 946 483 953 .
505 916 523 964 ξ
541 927 574 964 5.
600 916 762 953 Maneat
787 927 878 964 ergo
900 915 976 952 hoc
997 914 1117 952 fixum
1131 927 1231 963 quos
1252 913 1416 964 Spiritus
1437 922 1595 952 sanctus

203 969 306 1007 intus
336 968 482 1015 docuit,
510 969 635 1007 solide
664 969 914 1018 acquiescere
944 968 983 1006 in
1014 967 1222 1018 Scriptura,
1245 975 1282 1006 et
1311 968 1413 1006 hanc
1434 967 1594 1018 quidem

202 1036 287 1061 esse
327 1025 562 1071 αὖτόπιστοι,
597 1036 727 1072 neque
766 1021 1093 1061 demonstrationi
1132 1029 1170 1060 et
1201 1021 1417 1060 rationibus
1455 1021 1594 1060 subiici

204 1091 290 1115 eam
321 1078 376 1115 fas
407 1091 512 1116 esse:
556 1091 675 1127 quam
705 1084 837 1115 tamen
870 1084 1038 1115 meretur
1067 1076 1173 1126 apud
1205 1089 1276 1114 nos
1306 1075 1594 1122 certitudinem,

203 1131 367 1181 Spiritus
395 1131 622 1170 testimonio
652 1130 854 1180 consequi.
915 1130 999 1168 Etsi
1027 1130 1130 1168 enim
1155 1129 1410 1169 reverentiam
1432 1143 1502 1168 sua
1522 1106 1596 1167 sibi

204 1187 304 1223 ultro
334 1185 536 1224 maiestate
567 1185 760 1231 conciliat,
786 1193 878 1222 tunc
900 1192 1033 1222 tamen
1054 1185 1215 1222 demum
1243 1185 1342 1222 serio
1366 1197 1439 1222 nos
1466 1183 1593 1231 afficit,

204 1252 325 1288 quum
347 1253 415 1290 per
435 1239 620 1290 Spiritum
648 1239 853 1289 obsignata
876 1246 934 1277 est
956 1238 1141 1277 cordibus
1163 1239 1314 1276 nostris.
1374 1239 1484 1276 Illius
1506 1250 1596 1287 ergo

203 1293 343 1331 virtute
383 1293 602 1340 illuminati,
645 1293 720 1331 iam
760 1307 842 1331 non
880 1300 947 1331 aut
987 1300 1120 1330 nostro
1153 1299 1220 1330 aut
1250 1291 1414 1330 aliorum
1451 1290 1597 1330 iudicio

203 1347 399 1386 credimus
429 1361 451 1385 a
483 1349 571 1386 Deo
600 1361 685 1385 esse
715 1347 979 1396 Scripturani:
1010 1347 1080 1384 sed
1110 1359 1225 1396 supra
1255 1347 1471 1391 humanum
1502 1344 1598 1383 iudi-

204 1401 320 1448 cium,
352 1410 459 1440 certo
487 1401 628 1440 certius
659 1400 933 1439 constituimus
966 1401 1061 1449 (non
1093 1412 1205 1438 secus
1235 1412 1281 1437 ac
1310 1399 1341 1437 si
1370 1398 1491 1449 ipsius
1521 1399 1596 1436 Dei

204 1468 350 1493 numen
392 1455 469 1493 illic
509 1454 766 1503 intueremur)
804 1453 1012 1492 hominum
1054 1453 1280 1500 ministerio,
1315 1453 1365 1491 ab
1400 1452 1596 1502 ipsissimo

206 1509 280 1547 Dei
303 1522 369 1548 ore
389 1510 439 1548 ad
460 1522 532 1547 nos
554 1508 720 1547 fluxisse.
743 1539 749 1546 .
776 1539 782 1546 .

457 1604 541 1640 Lm.
566 1603 620 1639 II.
664 1603 728 1639 De
753 1601 974 1649 Cognitione
995 1600 1076 1638 Dei
1092 1600 1364 1650 Redemptoris.

259 1681 290 1705 c.
315 1667 335 1704 i.
373 1668 483 1704 4dae
504 1668 665 1716 lapsu..
684 1671 828 1704 ,totum
848 1666 1061 1702 humanum
1077 1678 1196 1714 genus
1216 1664 1470 1702 maledictioni
1473 1663 1601 1712 fuisse

206 1722 396 1759 addtctum
425 1726 461 1758 et
486 1734 509 1758 α
532 1728 666 1770 prtum
697 1733 840 1769 orcgme
866 1721 1023 1766 decreram
1022 1732 1126 1757 asse.
1155 1719 1222 1756 ubz
1246 1720 1289 1756 de
1308 1723 1457 1767 peccato
1485 1718 1599 1766 ortgri-

206 1776 375 1824 mzlz.—§
408 1776 458 1812 8.
516 1774 713 1813 .Videtur
753 1787 844 1823 ergo
883 1781 1089 1832 peccatum
1120 1772 1306 1822 originale
1344 1771 1600 1810 haereditaria

207 1837 367 1867 naturae
389 1836 544 1867 nostrae
566 1828 733 1878 pravitas
758 1836 795 1866 et
820 1826 1062 1877 corruptio,
1054 1840 1092 1864 m
1122 1839 1260 1865 omnes
1289 1825 1444 1864 animae
1472 1832 1600 1875 partes

208 1882 370 1920 diffusa:
395 1914 401 1920 .
449 1896 592 1932 .quare
610 1882 675 1932 qui
697 1889 903 1932 peccatum
922 1880 1109 1931 originale
1130 1879 1367 1919 definierunt
1387 1878 1599 1918 carentiam

208 1935 377 1974 iustitiae
418 1913 625 1985 originalis,
655 1949 773 1985 quam
810 1935 936 1973 inesse
971 1934 1086 1973 nobis
1118 1934 1336 1984 oportebat,
1359 1945 1599 1993 quamquam

207 1990 247 2028 id
272 1998 399 2028 totum
429 1991 746 2039 complectuntur
766 1990 888 2049 quod
907 1988 945 2026 in
967 2002 1006 2027 re
1028 1997 1096 2035 est,
1120 2001 1200 2026 non
1221 1995 1352 2026 tamen
1375 1986 1466 2025 satis
1487 1986 1600 2036 signi-

208 2045 368 2082 ficanter
397 2057 474 2080 um
505 2051 623 2092 atque
652 2044 848 2092 energiam
880 2042 1000 2091 ipsius
1031 2049 1314 2091 expresserunt.
1371 2041 1464 2079 Non
1494 2039 1597 2078 enim

208 2106 345 2136 natura
374 2105 507 2136 nostra
534 2096 628 2134 boni
654 2104 805 2134 tantum
834 2096 948 2145 inops
977 2104 1015 2133 et
1045 2108 1168 2133 vacua
1197 2103 1276 2133 est:
1307 2095 1377 2132 sed
1407 2096 1597 2132 malorum

209 2151 386 2189 omnium
412 2152 513 2189 adeo
544 2150 676 2188 fertilis
707 2158 744 2188 et
773 2150 886 2196 ferax,
909 2157 951 2187 ut
979 2148 1104 2188 otiosa
1123 2162 1207 2187 esse
1228 2161 1307 2186 non
1328 2147 1462 2197 possit.
1520 2146 1600 2196 Qui

209 2205 389 2251 dixerunt
428 2218 512 2243 esse
551 2203 923 2253 concupiscentiam,
959 2216 1039 2240 non
1077 2202 1192 2240 nimis
1224 2202 1353 2240 alieno
1386 2201 1507 2240 verbo
1540 2201 1598 2238 usi

209 2268 310 2305 sunt,
334 2259 364 2297 si
387 2260 507 2297 modo
534 2259 744 2297 adderetur
765 2255 890 2306 (quod
914 2256 1074 2294 minime
1095 2256 1325 2294 conceditur
1345 2268 1366 2293 a
1387 2254 1599 2305 plerisque)

209 2312 398 2362 quicquid
437 2312 476 2350 in
516 2311 677 2350 bomine
725 2318 792 2357 est,
833 2311 882 2348 ab
922 2310 1122 2348 intellectu
1165 2311 1216 2348 ad
1256 2310 1509 2355 voluntatem,
1548 2308 1600 2346 ab

210 2366 340 2404 anima
364 2367 413 2404 ad
440 2379 596 2404 carnem
619 2378 756 2415 usque,
779 2365 852 2402 hac
880 2363 1200 2413 concupiscentia
1221 2362 1467 2412 inquinatum
1489 2363 1600 2400 refer-

210 2430 374 2469 tumque
403 2433 510 2458 esse:
540 2428 617 2465 aut,
641 2426 682 2456 ut
706 2418 861 2457 brevius
885 2418 1120 2462 absolvatur,
1145 2425 1271 2455 totum
1293 2415 1496 2454 hominem
1518 2428 1598 2452 non

209 2473 316 2511 aliud
337 2487 383 2511 ex
405 2487 444 2511 se
466 2473 550 2523 ipso
572 2486 656 2511 esse
678 2486 794 2522 quam
817 2471 1190 2521 concupiscentiam.
1214 2502 1220 2508 .
1245 2502 1251 2508 .
1276 2501 1283 2508 .
