1715 2780
90 121 173 160 305
526 110 587 148 IN
617 108 860 153 GENEVA,
897 118 1050 156 1541-2
1409 107 1482 142 621

143 217 331 254 Absoluta
349 215 517 253 concione
536 212 696 263 offirtzcr
713 212 753 250 in
773 224 856 249 ans.
922 211 1019 248 Tum
1039 209 1226 247 [Vlc'm'ster
1235 208 1411 258 publicas
1431 209 1487 246 lla

36 274 42 280 ’
88 270 290 308 exorditur
299 283 313 307 .·

143 323 345 362 Auxilium
375 330 553 361 nostrum
589 321 627 360 in
658 319 820 360 nomine
851 318 1014 358 Domini
1045 317 1111 368 qui
1142 317 1234 356 fecit
1264 317 1419 355 caelum
1447 323 1486 353 et

89 385 242 426 terram,
265 379 407 416 Amen.

145 431 360 471 Hunccine
380 431 572 470 infantem
593 429 738 469 offertis
760 436 802 467 ut
822 427 1070 477 baptizetur?

606 496 718 544 Resp.
780 492 967 531 Maxime.

694 576 822 614 lllim's
826 581 891 613 ter.

147 643 345 683 Dominus
365 643 482 682 nobis
503 641 677 682 dilucide
702 647 987 680 commonstrat
1007 645 1155 688 quanta
1176 637 1217 675 in
1237 636 1428 676 foeditate
1449 644 1487 675 et

93 698 248 738 miseria
276 697 569 747 vitiositateque
599 695 808 741 nascimur,
841 706 964 744 quum
985 693 1038 731 ait
1059 692 1175 730 nobis
1196 692 1487 730 renascendum

93 766 188 792 esse.
250 752 409 791 Etenim
430 751 461 790 si
481 758 662 789 naturam
683 756 858 787 nostram
887 746 1063 786 renovari
1093 753 1259 796 oportet,
1285 753 1326 783 ut
1348 745 1386 782 in
1410 745 1485 783 Dei

92 820 255 858 regnum
295 806 622 845 intromittamur:
659 803 751 842 satis
786 815 973 852 magnum
1004 808 1279 851 argumentum
1311 806 1368 838 est
1399 812 1487 837 eam

93 861 249 911 penitus
269 868 493 911 corruptam
517 861 686 908 Deoque
707 856 982 896 detestabilem
1005 868 1101 893 esse.
1163 856 1305 904 Itaque
1335 854 1409 891 hac
1436 853 1486 891 de

92 928 210 954 causa
231 922 367 954 monet
387 927 458 953 nos
478 921 521 952 ut
541 912 753 952 summisso
769 919 808 950 et
828 910 966 948 humili
982 909 1117 948 animo
1134 908 1256 947 simus
1274 914 1486 956 nostraque

92 970 208 1008 nobis
237 969 440 1019 turpitudo
467 966 670 1006 acerbitati
701 974 740 1005 et
769 965 862 1004 odio
893 964 951 1003 sit.
1012 964 1151 1013 anue
1171 962 1322 1000 ratione
1342 974 1415 999 nos
1436 962 1487 999 ad

92 1023 255 1074 gratiam
269 1023 390 1074 ipsius
404 1022 665 1072 expetendam
684 1026 900 1070 praeparat,
910 1031 988 1068 qua
1002 1017 1138 1067 prioris
1154 1025 1317 1054 naturae
1330 1024 1487 1054 nostrae

93 1077 323 1128 perversitas
363 1084 402 1116 et
441 1075 653 1126 indignitas
699 1074 967 1123 exstinguatur
1005 1080 1043 1110 et
1081 1071 1257 1110 funditus
1296 1071 1487 1108 deleatur.

95 1133 237 1182 Neque
256 1131 362 1171 enim
379 1131 485 1181 prius
501 1130 536 1169 ei
549 1131 660 1168 locus
681 1136 738 1167 est
760 1128 798 1165 in
820 1127 947 1173 nobis,
964 1125 1037 1164 nisi
1052 1139 1175 1175 quum
1193 1124 1313 1162 totius
1330 1131 1487 1162 nostrae

93 1186 258 1235 virtutis,
287 1185 468 1232 iustitiae,
500 1183 715 1235 sapientiae
746 1181 932 1220 fiduciam
963 1193 1089 1229 usque
1119 1192 1166 1217 eo
1195 1178 1416 1224 abiicimus,
1446 1186 1487 1216 ut

95 1253 357 1290 quaecunque
379 1239 416 1277 in
439 1238 555 1277 nobis
576 1245 667 1276 sunt
687 1238 924 1276 damnemus
944 1248 990 1272 ac
1011 1233 1275 1283 repudiemus.

149 1296 270 1333 Porro
289 1301 422 1332 autem
444 1292 511 1331 ubi
532 1299 707 1330 nostram
729 1290 844 1329 nobis
864 1288 1149 1339 turpitudinem
1176 1286 1489 1336 foeditatemque

93 1347 245 1398 aperuit
273 1361 320 1387 ac
349 1345 684 1391 commonstravit,
716 1352 799 1383 tum
830 1342 1143 1382 consolationem
1174 1340 1288 1379 nobis
1319 1353 1390 1390 pro
1419 1353 1489 1377 sua

96 1401 363 1442 misericordia
383 1400 565 1451 impertit,
589 1399 780 1450 pollicens
801 1399 883 1437 fore
910 1404 953 1436 ut
980 1396 1125 1446 Spiritu
1150 1408 1223 1433 suo
1250 1402 1388 1433 sancto
1416 1406 1489 1431 nos

95 1457 135 1495 in
154 1457 275 1496 vitam
294 1457 456 1495 alteram
478 1454 699 1500 exsuscitet,
717 1466 819 1502 quae
839 1451 955 1490 nobis
976 1450 1087 1500 quasi
1109 1449 1304 1499 ingressus
1326 1448 1487 1498 quidam

95 1511 144 1550 sit
164 1511 204 1549 in
225 1511 345 1562 ipsius
364 1511 559 1560 Regnum.
620 1509 736 1546 Haec
755 1505 999 1556 regeneratio
1020 1504 1204 1554 bipartita
1225 1511 1305 1541 est:
1337 1516 1429 1540 nam
1451 1509 1489 1540 et

98 1565 213 1604 nobis
233 1577 390 1615 prorsus
410 1562 726 1602 renunciandum
741 1568 810 1608 est,
829 1573 875 1598 ac
892 1572 1022 1609 neque
1043 1557 1183 1596 rationi
1205 1569 1334 1606 neque
1355 1557 1491 1594 volun-

97 1619 165 1658 tati
186 1632 315 1669 neque
335 1617 527 1668 voluptati
548 1615 783 1665 libidinique
803 1621 960 1652 nostrae
980 1612 1338 1661 obtemperandum
1355 1624 1364 1657 3
1394 1609 1490 1659 quin

97 1673 228 1724 potius
263 1680 437 1712 mentem
468 1671 728 1719 animumque
767 1676 944 1707 nostrum
984 1665 1201 1716 sapientiae
1239 1663 1490 1712 iustitiaeque

99 1727 175 1766 Dei
196 1727 336 1766 subiici
356 1733 522 1776 oportet,
545 1732 583 1763 et
613 1722 803 1773 quicquid
833 1735 879 1760 ex
908 1727 1043 1758 nostro
1074 1727 1132 1758 est
1161 1726 1199 1757 et
1220 1724 1352 1756 nostra
1373 1729 1490 1755 carne

98 1781 293 1832 extingui:
322 1788 406 1819 tum
427 1786 628 1829 praeterea
648 1778 777 1815 lucem
800 1774 964 1814 Domini
985 1773 1095 1823 sequi
1117 1771 1304 1810 convenit
1325 1770 1489 1820 eiusque

97 1835 368 1875 sanctissimae
405 1831 597 1872 voluntati
646 1843 795 1868 morem
843 1841 986 1879 gerere,
1027 1826 1368 1877 quemadmodum
1408 1824 1491 1874 ipse

98 1890 220 1929 verbo
251 1902 323 1928 suo
355 1901 427 1927 nos
461 1888 579 1925 docet
609 1884 834 1934 Spirituque
868 1895 940 1920 suo
971 1888 1109 1920 sancto
1142 1879 1256 1918 nobis
1290 1879 1491 1929 praelucet

98 1944 282 1994 viamque
319 1946 613 1982 commonstrat.
685 1939 910 1986 Utrumque
947 1942 1079 1974 autem
1119 1935 1196 1972 hoc
1235 1933 1274 1971 in
1314 1931 1491 1970 Domino

98 2006 234 2038 nostro
256 1999 346 2036 Iesu
367 1995 527 2036 Christo
557 1993 761 2043 impletum
793 2003 839 2029 ac
865 1991 1082 2040 perfectum
1104 1996 1173 2034 est,
1195 1987 1307 2025 cuius
1329 1993 1491 2024 mors·et

99 2052 229 2104 passio
258 2058 407 2090 tantam
437 2049 515 2088 vim
545 2047 676 2094 habet,
708 2053 750 2084 ut
780 2057 866 2083 eam
896 2043 1174 2094 participantes
1209 2040 1319 2091 quasi
1350 2039 1491 2089 sepulti

100 2114 265 2157 peccato
285 2105 416 2152 simus,
440 2111 483 2141 ut
503 2101 629 2141 carnis
649 2107 806 2138 nostrae
833 2096 1180 2147 concupiscentiae
1208 2094 1493 2133 mortificentur

100 2168 220 2210 atque
240 2158 546 2208 exstinguantur.
584 2156 678 2193 Huc
699 2152 862 2200 accedit,
882 2152 991 2202 quod
1007 2150 1044 2189 vi
1060 2147 1354 2188 resurrectionis
1372 2146 1492 2196 ipsius

101 2214 143 2252 in
161 2213 281 2252 vitam
302 2225 447 2251 novam
468 2209 694 2255 excitamur,
718 2220 820 2258 quae
848 2220 871 2244 a
898 2208 988 2244 Deo
1012 2212 1080 2250 est,
1104 2210 1299 2253 quatenus
1327 2199 1492 2250 Spiritus

102 2267 185 2307 eius
205 2281 278 2306 nos
298 2266 394 2316 regit
414 2278 460 2304 ac
481 2265 717 2308 moderatur,
736 2269 778 2300 ut
798 2261 838 2298 in
860 2259 975 2298 nobis
995 2272 1040 2297 ea
1061 2270 1180 2307 opera
1200 2254 1375 2305 perficiat
1392 2266 1493 2302 quae

102 2321 157 2360 illi
176 2329 284 2372 grata
303 2328 341 2358 et
361 2326 524 2369 accepta
545 2319 632 2356 sint.
684 2318 776 2354 Hoc
797 2321 931 2353 tamen
951 2319 1068 2362 caput
1088 2318 1147 2350 est
1167 2308 1302 2348 salutis
1323 2315 1492 2354 nostrae,

103 2382 146 2414 ut
166 2375 282 2414 nobis
303 2374 446 2413 delicta
466 2373 600 2411 onmia
629 2377 763 2408 nostra
791 2381 862 2418 pro
892 2380 961 2406 sua
992 2362 1259 2404 misericordia
1279 2362 1492 2407 condonet,

103 2442 151 2467 ea
183 2428 298 2468 nobis
329 2441 411 2466 non
442 2427 652 2475 imputans,
686 2424 755 2462 sed
780 2435 915 2461 eorum
949 2419 1179 2458 memoriam
1212 2416 1349 2454 delens
1375 2422 1496 2464 atque

104 2482 328 2530 obliterans,
365 2494 414 2519 ne
449 2480 610 2530 quando
642 2477 757 2516 nobis
791 2489 837 2514 ea
868 2475 908 2512 in
939 2472 1086 2512 iudicio
1121 2470 1222 2509 illius
1247 2469 1492 2508 obiiciantur.
