1715 2780
126 124 151 162 4
386 110 672 151 SPECIMEN
711 109 936 148 GRANTs
975 107 1048 146 OF
1082 119 1260 156 1513-17
1497 120 1518 154 9

125 216 360 256 Timotheus
395 216 445 255 de
480 216 598 261 Luca,
632 212 794 253 Ordinis
829 212 1033 251 Minorum
1063 210 1359 259 Observanffiae,
1388 213 1521 261 quoad

125 269 398 310 executionem
424 270 561 308 Bullae
582 275 620 307 et
639 267 803 306 aliarum
827 266 1036 313 literarum,
1059 278 1130 315 pro
1151 264 1298 303 fabrica
1320 265 1521 304 Ecclesiae

125 324 310 376 principis
331 324 612 375 Apostolorum
638 296 1124 367 emanatarum‚Nu1icius
1151 326 1189 357 et
1216 319 1522 359 Commissarius

126 378 380 430 Apostolicus
399 377 599 428 generalis,
623 376 713 414 licet
734 374 962 421 11111116111115,
986 373 1190 413 Salutem
1182 387 1223 411 1n
1244 373 1421 412 Domino
1442 387 1522 423 per-

126 440 296 483 petuam.
347 430 616 471 Praesentium
634 439 768 469 tenore
784 429 896 468 vobis
911 429 1032 467 fidem
1050 427 1214 466 facimus
1236 435 1274 466 et
1293 435 1523 466 attestamur

125 500 195 538 per
231 499 316 534 nos,
357 485 489 525 medio
529 484 671 523 Fratris
710 483 910 544 Baptistae
953 484 1003 522 de
1042 481 1211 530 Austria‚
1253 481 1523 522 Commissarii

126 540 358 592 Apostolici‚
390 538 636 590 subdelegati
666 538 799 586 nostri,
833 550 1064 576 concessam
1098 537 1218 575 fuisse
1251 535 1450 575 licentiam
1485 543 1523 574 et

125 596 362 642 facultatem,
379 593 649 633 Eucharistiae
670 600 956 652 sacramentum
980 592 1149 630 honesto
1172 590 1342 629 Iohanni
1360 592 1421 639 Dy
1426 589 1524 640 tting

126 662 366 700 quocunque
387 656 575 699 tempore,
596 655 870 698 praeterquam
899 645 940 684 in
960 645 1024 684 die
1046 646 1221 683 Paschae
1241 653 1279 683 et
1299 644 1339 682 in
1359 644 1524 683 articulo

127 703 274 750 mortis,
295 717 318 742 a
338 705 564 742 confessore
593 701 667 740 sibi
693 701 877 752 eligendo
901 714 970 751 per
996 713 1048 747 se,
1071 701 1133 738 vel
1159 713 1228 749 per
1247 698 1379 745 alium,
1403 712 1524 737 sacra-

127 765 305 796 mentum
345 756 615 795 Eucharistiae
653 756 850 803 sumendi,
887 768 934 793 eo
973 755 1082 804 quod
1121 753 1290 792 fabricae
1329 754 1525 803 praefatae

129 811 330 851 Ecclesiae
358 810 544 862 principis
573 811 858 860 Apostolorum
887 810 938 848 de
968 809 1080 848 Urbe
1109 808 1329 846 secundum
1357 820 1526 866 conven-

128 865 276 905 tionem
311 867 466 912 factam,
499 878 639 903 manus
673 863 883 903 adiutrices
917 862 1181 913 porrexerit..
1215 892 1222 900 .
1255 892 1263 901 .
1299 864 1446 900 Datum
1486 860 1525 898 in

128 920 315 970 Elwingo,
338 919 526 970 vigesima
551 926 659 957 sexta
679 917 743 957 die
765 917 916 956 Mensis
945 916 1195 963 Novembris,
1219 918 1338 955 Anno
1362 915 1525 955 Domini

129 985 292 1013 Mccccc
312 973 427 1013 tertio
448 972 618 1013 decimo.

519 1038 581 1087 (L.
596 1037 652 1088 S.)
766 1038 851 1087 Ego
871 1038 1004 1075 Frater
1024 1035 1201 1087 Baptista
1222 1035 1289 1086 qui
1310 1049 1426 1087 supra

955 1115 1061 1151 mpp.
1084 1100 1309 1152 subscripsi.

792 1175 850 1226 (ii)

177 1244 251 1279 Leo
277 1243 313 1277 X
339 1241 374 1276 in
404 1241 627 1286 September
656 1249 744 1285 1513
774 1239 1020 1285 (Raynaldus,
1052 1239 1238 1283 Annales,
1265 1239 1325 1274 xii.
1352 1249 1396 1283 47
1419 1250 1524 1285 sqq.:

130 1291 189 1325 ed.
207 1291 331 1325 Lucae
351 1290 455 1333 1755)
476 1287 725 1334 ‘proclaimed
751 1300 773 1322 a
795 1288 951 1322 crusade
977 1287 1126 1331 against
1152 1288 1214 1321 the
1233 1288 1354 1322 Turks
1375 1314 1382 1322 .
1402 1314 1409 1321 .
1429 1298 1461 1329 .;
1491 1287 1527 1320 in

130 1337 204 1373 this
228 1336 449 1380 indulgence
473 1336 578 1370 there
596 1335 625 1370 is
644 1346 693 1369 no
712 1334 902 1370 condition
921 1334 963 1369 of
982 1334 1177 1369 contrition
1196 1335 1271 1369 and
1290 1335 1500 1369 confession
1517 1346 1525 1375 ς

131 1386 177 1420 he
197 1383 377 1430 promises
402 1389 466 1418 not
491 1383 575 1427 only
602 1383 664 1417 full
689 1381 885 1417 remission
913 1382 954 1416 of
972 1382 1019 1416 all
1047 1381 1134 1423 sius,
1157 1383 1222 1416 but
1250 1381 1528 1416 reconciliation

132 1432 218 1467 with
245 1432 307 1466 the
339 1432 441 1465 Most
472 1430 587 1474 High,
617 1430 691 1464 and
720 1430 869 1464 decrees
895 1429 975 1463 that
1003 1429 1051 1463 all
1078 1429 1159 1462 who
1185 1440 1232 1473 go
1258 1440 1299 1463 or
1324 1429 1417 1463 send
1443 1429 1527 1463 sub-

131 1479 274 1514 stitutes
295 1490 337 1513 or
358 1477 565 1512 contribute
589 1477 790 1521 according
813 1483 850 1511 to
870 1476 965 1511 their
983 1487 1109 1511 means
1135 1477 1227 1511 shall
1251 1477 1296 1511 be
1318 1476 1526 1511 associated

132 1526 218 1562 with
244 1526 307 1561 the
333 1526 460 1570 angels
487 1525 524 1558 in
549 1525 688 1559 eternal
712 1524 813 1558 bliss.
867 1525 928 1558 No
955 1535 1057 1558 more
1085 1524 1266 1569 complete
1294 1535 1417 1568 power
1442 1535 1529 1558 over

130 1575 241 1618 culpa
258 1573 366 1608 could
385 1572 464 1607 well
483 1572 529 1606 be
547 1571 730 1607 asserted’
751 1572 855 1614 (Lea,
873 1573 929 1616 op.
947 1573 1007 1605 cit.
1026 1570 1074 1606 iii.
1095 1572 1164 1615 75).
1217 1572 1326 1605 Local
1347 1570 1528 1616 plenaries

130 1621 168 1655 of
191 1620 247 1656 his
274 1619 413 1665 specify
439 1619 649 1654 confession
679 1619 726 1662 (e.
741 1630 774 1663 g.
805 1619 1096 1662 Hergenrtjther,
1130 1619 1266 1653 Lconis
1295 1619 1336 1652 X
1363 1620 1528 1663 li‘egesla,

130 1680 164 1702 n.
190 1666 297 1712 3444)
324 1679 365 1702 or
388 1673 450 1701 not
479 1668 524 1703 (e.
536 1678 569 1711 g.
591 1667 677 1701 ibid.
704 1677 764 1700 nn.
788 1675 890 1708 2312,
917 1664 966 1710 3).

531 1748 595 1786 Ad
616 1748 783 1785 suturam
805 1746 859 1785 rei
881 1746 1122 1785 memoriam.

186 1821 271 1859 Nos
301 1818 368 1870 qui
392 1818 644 1869 pontificatus
671 1817 860 1868 dignitate
881 1825 918 1856 et
939 1817 1069 1856 officio
1090 1817 1326 1865 mediatoris,
1351 1817 1530 1868 quamvis

131 1887 214 1913 non
232 1873 391 1924 paribus
413 1874 457 1911 B.
476 1874 593 1911 Petro
614 1872 770 1919 meritis,
794 1879 988 1922 potestate
1005 1880 1138 1910 tamen
1159 1871 1241 1922 pari
1262 1885 1386 1922 nuper
1402 1872 1530 1911 vocati

131 1927 338 1979 fungimur,
362 1925 658 1966 considerantes
678 1928 748 1964 &c
772 1957 778 1964 .
805 1957 811 1964 .

188 1984 239 2020 Et
277 1990 319 2020 ut
356 1982 396 2019 in
428 1980 702 2032 prosecutione
735 1988 814 2018 tam
847 1979 971 2018 sancti
1006 1988 1043 2019 et
1078 1980 1284 2019 necessarii
1317 1980 1444 2030 operis
1479 1981 1528 2019 ad

133 2035 216 2075 eius
251 2035 566 2086 prosecutionem
598 2034 719 2084 ipsius
748 2034 867 2084 Regis
897 2035 1147 2085 Hungariae'
1171 2048 1251 2073 non
1278 2042 1529 2085 suppeterent

134 2091 348 2137 facultates,
378 2088 703 2129 Christifidelium
731 2089 911 2139 suffragia
937 2097 1027 2127 sunt
1056 2088 1267 2139 plurimum
1299 2088 1527 2134 necessaria

134 2157 182 2183 eo
220 2143 440 2194 promptius
484 2143 679 2190 assistant,
718 2150 756 2181 et
796 2156 897 2193 quae
935 2150 1121 2192 poterunt
1158 2142 1301 2181 auxilia
1346 2143 1530 2181 studeant

134 2198 342 2237 exhibere:
390 2211 470 2248 quo
504 2197 645 2236 exinde
677 2196 825 2235 maiora
862 2196 1081 2235 animarum
1121 2210 1278 2235 suarum
1318 2197 1531 2235 commoda

134 2251 298 2302 adipisci
323 2253 486 2302 possint,
510 2258 547 2290 et
573 2252 627 2290 eis
654 2264 724 2301 pro
746 2258 824 2289 tam
850 2250 995 2289 salubri
1016 2251 1124 2289 bono
1145 2258 1276 2301 portas
1299 2250 1471 2289 Paradisi
1493 2258 1530 2287 et

134 2319 347 2356 perennem
367 2305 529 2356 gloriam
547 2318 637 2343 cum
659 2304 803 2343 sanctis
819 2304 1021 2355 Apostolis
1043 2313 1080 2343 et
1099 2304 1277 2355 gloriosis
1299 2303 1531 2353 martyribus

134 2359 303 2407 reserari,
322 2359 511 2398 universis
527 2358 710 2398 fidelibus
727 2358 876 2398 eisdem
893 2358 960 2408 qui
975 2360 1026 2397 ad
1048 2359 1195 2397 bellum
1217 2367 1353 2397 contra
1368 2358 1530 2396 eosdem

135 2417 284 2453 Turcas
304 2414 344 2452 in
365 2413 540 2464 personis
565 2413 730 2464 propriis
758 2426 798 2452 se
823 2412 1059 2451 contulerint
1085 2421 1121 2451 et
1146 2426 1214 2463 per
1237 2421 1391 2462 tempus
1423 2412 1530 2460 quod

581 2504 592 2524 ¹
617 2506 765 2537 Ladislas
780 2506 838 2545 vl,
859 2506 1085 2546 1490—†1516.
