1715 2780
181 126 254 161 266
455 124 573 161 THE
605 123 742 162 DIET
773 123 844 162 OF
873 122 1192 170 AUGSBURG,
1229 133 1329 173 1530
1503 126 1567 163 116

232 241 266 277 3.
297 228 574 267 Admonentur
600 229 729 276 etiam,
758 228 867 278 quod
897 227 1126 267 traditiones
1150 228 1348 267 humanae
1367 227 1567 268 institutae

175 283 226 321 ad
240 283 478 332 placandum
490 284 632 330 Deum,
647 283 698 321 ad
705 283 1007 332 promerendam
1019 281 1182 332 gratiam
1195 289 1234 321 et
1247 281 1565 321 satisfaciendum

175 350 246 387 pro
267 336 448 386 peccatis,
467 337 722 375 adversentur
742 335 944 385 evangelio
971 342 1009 374 et
1037 335 1240 375 doctrinae
1267 336 1373 374 fidei.
1432 336 1566 385 Quare

175 398 266 429 vota
294 398 333 429 et
362 390 590 429 traditiones
620 391 670 429 de
699 389 797 428 cibis
826 397 865 428 et
893 389 1034 428 diebus
1063 397 1137 428 etc.
1165 389 1366 428 institutae
1399 391 1450 428 ad
1481 403 1566 440 pro-

176 445 404 483 merendam
425 445 587 494 gratiam
612 452 651 483 et
678 443 997 482 satisfaciendum
1027 456 1098 494 pro
1118 442 1290 494 peccatis
1310 442 1467 482 inutiles
1487 443 1564 483 sint

175 506 212 536 et
233 506 370 536 contra
389 499 645 548 evangelium.

547 564 658 600 XVI.
718 564 783 600 DE
814 574 946 601 REBUS
976 574 1194 601 elviLmus.

230 627 292 663 De
337 626 452 663 rebus
496 624 675 663 civilibus
720 626 877 672 docent,
917 626 1026 674 quod
1065 624 1260 674 legitimae
1297 624 1564 664 ordinationes

174 681 306 718 civiles
338 679 415 717 sint
446 679 552 718 bona
589 692 708 729 opera
748 679 834 726 Dei,
868 680 978 729 quod
1016 678 1248 718 Christianis
1279 678 1394 717 liceat
1431 692 1563 728 gerere

174 733 431 783 magistratus,
469 746 648 772 exercere
681 732 836 781 iudicia,
868 732 1040 772 iudicare
1073 745 1133 771 res
1163 745 1209 771 ex
1237 731 1495 782 imperatoriis
1525 741 1563 772 et

172 787 257 825 aliis
295 787 566 837 praesentibus
611 787 773 837 legibus,
818 786 1010 837 supplicia
1053 787 1135 825 iure
1181 786 1430 834 constituere,
1480 787 1563 826 iure

174 841 328 888 bellare,
351 841 527 888 militare,
550 843 634 891 lege
654 842 896 888 contrahere,
910 848 1043 879 tenere
1062 839 1274 890 proprium,
1291 839 1561 879 iusiurandum

172 894 464 945 postulantibus
485 894 773 945 magistratibus
793 895 896 941 dare,
915 896 1059 934 ducere
1079 906 1251 941 uxorem,
1275 894 1434 933 nubere.

228 963 261 986 2.
294 950 497 987 Damnant
517 949 808 999 Anabaptistas‚
831 948 898 999 qui
919 947 1158 987 interdicunt
1173 949 1271 986 haec
1287 947 1414 986 civilia
1434 947 1562 987 officia

171 1002 418 1042 Christianis.
466 1016 501 1052 3.
534 1004 735 1041 Damnant
751 1010 789 1042 et
810 1004 895 1041 illos
912 1001 979 1052 qui
992 1001 1259 1052 evangelicam
1279 1001 1561 1052 perfectionem

171 1070 252 1095 non
273 1057 469 1095 collocant
490 1056 529 1094 in
549 1058 688 1096 timore
711 1058 786 1095 Dei
807 1065 844 1095 et
861 1057 949 1103 fide,
973 1057 1042 1095 sed
1063 1057 1103 1093 in
1129 1055 1356 1094 deserendis
1383 1055 1562 1094 civilibus

170 1110 319 1157 officiis,
342 1110 434 1160 quia
454 1111 699 1161 evangelium
720 1110 837 1149 tradit
862 1109 1048 1148 iustitiam
1071 1117 1271 1148 aeternam
1299 1109 1440 1148 cordis.
1499 1111 1562 1148 In-

171 1164 283 1202 terim
321 1177 403 1203 non
441 1163 604 1215 dissipat
642 1164 819 1215 politiam
853 1171 919 1203 aut
957 1163 1244 1210 oeconomiam,
1284 1164 1355 1202 sed
1392 1164 1562 1202 maxime

171 1219 343 1268 postulat
376 1231 606 1258 conservare
633 1227 835 1269 tamquam
860 1217 1128 1257 ordinationes
1159 1217 1246 1265 Dei,
1278 1224 1315 1256 et
1346 1216 1387 1255 in
1417 1217 1560 1256 talibus

170 1272 484 1311 ordinationibus
516 1285 694 1312 exercere
727 1272 942 1311 caritatem.
999 1285 1033 1319 4.
1067 1273 1208 1322 Itaque
1245 1272 1466 1310 necessario
1496 1272 1562 1310 de-

169 1326 266 1364 bent
286 1326 497 1366 Christiani
518 1326 680 1365 obedire
701 1326 989 1376 magistratibus
1011 1324 1088 1364 suis
1110 1333 1148 1364 et
1167 1322 1329 1375 legibus,
1346 1324 1421 1363 nisi
1437 1338 1559 1375 quum

170 1379 308 1418 iubent
334 1393 497 1430 peccare
512 1394 522 1428 3
555 1387 649 1419 tunc
676 1380 781 1419 enim
812 1380 934 1430 magis
964 1380 1112 1418 debent
1139 1378 1301 1418 obedire
1326 1380 1416 1418 Deo
1440 1392 1557 1429 quam

169 1433 408 1481 hominibus,
432 1436 522 1472 Act.
542 1447 576 1472 v.

367 1500 504 1537 XVII.
564 1500 630 1537 DE
659 1498 836 1539 CHRISTI
869 1510 1027 1537 REDITU
1059 1510 1114 1535 AD
1145 1509 1358 1537 lumcmM.

225 1562 327 1599 Item
359 1561 515 1608 docent,
549 1562 658 1610 quod
693 1560 872 1601 Christus
905 1560 1111 1611 apparebit
1144 1559 1184 1598 in
1215 1559 1559 1599 consummatione

170 1614 307 1653 mundi
327 1615 379 1654 ad
406 1614 674 1662 iudicandum,
703 1622 742 1654 et
766 1622 941 1653 mortuos
968 1627 1107 1653 omnes
1134 1613 1390 1661 resuscitabit,
1417 1613 1490 1664 piis
1520 1621 1558 1652 et

170 1670 304 1707 electis
325 1668 434 1707 dabit
455 1668 575 1707 vitam
596 1676 793 1707 aeternam
816 1676 854 1707 et
878 1675 1067 1719 perpetua
1086 1668 1239 1718 gaudia,
1262 1667 1404 1718 impios
1424 1675 1557 1706 autem

170 1724 351 1761 homines
371 1736 416 1761 ac
437 1722 618 1761 diabolos
639 1722 934 1770 condemnabit,
958 1730 1000 1761 ut
1021 1722 1104 1761 sine
1125 1723 1204 1761 fine
1225 1721 1458 1761 crucientur.

225 1791 256 1814 2.
291 1778 493 1815 Damnant
513 1777 806 1827 Anabaptistas,
829 1776 897 1827 qui
917 1776 1091 1815 sentiunt
1111 1776 1340 1815 hominibus
1360 1776 1556 1814 damnatis

167 1843 212 1868 ac
228 1830 396 1869 diabolis
411 1831 528 1868 finem
546 1844 761 1881 poenarum
778 1832 950 1869 futurum
965 1843 1060 1869 esse.
1109 1843 1143 1879 3.
1176 1832 1378 1868 Damnant
1397 1837 1435 1868 et
1446 1828 1555 1877 alios,

167 1883 234 1932 qui
249 1897 353 1921 nunc
369 1892 554 1934 spargunt
571 1884 752 1923 Iudaicas
768 1884 986 1934 opiniones,
1004 1885 1112 1934 quod
1127 1891 1219 1922 ante
1233 1884 1555 1922 resurrectionem

167 1944 410 1975 mortuorum
432 1938 484 1987 pii
506 1951 668 1987 regnum
689 1938 827 1977 mundi
849 1939 1076 1988 occupaturi
1093 1939 1180 1985 sint,
1196 1937 1344 1987 ubique
1359 1936 1555 1987 oppressis

166 2004 306 2041 impus.

511 2046 670 2083 XVIII.
729 2047 792 2083 DE
822 2057 972 2083 LIBERO
1001 2056 1212 2082 ARBITRIO.

222 2109 284 2146 De
314 2106 438 2145 libero
468 2107 627 2145 arbitrio
661 2109 817 2153 docent,
853 2108 962 2156 quod
996 2107 1169 2145 humana
1200 2108 1380 2146 voluntas
1411 2106 1555 2146 habeat

166 2160 338 2210 aliquam
359 2160 578 2199 libertatem
599 2162 649 2198 ad
671 2160 916 2199 efficiendam
938 2160 1090 2199 civilem
1119 2160 1306 2199 iustitiam
1326 2168 1365 2199 et
1384 2160 1555 2210 deligen-

167 2216 236 2253 das
267 2228 327 2253 res
358 2214 497 2253 rationi
536 2213 742 2252 subiectas,
801 2216 879 2253 Sed
910 2228 990 2252 non
1022 2215 1141 2253 habet
1179 2214 1257 2253 vim
1291 2213 1376 2253 sine
1409 2214 1553 2264 Spiritu

167 2270 313 2306 Sancto
346 2268 574 2307 efficiendae
604 2267 772 2307 iustitiae
802 2268 878 2306 Dei
913 2281 981 2307 seu
1014 2268 1181 2307 iustitiae
1214 2267 1433 2318 spiritualis,
1460 2269 1553 2317 quia

165 2323 349 2360 animalis
369 2323 476 2359 Immo
505 2335 578 2359 non
590 2323 754 2371 percipit
775 2335 817 2359 ea
836 2335 931 2370 quae
950 2328 1041 2359 sunt
1058 2323 1216 2372 spiritus
1233 2323 1336 2370 Dei3
1365 2323 1435 2360 sed
1455 2323 1553 2360 haec

167 2377 208 2414 fit
230 2375 269 2413 in
289 2375 486 2422 cordibus,
509 2388 631 2425 quum
658 2389 726 2424 per
749 2375 911 2414 verbum
941 2375 1103 2426 Spiritus
1130 2377 1295 2414 Sanctus
1322 2375 1552 2424 concipitur.

169 2443 200 2467 2.
225 2431 339 2468 Haec
353 2429 517 2468 totidem
540 2428 666 2467 verbis
687 2428 782 2467 dicit
802 2431 1046 2478 Augustinus
1067 2429 1132 2467 lib.
1149 2429 1199 2467 iii.
1218 2428 1254 2481 [ξ
1272 2427 1312 2481 5]
1336 2430 1553 2478 Hypogno-

166 2482 315 2521 sticon:
354 2486 361 2502 ‘
380 2485 477 2521 Esse
497 2484 663 2521 fatemur
688 2482 854 2521 liberum
878 2482 1079 2521 arbitrium
1102 2482 1287 2522 omnibus
1310 2482 1550 2528 hominibus,

1697 0 1715 18 ,θ
