1715 2780
185 91 262 140 308
588 91 708 128 THE
748 90 1073 129 EXTENSION
1112 90 1184 130 OF
1503 93 1577 131 126

184 206 298 253 agere
319 193 473 240 debeat,
497 194 606 243 quod
627 200 665 232 te
685 193 915 243 pontificem
936 193 1044 232 hisce
1061 193 1304 244 temporibus
1319 207 1365 232 ac
1380 202 1576 245 pastorem

183 247 288 298 gregi
305 260 376 286 suo
397 246 635 298 praefecerit,
655 260 822 297 eamque
843 260 962 297 quam
982 247 1105 286 habes
1130 255 1305 286 mentem
1325 248 1504 297 dederit,
1533 257 1576 288 ut

185 301 347 340 minime
379 315 580 352 speremus
620 300 858 351 cogitatione
904 314 968 340 eas
1009 314 1107 351 quas
1150 303 1240 340 Deo
1276 303 1418 352 gratias
1455 303 1576 342 debet

184 355 375 406 consequi
402 368 529 406 posse.
590 356 694 394 Nam
725 354 890 405 Spiritus
919 354 983 394 ille
1011 356 1088 394 Dei
1115 369 1195 406 quo
1225 355 1344 395 virtus
1373 357 1574 395 coelorum

184 410 335 448 firmata
362 417 419 449 est
439 409 500 459 (ut
522 410 576 448 ait
604 408 815 460 propheta)
840 408 1085 456 labantem,
1076 423 1157 448 1mo
1186 410 1265 448 fere
1294 411 1507 461 collapsam
1535 410 1575 449 in

183 477 369 514 praeceps
408 463 614 502 ecclesiam
654 462 799 502 Christi
833 476 901 513 per
932 470 970 502 te
1003 470 1217 502 restaurare
1250 471 1289 502 et
1319 465 1411 503 huic
1441 464 1576 503 ruinae

183 530 356 564 manum,
389 525 431 556 ut
460 517 649 563 videmus,
682 530 903 567 supponere
933 517 1116 564 decrevit,
1149 531 1318 568 eamque
1349 517 1494 568 erigere
1524 519 1576 558 ad

182 571 383 621 pristinam
406 570 688 610 sublimitatem
706 570 919 621 decorique
939 570 1103 621 pristino
1129 573 1341 611 restituere.
1400 571 1574 612 Certissi-

183 639 287 663 mam
309 625 465 664 divinae
485 624 600 663 huius
622 624 838 663 sententiae
858 625 1125 664 coniecturam
1146 639 1218 664 nos
1239 626 1365 665 facere
1385 627 1572 674 valemus,

182 678 325 728 quibus
355 679 540 718 sanctitas
579 686 647 717 tua
678 680 729 717 ad
761 692 802 717 se
837 679 984 718 vocatis
1016 679 1216 718 mandavit
1247 687 1300 727 ut,
1331 679 1476 719 nullius
1506 689 1574 719 aut

183 733 385 772 commodi
406 734 462 771 tui
481 740 548 772 aut
569 732 787 783 cuiuspiam
807 733 965 771 alterius
992 733 1126 772 habita
1150 733 1310 781 ratione,
1342 733 1413 772 tibi
1433 734 1574 784 signifi-

181 800 359 826 caremus
379 787 526 826 abusus
547 786 644 834 illos,
666 786 912 836 gravissimos
926 787 1109 826 videlicet
1136 787 1306 834 morbos,
1329 787 1473 838 quibus
1494 789 1571 827 iam

181 841 332 891 pridem
354 842 519 880 ecclesia
540 841 617 880 Dei
638 841 798 888 laborat,
821 854 867 879 ac
888 841 1113 891 praesertim
1127 843 1224 880 haec
1238 843 1423 880 Romana
1442 842 1571 881 curia:

180 894 325 945 quibus
363 897 547 934 effectum
586 908 708 946 prope
747 903 805 934 est
844 903 886 934 ut
925 897 1113 946 paulatim
1147 909 1193 934 ac
1224 895 1370 935 sensim
1401 895 1573 947 ingrave-

180 949 380 988 scentibus
414 949 605 1000 pestiferis
633 949 693 987 his
721 950 868 987 morbis
898 963 1081 1000 magnam
1111 950 1212 988 hanc
1238 950 1391 988 ruinam
1417 950 1573 990 traxerit

180 1016 298 1053 quam
315 1003 506 1043 videmus.
566 1005 616 1041 Et
636 1003 825 1053 quoniam
847 1003 1030 1042 sanctitas
1051 1010 1118 1042 tua
1143 1003 1288 1054 Spiritu
1310 1003 1386 1043 Dei
1406 1004 1569 1052 erudita,

180 1057 246 1107 qui
269 1056 328 1107 (ut
349 1057 476 1107 inquit
502 1056 763 1107 Augustinus)
784 1057 956 1107 loquitur
976 1057 1016 1095 in
1031 1057 1216 1097 cordibus
1233 1059 1342 1096 nullo
1361 1058 1570 1097 verborum

179 1110 352 1161 strepitu,
375 1111 500 1161 probe
520 1118 681 1150 noverat
700 1111 937 1162 principium
958 1112 1099 1150 horum
1120 1113 1313 1150 malorum
1338 1113 1432 1151 inde
1451 1112 1570 1151 fuisse

178 1166 288 1215 quod
308 1165 489 1204 nonnulli
513 1164 720 1215 pontifices
746 1166 802 1203 tui
823 1166 1143 1216 praedecessores
1163 1165 1380 1216 prurientes
1398 1166 1568 1212 auribus,

178 1226 220 1257 ut
251 1218 379 1269 inquit
409 1220 611 1270 apostolus
635 1220 792 1267 Paulus,
820 1227 1149 1258 coacervaverunt
1177 1219 1252 1258 sibi
1281 1219 1485 1270 magistros
1518 1221 1570 1259 ad

178 1272 373 1312 desideria
401 1286 480 1319 sua,
512 1286 594 1311 non
623 1280 665 1311 ut
694 1272 744 1311 ab
774 1272 829 1312 eis
859 1273 1055 1312 discerent
1084 1272 1181 1323 quid
1209 1274 1337 1312 facere
1365 1273 1566 1322 deberent,

179 1327 249 1365 sed
269 1334 311 1364 ut
332 1339 467 1365 eorum
489 1326 620 1365 studio
646 1334 683 1365 et
704 1326 916 1365 calliditate
943 1327 1182 1366 inveniretur
1207 1326 1305 1372 ratio
1329 1341 1408 1378 qua
1436 1327 1569 1366 liceret

178 1380 218 1419 id
239 1381 348 1430 quod
369 1380 656 1419 liberet—inde
686 1382 871 1419 effectum
901 1388 970 1428 est,
996 1388 1269 1431 praeterquam
1295 1382 1404 1431 quod
1430 1381 1568 1431 princi-

177 1441 312 1484 patum
345 1447 505 1473 omnem
538 1433 712 1484 sequitur
750 1434 936 1482 adulatio,
959 1442 1002 1472 ut
1033 1435 1172 1473 umbra
1203 1447 1354 1485 corpus,
1391 1434 1568 1474 difficilli-

178 1501 346 1538 musque
370 1500 525 1538 semper
544 1487 615 1526 fuit
639 1487 768 1526 aditus
795 1487 965 1527 veritatis
985 1489 1036 1527 ad
1063 1501 1176 1527 aures
1200 1488 1434 1539 principum,
1457 1490 1566 1539 quod

177 1541 385 1580 confestim
423 1542 625 1592 prodirent
663 1543 845 1580 doctores
884 1541 952 1592 qui
985 1542 1173 1581 docerent
1215 1541 1444 1592 pontificem
1481 1555 1566 1581 esse

177 1596 384 1634 dominum
415 1595 697 1634 beneficiorum
725 1595 926 1634 omnium:
965 1609 1011 1633 ac
1038 1595 1129 1634 ideo
1158 1609 1248 1633 cum
1275 1595 1462 1635 dominus
1485 1595 1567 1635 iure

177 1650 321 1688 vendat
351 1649 391 1688 id
418 1650 527 1699 quod
553 1662 669 1688 suum
693 1656 761 1696 est,
787 1648 1008 1688 necessario
1031 1648 1142 1699 sequi
1162 1649 1202 1687 in
1226 1649 1455 1699 pontificem
1484 1663 1567 1688 non

175 1716 291 1753 posse
312 1704 451 1742 cadere
478 1703 707 1743 Simoniani.
768 1704 830 1742 Ita
855 1704 964 1753 quod
990 1704 1170 1742 voluntas
1197 1702 1406 1754 pontificis,
1429 1703 1567 1754 qualis-

176 1770 334 1807 cunque
363 1770 409 1795 ea
437 1757 563 1803 fuerit,
593 1757 641 1796 sit
669 1758 801 1808 regula
829 1770 907 1807 qua
936 1756 1018 1796 eius
1047 1756 1295 1808 operationes
1324 1764 1363 1796 et
1391 1756 1566 1796 actiones

177 1810 415 1860 dirigantur,
457 1825 503 1849 ex
534 1824 614 1861 quo
645 1811 908 1861 proculdubio
942 1812 1041 1850 effici
1075 1818 1117 1849 ut
1151 1810 1340 1861 quicquid
1373 1810 1502 1858 libeat,
1526 1810 1566 1850 id

176 1864 293 1902 etiarn
321 1864 446 1902 liceat.
506 1866 565 1902 Ex
594 1865 670 1903 hoc
702 1866 820 1912 fonte,
853 1872 987 1903 sancte
1015 1872 1134 1914 pater,
1167 1872 1356 1914 tanquam
1386 1878 1433 1903 ex
1461 1877 1565 1915 equo

176 1917 359 1964 Troiano,
388 1917 557 1968 irrupere
587 1919 626 1955 in
653 1918 859 1956 ecclesiam
892 1918 967 1957 Dei
997 1925 1055 1957 tot
1081 1918 1228 1957 abusus
1257 1925 1401 1957 ettam
1430 1931 1564 1969 graves

176 1970 316 2017 morbi,
361 1970 504 2020 quibus
547 1984 652 2009 nunc
697 1971 963 2022 conspicimus
1012 1985 1098 2010 eam
1140 1973 1191 2010 ad
1246 1971 1563 2022 desperationem

176 2026 254 2063 fere
293 2024 427 2062 salutis
470 2024 678 2071 laborasse,
703 2033 740 2063 et
761 2038 940 2064 manasse
985 2026 1121 2064 harum
1164 2038 1292 2063 rerum
1330 2026 1474 2063 famam
1512 2026 1564 2064 ad

176 2078 354 2117 infideles
392 2091 517 2128 usque
549 2078 698 2127 (credat
738 2078 922 2116 sanctitas
959 2085 1086 2117 vestra
1124 2078 1368 2128 scientibus),
1404 2078 1471 2128 qui
1509 2078 1562 2117 ob

175 2133 277 2170 hanc
298 2131 506 2182 praecipue
526 2144 683 2170 causam
711 2131 972 2171 Christianam
995 2131 1222 2181 religionem
1247 2131 1440 2179 derident,
1461 2133 1563 2171 adeo

176 2194 217 2224 ut
248 2198 316 2236 per
346 2199 429 2232 nos,
462 2198 530 2236 per
561 2198 632 2223 nos
665 2184 876 2235 inquimus,
913 2198 1060 2224 nomen
1093 2184 1238 2224 Christi
1268 2185 1563 2235 blasphemetur

175 2239 274 2278 inter
293 2246 441 2289 gentes.
498 2240 560 2276 Tu
590 2252 692 2285 vero,
723 2238 966 2277 sanctissime
994 2247 1104 2288 pater
1132 2246 1170 2276 et
1194 2251 1282 2277 vere
1305 2238 1560 2285 sanctissime,

175 2294 340 2332 edoctus
360 2306 383 2331 a
403 2292 546 2343 Spiritu
568 2292 655 2339 Dei,
684 2299 835 2342 praeter
858 2299 1029 2331 veterem
1054 2292 1159 2330 illam
1183 2299 1291 2330 tuam
1311 2291 1560 2342 prudentiam

175 2360 266 2385 cum
287 2354 393 2385 totus
413 2347 453 2384 in
473 2347 575 2384 hanc
595 2359 727 2384 curam
757 2345 992 2392 incubueris,
1015 2352 1057 2384 ut
1083 2347 1226 2384 sanatis
1252 2345 1561 2396 aegritudinibus

177 2401 321 2440 Christi
351 2401 515 2439 ecclesia
543 2407 634 2438 tuae
662 2413 777 2437 curae
804 2399 1013 2438 commissa
1041 2399 1189 2438 bonam
1215 2398 1480 2438 valetudinem
1507 2412 1562 2438 re-

176 2461 387 2504 cuperaret,
420 2453 550 2492 vidisti
579 2466 623 2492 ac
654 2453 777 2503 probe
806 2453 946 2499 vidisti,
978 2454 1070 2491 inde
1100 2451 1364 2502 incipiendam
1394 2453 1562 2491 medica-
