1715 2780
177 129 227 165 30
257 117 676 157 coNTROVERsv
696 115 1077 157 coNcERNING
1100 116 1505 156 INDULGENCES
1527 127 1571 165 14

176 219 255 255 lists
284 220 429 265 against
467 220 603 255 Luther
634 221 726 255 Dec.
757 229 843 265 1517
879 220 965 255 with
994 220 1051 255 his
1083 220 1173 266 [No.
1204 219 1261 265 15]
1292 221 1491 264 Dialogus
1520 220 1570 256 de

177 270 390 312 potestate
416 267 554 312 Papae
583 268 797 311 (Loescher,
830 267 864 302 ii.
895 277 935 302 12
953 279 1032 313 sqq.
1086 266 1251 302 Lutlcerz·
1280 268 1401 313 Opera
1430 268 1574 303 Latina

186 314 292 350 Varii
314 315 349 349 A
356 315 558 361 rgmnenti,
578 315 599 350 i.
618 324 686 358 344
708 325 788 360 sqq.
840 315 1040 359 Erlangae,
1062 314 1180 359 1865).
1227 315 1309 350 The
1335 321 1571 359 controversy

179 373 253 396 was
272 361 358 396 thus
375 362 524 406 given·a
541 362 654 396 wider
671 373 797 406 range.

384 478 472 522 No.
498 490 559 533 14.
611 478 827 523 Tetzel's
858 480 965 522 two
997 477 1363 532 Disputations.

546 567 676 605 Prima
699 567 925 618 Disputatio
947 567 1004 605 Io.
1028 566 1201 606 Tetzelii.

232 645 266 681 3.
299 631 488 682 Quisquis
519 645 609 682 ergo
644 631 737 671 dicit
766 631 979 679 Christum,
1012 633 1109 671 dum
1143 630 1382 682 praedicavit
1411 632 1572 671 ‘Poeni-

176 685 338 724 tentiam
355 687 457 736 agite
467 686 486 733 ²,
505 685 560 724 sic
573 685 742 724 voluisse
756 685 1038 735 poenitentiam
1052 685 1276 725 interiorem
1290 693 1328 725 et
1341 686 1571 725 exteriorem

177 739 302 778 carnis
325 739 679 787 mortificationem,

231 807 265 840 4.
298 795 354 833 Ut
376 806 456 832 non
473 793 589 831 etiam
607 794 749 832 docere
765 795 824 832 vel
841 793 1105 844 cointelligere
1119 793 1290 844 potuerit
1305 794 1572 845 poenitentiae

177 849 473 886 Sacramentum
503 847 667 897 eiusque
698 855 837 897 parteS,
863 848 1153 887 confessionem
1183 856 1222 887 et
1251 848 1572 896 satisfactionem,

176 909 362 952 tanquam
388 901 650 951 obligatorias,
680 909 789 940 errat.
851 903 941 941 Imo
967 901 1064 940 nihil
1088 915 1194 941 nunc
1215 903 1331 950 iuvat,
1355 902 1386 941 si
1413 902 1573 942 interior

175 968 304 1004 poena
337 955 454 994 etiam
487 962 668 1006 operetur
705 957 934 995 exteriorem
973 955 1328 1003 mortificationem,
1363 956 1436 995 nisi
1470 956 1572 999 adsit

176 1010 278 1047 facto
299 1011 360 1048 vel
379 1017 472 1048 voto
493 1009 689 1048 confessio
710 1018 747 1048 et
768 1009 990 1049 satisfactio.

233 1075 265 1113 5.
300 1065 414 1102 Haec
435 1063 648 1102 satisfactio
670 1064 777 1114 (cum
801 1066 911 1102 Deus
933 1064 1121 1103 delictum
1149 1064 1300 1114 absque
1321 1064 1470 1104 ultione
1490 1077 1572 1104 non

175 1117 358 1167 patiatur)
381 1130 449 1167 per
467 1130 636 1168 poenam
658 1119 712 1164 fit,
735 1119 795 1156 vel
815 1117 1078 1168 aequivalens,
1101 1117 1141 1156 in
1160 1118 1393 1170 acceptione
1412 1118 1559 1158 divina.

232 1173 268 1210 6.
299 1172 412 1220 Quae
433 1173 493 1210 vel
517 1185 539 1210 a
562 1171 796 1222 presbyteris
824 1171 1049 1222 imponitur,
1072 1172 1217 1211 arbitro
1238 1174 1298 1211 vel
1325 1185 1489 1220 canone,
1510 1174 1572 1212 vel

176 1238 463 1276 nonnunquam
495 1239 518 1264 a
549 1225 694 1264 iustitia
729 1225 861 1264 divina
893 1225 1057 1277 exigitur
1091 1225 1154 1264 hic
1183 1227 1244 1264 vel
1273 1226 1313 1265 in
1344 1228 1572 1278 Purgatorio

177 1278 438 1318 dissolvenda.

238 1347 292 1371 11.
326 1335 444 1372 Hanc
474 1346 653 1383 poenam,
681 1334 733 1372 ob
763 1341 926 1384 peccata
949 1333 1117 1374 contrita
1145 1341 1184 1374 et
1213 1335 1392 1383 confessa
1415 1333 1573 1385 imposi-

178 1395 268 1433 tam,
292 1394 420 1437 potest
442 1389 548 1438 Papa
569 1400 636 1438 per
658 1387 931 1438 Indulgentias
952 1387 1108 1438 penitus
1128 1389 1312 1427 relaxare.

236 1454 292 1489 13.
324 1442 402 1479 Sed
436 1440 526 1479 licet
565 1454 633 1492 per
672 1441 942 1491 Indulgentias
976 1441 1105 1481 omnis
1139 1455 1268 1493 poena
1298 1441 1338 1481 in
1372 1441 1571 1493 dispositis

177 1494 403 1542 remittatur,
430 1508 531 1545 quae
561 1503 618 1534 est
649 1508 717 1545 pro
749 1495 920 1545 peccatis
949 1495 1097 1545 debita,
1126 1503 1169 1536 ut
1198 1509 1333 1535 eorum
1363 1503 1422 1537 est
1450 1495 1572 1536 vindi-

178 1548 303 1587 cativa
321 1562 330 1596 3

236 1616 293 1649 14.
327 1604 438 1641 Errat
470 1611 602 1641 tamen
637 1603 703 1654 qui
738 1604 791 1642 ob
822 1604 862 1643 id
894 1604 978 1643 tolli
1011 1611 1122 1656 putet
1155 1616 1342 1654 poenam,
1373 1616 1474 1655 quae
1512 1610 1572 1645 est

177 1655 411 1695 medicativa
449 1665 487 1695 et
525 1657 797 1707 preservativa,
829 1671 919 1697 cum
959 1665 1095 1698 contra
1133 1659 1236 1698 hanc
1275 1657 1452 1698 Iubileus
1490 1670 1571 1698 non

176 1710 386 1749 ordinetur.

236 1777 292 1814 15.
324 1765 588 1813 Quantumvis
623 1779 714 1815 ergo
745 1765 884 1816 aliquis
917 1765 964 1804 sit
995 1779 1064 1816 per
1103 1765 1373 1817 Indulgentias
1404 1778 1493 1805 vere
1533 1772 1572 1804 et

177 1818 344 1856 totaliter
378 1820 579 1865 relaxatus,
616 1820 725 1868 quod
762 1819 841 1858 fieri
877 1833 993 1872 posse
1031 1819 1071 1858 in
1105 1819 1304 1870 dispositis
1335 1819 1403 1871 qui
1441 1826 1568 1870 negat,

177 1878 274 1909 errat
294 1886 302 1918 ς

236 1928 293 1963 16.
327 1926 561 1964 Nullatenus
583 1933 713 1965 tamen
735 1927 854 1966 debet
875 1927 1130 1967 intermittere
1158 1940 1277 1978 opera
1301 1926 1568 1974 satisfactoria,

176 1979 308 2030 quoad
343 1978 490 2037 vix-erit,
524 1981 807 2039 quando'sunt
837 1981 1085 2033 reliquiarum
1116 1981 1288 2020 curativa
1315 1988 1354 2023 et
1382 1995 1406 2021 a
1436 1980 1570 2022 futuris

176 2040 458 2082 praeservativa
479 2040 516 2071 et
537 2041 742 2072 merltoria.

232 2100 291 2137 30.
325 2116 332 2124 .
366 2116 373 2123 .
407 2116 413 2123 .
447 2086 609 2125 minima
641 2088 834 2134 contritio,
876 2102 978 2138 quae
1002 2096 1131 2139 potest
1163 2088 1201 2128 in
1234 2089 1312 2128 fine
1345 2090 1446 2128 vitae
1479 2101 1571 2130 con·

177 2140 334 2191 tingere,

232 2208 291 2245 31.
324 2194 497 2234 Sufficiat
517 2195 567 2233 ad
588 2202 837 2244 peccatorum
861 2195 1129 2235 remissionem
1149 2209 1196 2234 ac
1216 2208 1369 2245 poenae
1387 2203 1568 2236 aeternae

177 2249 215 2287 in
237 2249 493 2299 temporalem
517 2249 786 2287 mutationem.

232 2305 294 2350 64.
327 2304 419 2340 Non
452 2315 536 2341 esse
571 2301 836 2341 Christianum
876 2303 1031 2353 dogma,
1073 2304 1181 2353 quod
1220 2302 1459 2353 redempturi
1498 2317 1568 2354 pro

177 2356 311 2396 amicis
350 2355 651 2395 confessionalia
684 2357 743 2394 vel
783 2355 993 2405 purgandis
1044 2356 1240 2395 Iubileum
1281 2355 1431 2405 possint
1470 2357 1567 2396 haec

177 2411 302 2450 facere
323 2409 472 2459 absque
498 2408 743 2447 contritione.
767 2422 870 2446 error
