1715 2780
172 81 227 128 36
393 81 513 118 THE
555 80 753 117 THREE
799 80 1110 118 TREATISES
1152 82 1223 120 OF
1264 95 1363 131 1520
1529 85 1579 131 69

172 184 268 232 eius,
285 192 325 223 et
344 184 575 224 traditiones
595 197 770 235 operum.
825 184 983 233 Quibus
1003 198 1076 223 ceu
1097 185 1323 235 captivitate
1340 185 1582 236 Babylonica

170 239 346 278 translati
366 252 501 278 sumus
529 239 579 278 de
605 246 704 278 terra
730 246 874 286 nostra,
897 238 1021 290 captis
1041 239 1227 278 omnibus
1254 239 1582 279 desiderabilibus

172 294 327 333 nostris.
388 295 451 332 Ita
477 294 527 333 de
559 293 677 332 missa
703 293 879 344 contigit,
902 306 1004 343 quae
1025 293 1237 353 impiorum
1259 293 1469 333 hominum
1491 295 1582 333 doc-

172 347 272 386 trina
287 355 438 386 mutata
453 355 512 387 est
527 347 566 386 in
588 361 688 398 opus
708 347 859 386 bonum
865 347 1014 398 ‚quod
1006 361 1079 398 1p51
1092 356 1235 387 vocant
1249 362 1348 398 opus
1362 356 1579 398 operatum,

171 415 252 452 quo
271 403 378 452 apud
394 403 526 441 Deum
543 415 628 441 sese
644 401 778 441 omnia
794 410 1050 452 praesumunt
1067 415 1196 452 posse.
1237 404 1339 442 Inde
1353 416 1581 463 processum

170 464 230 495 est
249 457 300 495 ad
320 464 538 495 extremum
560 456 746 503 insaniae,
769 464 822 503 ut,
845 456 937 506 quia
963 456 1122 494 missam
1150 471 1197 495 ex
1217 456 1253 495 vi
1280 458 1409 507 operis
1433 457 1582 507 operati

170 511 299 550 valere
338 509 492 550 mentiti
526 519 627 558 sunt,
659 511 888 550 adiecerunt
927 524 1013 549 eam
1047 524 1127 549 non
1160 511 1291 549 minus
1320 511 1457 550 utilem
1496 524 1583 550 esse

169 564 346 612 caeteris,
368 563 521 604 etiamsi
547 564 621 615 ipsi
647 564 769 615 impio
797 564 974 603 sacrifico
1002 565 1119 604 noxia
1146 567 1204 604 sit.
1265 568 1398 616 Atque
1419 565 1457 604 in
1480 567 1582 604 hanc

169 632 329 658 arenam
359 620 623 658 fundaverunt
654 632 743 658 suas
772 619 1070 669 applicationes,
1093 619 1424 670 participationes,
1447 628 1485 659 et
1514 621 1582 658 fra-

170 673 383 721 ternitates,
413 673 687 720 anniversaria,
709 682 747 713 et
778 673 817 713 id
846 687 970 724 genus
1011 673 1163 713 infinita
1198 674 1293 713 lucri
1328 683 1365 713 et
1396 682 1582 725 quaestus

169 728 338 778 negotia.
360 759 367 766 .
392 759 399 766 .
425 759 432 766 .

224 783 320 821 Hoc
349 790 482 821 autem
516 781 629 820 facile
656 782 836 829 admitto,
872 782 1070 821 orationes
1102 796 1199 833 quas
1229 784 1280 822 ad
1311 783 1470 822 missam
1502 797 1583 834 per-

170 835 395 886 cipiendam
417 836 643 886 congregati
663 849 795 875 coram
827 838 915 875 Deo
942 837 1195 885 effundimus,
1218 850 1304 877 esse
1332 838 1437 876 bona
1464 851 1583 888 opera

169 903 238 929 seu
273 891 477 938 beneficia,
510 904 612 941 quae
647 891 762 930 nobis
798 898 937 930 mutuo
972 891 1228 941 imparfimus,
1264 892 1510 942 applicamus
1544 900 1582 931 et

168 944 522 992 communicamus,
550 953 589 984 et
619 958 689 995 pro
716 945 883 984 invicem
920 947 1120 984 offerimus
1143 977 1149 983 .
1173 975 1181 984 .
1206 977 1212 984 .
1237 947 1315 985 Sed
1343 946 1431 996 quis
1462 959 1583 985 sacer-

169 1000 309 1038 dotum
330 1001 407 1038 hoc
433 999 595 1038 nomine
616 999 819 1047 sacrificat,
842 1007 884 1038 ut
911 1001 1013 1039 solas
1041 1000 1238 1039 orationes
1262 1000 1470 1040 arbitretur
1498 1015 1582 1040 sese

168 1054 336 1092 offerre?
392 1053 545 1093 Omnes
565 1053 828 1103 imaginantur
849 1067 934 1093 sese
955 1056 1092 1093 offerre
1118 1056 1245 1104 ipsum
1269 1055 1471 1094 Christum
1494 1057 1582 1093 Deo

169 1107 274 1146 Patri
296 1115 485 1158 tanquam
506 1109 676 1146 hostiam
698 1108 1080 1155 sufficientissimam,
1103 1117 1141 1147 et
1163 1109 1313 1147 bonum
1335 1123 1434 1160 opus
1456 1110 1583 1148 facere

168 1161 366 1209 omnibus,
389 1161 533 1212 quibus
561 1171 788 1212 proponunt
816 1164 1015 1212 prodesse,
1038 1163 1131 1213 quia
1160 1164 1368 1201 confidunt
1394 1163 1433 1201 in
1465 1176 1583 1213 opere

168 1215 318 1266 operati
366 1217 475 1266 quod
524 1216 691 1254 orationi
737 1230 819 1255 non
858 1216 1046 1255 tribuunt.
1106 1216 1169 1256 Sic
1217 1217 1406 1268 paulatim
1455 1231 1583 1256 errore

168 1278 381 1317 crescente,
413 1271 453 1309 id
483 1271 592 1320 quod
623 1270 846 1309 orationum
877 1279 948 1318 est,
981 1271 1202 1310 tribuerunt
1238 1280 1484 1310 sacramento
1501 1287 1510 1320 3
1544 1280 1582 1311 et

169 1325 278 1374 quod
299 1324 471 1375 recipere
491 1324 730 1364 beneficium
751 1326 912 1373 debent,
934 1325 974 1364 id
995 1326 1224 1365 obtulerunt
1246 1328 1346 1364 Deo.

223 1379 355 1427 Quare
393 1386 507 1418 acute
546 1380 853 1418 discernendum
902 1388 960 1418 est
1003 1381 1103 1419 inter
1142 1388 1422 1419 testamentum
1462 1394 1583 1419 sacra-

169 1440 428 1484 mentumque
448 1433 577 1483 ipsum
605 1442 643 1472 et
671 1433 771 1472 inter
794 1434 1003 1482 orationes,
1027 1448 1124 1485 quas
1152 1434 1269 1473 simul
1297 1448 1454 1473 oramus
1470 1449 1480 1483 3
1509 1448 1582 1473 nec

169 1486 208 1525 id
247 1488 375 1526 solum
424 1489 493 1526 sed
537 1487 634 1526 scire
674 1501 834 1538 quoque
869 1496 1025 1539 oportet
1059 1490 1257 1528 orationes
1291 1503 1449 1539 prorsus
1485 1488 1581 1527 nihil

168 1542 295 1580 valere
315 1555 390 1580 nec
417 1541 543 1580 oranti
570 1541 643 1592 ipsi
672 1556 746 1581 nec
773 1542 830 1589 iis,
853 1556 924 1592 pro
945 1542 1089 1593 quibus
1117 1551 1287 1590 orantur,
1311 1543 1384 1582 nisi
1411 1543 1580 1593 primum

169 1602 447 1635 testamentum
480 1597 557 1635 fide
584 1604 814 1646 perceptum
843 1597 903 1644 sit,
932 1607 974 1636 ut
999 1598 1097 1636 fides
1122 1605 1206 1636 oret
1233 1611 1335 1647 quae
1362 1600 1445 1636 sola
1469 1611 1581 1636 exau-

169 1650 331 1689 ditur..
356 1681 363 1689 .
381 1665 391 1698 ;
419 1651 521 1689 adeo
543 1651 658 1700 longe
679 1650 786 1689 aliud
807 1659 866 1690 est
887 1653 1010 1690 oratio
1032 1665 1151 1702 quam
1173 1653 1303 1690 missa.
1348 1652 1579 1691 Orationem

169 1716 339 1764 possum
360 1705 571 1743 extendere
601 1704 641 1742 in
671 1714 867 1755 quotquot
897 1707 1070 1751 voluero,
1100 1705 1259 1744 missam
1292 1719 1409 1745 nemo
1438 1705 1580 1756 accipit

169 1757 242 1796 nisi
274 1758 341 1808 qui
368 1771 437 1808 per
475 1772 517 1797 se
551 1759 679 1809 ipsum
713 1759 837 1798 credit
872 1768 909 1798 et
942 1768 1095 1798 tantum
1126 1768 1318 1809 quantum
1349 1760 1514 1799 credit.

170 1813 240 1850 Est
261 1826 352 1862 ergo
373 1820 522 1851 certum
546 1812 704 1852 missam
726 1827 808 1851 non
824 1826 910 1853 esse
925 1827 1025 1864 opus
1041 1813 1125 1853 aliis
1147 1814 1492 1862 communicabile,
1510 1791 1579 1853 sed

168 1865 368 1905 obiectum
391 1897 398 1906 .
423 1897 429 1905 .
455 1898 462 1905 .
486 1867 589 1914 fidei,
612 1868 792 1917 propriae
811 1867 1002 1918 cuiusque
1022 1869 1189 1907 alendae
1209 1877 1247 1907 et
1268 1869 1524 1908 roborandae.

224 1922 309 1959 Iam
340 1929 377 1960 et
414 1923 580 1960 alterum
619 1923 851 1960 scandalum
891 1924 1159 1962 amovendum
1199 1931 1269 1970 est,
1305 1924 1415 1973 quod
1455 1924 1580 1961 multo

167 1974 352 2023 grandius
384 1982 442 2013 est
480 1983 518 2014 et
550 1975 896 2026 speciosissimum,
932 1976 973 2015 id
1007 1985 1077 2024 est,
1113 1979 1223 2027 quod
1258 1977 1376 2016 missa
1409 1978 1581 2016 creditur

169 2030 312 2077 passim
334 2043 419 2068 esse
440 2029 674 2068 sacrificium
696 2032 805 2080 quod
826 2032 985 2069 offertur
1003 2033 1092 2070 Deo
1108 2046 1117 2079 ;
1146 2031 1185 2069 in
1207 2045 1325 2081 quam
1348 2031 1578 2081 opinionem

169 2090 207 2120 et
241 2084 360 2122 verba
397 2085 560 2122 canonis
594 2098 733 2123 sonare
766 2085 958 2132 videntur,
995 2085 1063 2123 ubi
1095 2085 1259 2125 dicitur:
1307 2087 1420 2125 Haec
1459 2087 1577 2131 dona,

169 2137 265 2175 haec
286 2150 460 2184 munera,
478 2139 576 2176 haec
592 2146 727 2177 sancta
743 2139 932 2177 sacrificia
946 2154 956 2187 5
976 2147 1014 2178 et
1032 2139 1149 2177 infra:
1185 2141 1304 2178 Hanc
1320 2139 1577 2179 oblationem.

172 2191 273 2229 Item
305 2191 518 2231 clarissime
549 2194 780 2242 postulatur,
813 2201 855 2231 ut
889 2202 1097 2243 acceptum
1131 2195 1178 2232 sit
1212 2193 1446 2232 sacrificium
1480 2195 1579 2231 sicut

170 2245 403 2283 sacrificium
438 2245 553 2291 Abel,
586 2254 658 2285 etc.
729 2248 830 2286 Inde
869 2247 1050 2287 Christus
1089 2247 1218 2286 hostia
1255 2249 1386 2286 altaris
1426 2247 1577 2287 dicitur.

169 2299 378 2338 Accedunt
398 2299 457 2338 his
479 2300 584 2339 dicta
611 2302 647 2339 S.
672 2302 844 2349 Patrum‚
867 2309 925 2341 tot
948 2303 1127 2352 exempla
1154 2310 1366 2352 tantusque
1394 2316 1486 2340 usus
1511 2314 1579 2351 per

169 2352 305 2391 orbem
325 2361 551 2393 constanter
570 2355 811 2394 observatus,

226 2406 301 2445 His
330 2408 527 2455 omnibus,
559 2408 651 2458 quia
681 2409 991 2459 pertinacissime
1026 2412 1264 2457 insederunt,
1299 2418 1453 2459 oportet
1487 2421 1578 2446 con-

171 2461 408 2500 stantissime
446 2475 647 2514 opponere
686 2464 803 2502 verba
831 2495 838 2502 .
863 2495 869 2501 .
895 2495 900 2501 .
926 2464 1083 2504 Christi.
1145 2464 1231 2504 Nisi
1271 2465 1376 2503 enim
1417 2464 1578 2504 missam
