1715 2780
170 110 218 144 24
401 97 520 136 THE
560 95 926 135 NINETY-FIVE
966 95 1192 142 THESES,
1236 107 1334 146 1517
1528 108 1564 135 11

166 199 385 238 necessaria
405 206 587 238 tenentur
603 199 740 238 domui
762 211 854 238 suae
875 199 1051 247 retinere,
1075 207 1112 238 et
1134 212 1384 251 nequaquam
1406 208 1564 251 propter

165 253 298 292 venias
328 254 539 293 effundere.

221 320 282 357 47.
316 308 499 347 Docendi
528 316 618 348 sunt
643 307 866 355 Christiani,
895 309 1004 358 quod
1031 308 1252 359 redemptio
1277 308 1480 348 veniarum
1503 316 1563 349 est

166 361 300 408 libera,
331 375 411 401 non
442 370 660 413 praecepta.

220 418 282 463 48.
316 417 499 455 Docendi
520 425 610 456 sunt
632 415 855 464 Christiani,
874 417 982 466 quod
1003 429 1106 466 papa
1125 416 1225 455 sicut
1245 418 1368 468 magis
1389 424 1486 468 eget,
1510 418 1563 456 ita

168 470 290 520 magis
315 478 423 520 optat
448 472 487 508 in
507 470 631 509 veniis
655 471 797 509 dandis
821 483 891 521 pro
917 483 958 509 se
982 472 1167 509 devotam
1188 471 1422 519 orationem,
1441 485 1560 522 quam

166 532 388 574 promptam
418 525 638 574 pecuniam.

221 591 284 627 49
317 578 501 617 Docendi
521 587 611 617 sunt
638 577 865 626 Christiani,
885 579 1002 638 quod
1013 579 1150 619 veniae
1155 591 1296 639 papae
1322 586 1413 618 sunt
1433 579 1559 627 utiles,

167 631 198 670 si
219 645 300 670 non
320 631 359 669 in
381 645 446 670 eas
470 634 684 680 confidant,
701 633 770 671 sed
791 631 1107 680 nocentissimae,
1133 632 1165 671 si
1189 632 1371 672 timorem
1389 633 1464 672 Dei
1493 646 1561 684 per

167 699 232 724 eas
261 685 454 724 amittant.
935 709 937 711 ·
1222 709 1227 711 Δ

223 752 282 790 50.
317 740 500 779 Docendi
521 747 611 778 sunt
632 740 858 788 Christiani,
880 741 989 790 quod
1010 740 1041 778 si
1061 754 1163 791 papa
1183 748 1317 779 nosset
1335 741 1560 780 exactiones

165 793 377 832 venialium
402 794 727 845 praedicatorum,
759 796 892 833 mallet
919 794 1122 833 basilicam
1152 796 1188 834 S.
1213 795 1317 834 Petri
1344 795 1383 833 in
1411 795 1561 835 cineres

165 848 230 895 ire,
253 861 372 898 quam
393 848 590 887 aedificari
610 856 714 897 cute,
734 862 849 887 carne
870 856 907 887 et
927 848 1083 888 ossibus
1102 849 1235 888 ovium
1257 862 1427 889 suarum.

222 914 281 952 51.
314 903 499 942 Docendi
532 911 623 941 sunt
657 902 883 951 Christiani,
914 904 1024 953 quod
1062 916 1177 953 papa,
1207 903 1307 942 sicut
1344 904 1476 952 debet,
1508 904 1561 942 ita

165 958 295 1003 vellet,
325 956 442 995 etiam
481 956 650 1004 vendita,
692 958 722 995 si
754 970 854 1007 opus
885 956 945 1004 sit,
980 956 1140 996 basilica
1175 958 1211 995 S.
1249 956 1353 996 Petri
1391 958 1442 996 de
1481 958 1560 996 suis

165 1009 342 1059 pecuniis
375 1012 468 1049 dare
495 1010 580 1058 illis,
612 1024 634 1049 a
664 1024 831 1061 quorum
862 1010 1038 1061 plurimis
1068 1011 1229 1061 quidam
1260 1011 1560 1050 concionatores

164 1064 365 1102 veniarum
386 1065 592 1115 pecuniam
614 1064 786 1104 eliciunt.

219 1130 280 1168 52.
312 1120 425 1157 Vana
457 1126 514 1157 est
548 1119 693 1158 fiducia
724 1120 857 1157 salutis
896 1132 964 1169 per
997 1119 1126 1158 literas
1160 1118 1373 1167 veniarum,
1407 1119 1560 1158 etiamsi

164 1172 465 1219 commissarius,
478 1173 558 1211 imo
575 1186 676 1222 papa
692 1173 775 1223 ipse
792 1186 900 1211 suam
916 1172 1089 1211 animam
1098 1186 1168 1223 pro
1182 1172 1256 1211 illis
1268 1172 1558 1224 impignoraret.

220 1239 281 1276 53.
315 1228 465 1265 Hostes
486 1227 632 1266 Christi
652 1234 690 1265 et
710 1240 835 1277 papae
856 1234 947 1265 sunt
973 1227 1013 1275 ii,
1033 1228 1100 1277 qui
1121 1235 1278 1277 propter
1298 1228 1431 1266 venias
1450 1240 1560 1278 prae-

162 1280 352 1319 dicandas
373 1281 535 1319 verbum
558 1280 634 1319 Dei
655 1281 694 1318 in
715 1280 800 1319 aliis
821 1280 995 1320 ecclesiis
1016 1280 1172 1331 penitus
1193 1280 1305 1320 silere
1324 1281 1474 1320 iubent.

219 1348 281 1385 54.
312 1334 458 1373 Iniuria
487 1336 530 1373 fit
559 1335 679 1373 verbo
710 1335 796 1382 Dei,
820 1336 916 1374 dum
946 1335 986 1372 in
1015 1336 1157 1374 eodem
1186 1348 1368 1374 sermone
1394 1338 1558 1386 aequale

163 1391 223 1426 vel
244 1388 398 1438 longius
419 1396 574 1439 tempus
596 1389 837 1439 impenditur
856 1389 979 1427 veniis
1000 1402 1118 1438 quam
1138 1388 1204 1427 illi.

219 1455 279 1493 55.
313 1445 430 1481 Mens
451 1456 575 1493 papae
596 1443 817 1482 necessario
838 1451 906 1490 est,
930 1444 1050 1493 quod,
1083 1443 1114 1481 si
1140 1442 1289 1503 veniae,
1312 1444 1421 1493 quod
1448 1443 1558 1482 mini-

163 1510 271 1534 mum
289 1505 357 1544 est,
376 1510 454 1535 una
469 1510 672 1547 campana,
691 1498 778 1535 unis
800 1498 955 1548 pompis
975 1504 1013 1535 et
1029 1496 1277 1535 caerimoniis
1298 1498 1555 1544 celebrantur,

162 1564 208 1589 ex
210 1550 418 1610 angelium,
456 1552 563 1600 quod
597 1551 809 1589 maximum
845 1559 914 1597 est,
950 1558 1110 1589 centum
1150 1551 1364 1601 campanis,
1395 1560 1554 1590 centum

162 1605 328 1655 pompis,
361 1612 518 1643 centum
550 1605 797 1643 caerimoniis
826 1604 1081 1654 praedicetur.

217 1661 275 1718 56.
306 1660 341 1696 Γ
345 1658 498 1697 hes‘tun
528 1659 727 1706 ecclesiae,
759 1660 866 1698 unde
894 1672 996 1718 papa
1025 1660 1104 1698 dat·
1122 1658 1396 1709 indulgentias,
1426 1672 1556 1709 neque

161 1713 252 1750 satis
273 1712 465 1751 nominati
487 1721 588 1760 sunt,
612 1726 742 1762 neque
763 1713 908 1762 cogniti
929 1713 1036 1762 apud
1056 1714 1247 1763 populum
1268 1711 1427 1752 Christi.

217 1779 276 1816 57.
309 1768 565 1816 Temporales
596 1775 699 1805 certe
728 1780 808 1805 non
830 1780 915 1810 esse
944 1774 1060 1816 patet,
1085 1767 1193 1817 quod
1221 1779 1302 1805 non
1331 1774 1412 1805 tam
1442 1768 1554 1806 facile

160 1834 227 1859 eos
262 1821 516 1869 profundunt,
554 1822 623 1859 sed
658 1822 936 1859 tantummodo
970 1820 1158 1871 colligunt
1196 1819 1309 1858 multi
1347 1821 1555 1860 conciona-

160 1882 300 1912 torum.

216 1930 276 1977 58.
310 1929 395 1965 Nec
417 1935 507 1966 sunt
528 1927 665 1966 merita
686 1928 831 1967 Christi
853 1936 890 1966 et
911 1936 1146 1976 sanctorum,
1170 1928 1262 1978 quia
1281 1928 1379 1966 haec
1399 1941 1554 1979 semper

160 1981 243 2020 sine
282 1994 383 2031 papa
422 1989 631 2031 operantur
663 1981 824 2031 gratiam
864 1982 1035 2020 hominis
1074 1982 1276 2029 interioris,
1311 1989 1348 2020 et
1382 1995 1552 2030 cruceni,

162 2043 338 2080 mortem,
361 2034 636 2085 infernumque
656 2035 865 2073 exterioris.

215 2101 276 2138 59.
308 2090 532 2126 Ihesauros
563 2089 751 2127 ecclesiae
785 2090 820 2127 S.
854 2089 1086 2127 Laurentius
1119 2089 1214 2127 dixit
1244 2102 1329 2128 esse
1361 2102 1552 2139 pauperes

159 2142 358 2189 ecclesiae,
383 2143 451 2180 sed
473 2143 626 2180 locutus
648 2151 705 2180 est
726 2156 797 2180 usu
819 2143 999 2181 vocabuli
1020 2156 1092 2181 suo
1113 2151 1299 2193 tempore.

216 2199 278 2234 60.
310 2196 402 2235 Sine
424 2195 640 2234 temeritate
667 2196 844 2244 dicimus,
868 2198 996 2234 claves
1026 2196 1224 2244 ecclesiae,
1246 2196 1386 2235 merito
1407 2197 1552 2236 Christi

160 2252 338 2297 donatas,
361 2263 445 2288 esse
465 2251 689 2288 thesaurum
713 2249 840 2288 istum.

215 2307 276 2342 61.
308 2305 466 2343 Clarum
498 2311 556 2342 est
590 2303 706 2350 enim,
742 2304 851 2353 quod
881 2305 931 2342 ad
965 2303 1234 2342 remissionem
1267 2317 1483 2354 poenarum
1513 2314 1550 2344 et

159 2371 321 2397 casuum
343 2359 426 2396 sola
445 2357 586 2396 sufficit
606 2365 778 2407 potestas
799 2370 934 2408 papae.

215 2415 276 2450 62.
309 2413 434 2450 Verus
456 2412 660 2450 thesaurus
682 2411 872 2450 ecclesiae
898 2419 956 2449 est
986 2419 1277 2450 sacrosanctum
1306 2412 1550 2462 evangelium

159 2466 303 2516 gloriae
325 2474 361 2504 et
382 2465 525 2515 gratiae
549 2466 634 2503 Dei.
