1715 2780
197 85 272 133 328
359 84 478 122 THE
511 82 991 122 LUTHERANIZING
1022 82 1093 119 OF
1122 81 1426 127 DENMARK,
1517 90 1588 128 132

198 188 281 227 sine
312 187 432 238 Regis
462 195 499 226 et
531 190 697 226 Senatus
712 187 842 236 regni.
869 217 875 224 .
899 198 1120 225 .consensu
1147 185 1296 235 aliquid
1325 185 1587 235 praediorum,

197 243 410 281 fundorum
459 250 496 280 et
547 240 842 291 possessionum
898 241 949 279 ad
1007 239 1242 279 monasteria
1296 238 1586 290 pertinentium,

197 296 461 344 abalienandi‚
482 294 681 335 vendendi
702 296 763 333 vel
783 293 1078 345 oppignerandi.

255 351 306 389 Et
343 349 532 401 quoniam
570 350 682 400 plebs
717 356 755 388 et
794 362 1006 387 commune
1045 347 1277 387 rusticorum
1309 361 1351 386 se
1387 354 1588 398 gravatum

201 418 316 456 supra
343 405 507 444 modum
538 403 654 442 sentit
684 404 876 442 variarum
905 416 1033 441 rerum
1063 402 1334 441 exactionibus
1360 414 1406 440 ac
1436 401 1589 440 tributis

200 471 302 509 quae
340 458 414 497 sub
453 457 614 497 diversis
653 456 893 505 nominibus,
926 456 1097 495 muneris
1137 455 1394 507 Episeopalis‚
1429 468 1588 502 avenae,

199 512 412 552 oblationis
459 510 588 561 butyri
639 510 886 561 aliorumque
935 512 1236 558 esculentorum,
1290 511 1474 548 frumenti
1520 523 1590 560 pro

200 566 375 605 aratione
397 573 435 605 et
462 565 660 612 similium,
682 565 733 604 ab
754 564 1028 604 ecclesiasticis
1048 564 1244 615 imposita,
1260 563 1409 603 eisdem
1430 576 1591 603 consue-

201 628 339 660 verunt
360 619 503 670 pendi:
534 620 584 658 de
614 632 663 658 eo
692 619 791 658 inter
817 632 890 658 nos
917 618 1102 658 convenit
1122 626 1164 657 ut
1191 617 1324 657 rustici
1350 625 1389 658 et
1413 619 1592 656 universa

200 675 312 725 plebs
332 687 400 724 per
420 681 548 712 totum
568 686 730 724 regnum
752 674 918 724 posthac
941 672 1137 712 decimam
1165 685 1364 723 quamque
1388 671 1589 722 mergitem

201 728 328 776 tritici,
368 727 540 778 siliginis,
580 727 729 774 hordei,
770 740 918 767 avenae
961 728 1170 777 omnisque
1212 725 1364 777 generis
1407 725 1592 764 frumenti

201 783 309 832 quod
331 781 465 821 divino
491 781 688 820 beneficio
712 794 757 820 ex
783 781 882 831 agris
909 782 1098 831 provenit,
1127 788 1231 820 recte
1255 787 1293 819 et
1317 780 1469 830 absque
1498 780 1592 818 dolo

200 837 375 887 pendant
395 849 441 874 ac
462 843 766 885 repraesentent,
794 835 990 874 decimam
1015 835 1133 874 etiam
1157 847 1204 873 ex
1223 834 1443 885 pecoribus,
1472 833 1591 872 veteri

201 904 247 928 ex
274 889 585 929 consuetudine:
616 890 656 927 in
684 889 898 928 Hallandia
922 901 1024 936 vero,
1059 888 1262 938 Blekingia
1290 895 1409 939 atque
1440 887 1589 934 Listria,

202 944 429 994 ubicunque
462 943 646 982 frumenti
676 942 854 982 decimae
887 956 969 981 non
1008 949 1263 993 praestantur,
1303 942 1488 992 butyrum
1526 948 1593 979 aut

200 997 318 1045 aliud,
360 999 469 1048 quod
506 997 722 1047 antiquitus
761 998 867 1048 apud
906 1010 973 1035 eos
1012 996 1194 1044 obtinuit,
1228 996 1470 1035 decimarum
1504 996 1593 1034 loco

201 1053 404 1091 adferant:
454 1065 582 1102 neque
635 1052 712 1090 alio
760 1064 999 1102 quocunque
1051 1064 1181 1098 onere,
1236 1050 1317 1090 sive
1372 1048 1592 1089 oblationes

202 1107 492 1145 esculentorum
525 1113 563 1144 et
595 1106 734 1156 butyri,
768 1105 848 1144 sive
880 1113 1009 1144 cetera
1043 1104 1083 1144 id
1116 1118 1239 1155 genus
1277 1117 1394 1155 supra
1432 1103 1593 1142 recitata

202 1160 355 1207 fuerint,
377 1173 399 1198 a
420 1159 642 1210 pastoribus
663 1159 916 1198 ecclesiarum
936 1166 1154 1209 graventur.

256 1216 309 1252 At
329 1227 432 1260 ver0,
458 1213 665 1264 Episcopis
686 1227 791 1252 nunc
813 1213 1001 1273 depositis
1021 1221 1140 1263 atque
1163 1212 1372 1262 abrogatis,
1404 1210 1592 1261 quoniam

202 1269 367 1306 omnino
388 1281 487 1317 opus
515 1269 699 1316 futurum,
722 1281 813 1306 cum
838 1267 939 1306 viros
968 1268 1162 1328 quosdam
1188 1265 1386 1313 constitui,
1409 1265 1593 1315 singulari

201 1322 380 1361 doctrina
422 1321 629 1372 praeditos,
675 1335 842 1371 quorum
881 1321 1053 1360 officium
1093 1322 1163 1360 erit
1201 1320 1511 1359 animadvertere
1549 1332 1594 1357 ac

201 1376 406 1414 attendere
427 1383 469 1413 ut
490 1388 629 1414 omnes
650 1376 919 1424 paroeciarum
941 1376 1164 1414 sacerdotes
1192 1387 1260 1424 per
1281 1381 1408 1412 totum
1429 1386 1593 1422 regnum

203 1429 414 1469 conciones
439 1429 622 1476 habeant,
653 1428 777 1479 iisque
807 1428 970 1467 verbum
1002 1428 1076 1467 Dei
1104 1436 1142 1467 et
1171 1426 1430 1478 Evangelium
1457 1434 1594 1465 coetus

202 1496 293 1522 suos
332 1484 526 1530 doceant3
565 1491 648 1521 tum
680 1491 721 1521 ut
754 1483 834 1521 ludi
868 1482 1091 1532 aperiantur
1121 1489 1490 1530 conserventurque,
1527 1480 1595 1519 ubi

200 1538 473 1576 adolescentes
493 1537 533 1575 in
557 1536 694 1575 Latina
713 1537 877 1586 aliisque
897 1536 1038 1587 linguis
1059 1536 1309 1575 instituantur
1332 1548 1382 1574 ne
1403 1534 1596 1573 desidere-

203 1600 263 1629 tur
293 1593 332 1629 in
361 1604 482 1641 regno
516 1592 685 1629 virorum
719 1591 961 1630 eruditorum
997 1592 1133 1640 copia:
1173 1589 1317 1629 talibus
1342 1596 1476 1627 autem
1505 1588 1595 1626 viris

203 1645 330 1684 doctis
360 1645 512 1684 alendis
543 1652 580 1683 et
610 1646 877 1683 sustentandis
909 1645 1090 1683 volumus
1122 1643 1363 1694 praedictam
1398 1641 1594 1681 decimam

203 1713 271 1749 per
303 1706 431 1738 totum
464 1712 626 1749 regnum
661 1698 832 1746 attribui,
862 1698 901 1736 in
922 1705 998 1738 tres
1020 1699 1155 1749 utique
1176 1708 1304 1748 partes
1325 1696 1593 1735 dividendam.

204 1753 375 1791 Primam
408 1753 491 1791 eius
526 1761 675 1803 partem
711 1753 893 1791 sacerdos
932 1752 1137 1803 paroeciae
1175 1751 1378 1791 obtineto:
1421 1751 1596 1789 secunda

202 1806 291 1846 aedi
306 1820 436 1845 sacrae
451 1808 582 1845 dator:
598 1806 709 1845 tertia
719 1806 817 1857 Regi
831 1806 990 1854 ceditor,
1001 1806 1147 1857 quippe
1161 1806 1271 1844 cuius
1285 1806 1355 1844 erit
1370 1803 1594 1843 memoratis

202 1860 291 1899 viris
321 1860 448 1899 doctis
478 1862 528 1899 de
557 1860 752 1899 alimentis
782 1861 962 1910 vitaeque
989 1859 1216 1899 necessariis
1247 1858 1478 1910 prospicere.
1511 1889 1516 1895 .
1547 1888 1553 1895 .
1588 1886 1593 1893 .

244 1969 334 2012 No.
358 1981 433 2022 132
447 1981 492 2013 a.
540 1969 806 2012 Ordinatio
833 1969 1203 2020 Ecclesiastica‚
1226 1980 1252 2011 2
1275 1969 1414 2021 Sept.
1437 1976 1554 2020 1537.

257 2059 316 2110 (1)
346 2061 462 2097 From
497 2061 556 2097 tlze
586 2060 725 2107 King's
758 2059 1228 2107 Pafum—Christianus
1262 2058 1337 2098 Dei
1368 2057 1489 2107 gratia
1522 2058 1593 2095 δῖε.

206 2116 419 2163 Postquam
443 2113 639 2151 Dominus
671 2114 780 2150 Deus
808 2112 920 2150 nobis
950 2113 1096 2150 avitum
1125 2120 1411 2162 paternumque
1431 2124 1593 2161 regnum

204 2167 374 2214 tradidit,
407 2166 542 2216 sopitis
573 2167 764 2204 bellorum
792 2166 1036 2213 tumultibus,
1060 2166 1156 2204 nihil
1184 2166 1288 2216 prius
1321 2167 1360 2204 in
1391 2164 1489 2203 votis
1513 2172 1593 2203 erat

204 2234 323 2271 quam
358 2222 571 2270 collapsam
605 2220 747 2259 Christi
783 2219 1000 2258 doctrinam
1037 2228 1074 2258 et
1106 2221 1333 2270 religionem
1369 2221 1593 2264 instaurare,

205 2276 544 2324 quemadmodum
577 2282 614 2312 et
654 2274 883 2312 iamdudum
920 2287 989 2323 pro
1022 2275 1162 2312 nostris
1194 2273 1302 2312 terris
1336 2272 1592 2323 cupieramus.

208 2330 346 2367 Donec
377 2329 455 2367 voti
485 2335 689 2377 compotes
720 2327 809 2365 facti
841 2340 1001 2373 sumus;
1047 2328 1094 2366 sit
1122 2327 1279 2367 Christo
1305 2326 1451 2377 gratia!
1492 2325 1594 2364 Con-

205 2382 352 2420 vocatis
392 2382 504 2432 igitur
546 2381 786 2420 Doctoribus
821 2388 858 2419 et
890 2381 1223 2430 praedicatoribus
1254 2380 1516 2425 ecclesiarum,
1548 2391 1593 2416 ex

208 2436 361 2474 Daniae
396 2449 516 2485 regno
551 2443 588 2474 et
622 2435 842 2473 Ducatibus
877 2436 1029 2482 nostris,
1064 2435 1336 2474 mandavimus
1366 2444 1407 2472 ut
1441 2432 1592 2471 ordina-
