1715 2780
149 116 222 161 276
405 114 524 152 THE
557 115 693 152 DIET
723 115 794 154 OF
823 114 1143 162 AUGsssURG‚
1181 127 1280 164 1530
1471 118 1537 155 116

147 216 404 256 enumerandi
431 218 563 256 omnia
591 219 745 266 delicta,
768 218 859 268 quia
881 218 1124 269 impossibile
1151 227 1210 258 est
1238 218 1372 258 omnia
1392 218 1537 259 delicta

145 271 316 318 recitare,
353 279 396 310 ut
427 278 590 310 testatur
622 273 826 311 Psalmus:
866 273 1020 310 Delicta
1057 273 1143 322 quis
1179 273 1387 322 intellzgrit?
1434 275 1535 313 Item

148 325 361 364 Ieremias:
399 327 575 365 pravum
607 332 661 364 est
688 339 751 364 cor
778 327 943 364 hominis
976 331 1013 364 et
1040 328 1295 365 inscrutabile.
1353 327 1475 376 Quod
1506 327 1538 366 si

147 380 253 418 nulla
272 387 434 430 peccata
454 379 527 417 nisi
549 379 709 418 recitata
738 381 1036 428 remitterentur,
1058 394 1263 430 nunquam
1283 380 1538 431 adquiescere

146 434 410 472 conscientiae
456 441 627 483 possent,
669 434 761 483 quia
802 434 968 484 plurima
1012 442 1174 484 peccata
1216 447 1346 484 neque
1389 436 1535 482 vident,

147 500 275 537 neque
296 487 522 526 meminisse
549 495 725 537 possunt.
785 499 820 537 5.
850 490 884 525 Γ
889 495 1063 527 estantur
1087 495 1125 526 et
1154 496 1304 527 veteres
1332 488 1538 538 scriptores

145 541 483 580 enumerationem
530 554 611 579 non
660 555 744 580 esse
792 542 1062 581 necessariam.
1122 543 1227 580 Nam
1269 543 1309 580 in
1358 544 1537 581 Decretis

145 594 284 633 citatur
304 595 621 645 ChrysostomuS,
644 596 711 645 qui
733 595 787 633 sic
811 597 864 633 ait
883 612 889 634 :
924 597 1040 634 ‘Non
1065 595 1135 634 tibi
1152 596 1253 644 dico,
1274 603 1316 634 ut
1336 603 1374 634 te
1394 597 1537 646 prodas

146 648 185 686 in
202 648 416 698 publicum,
439 661 570 698 neque
595 650 703 698 apud
729 649 826 687 alios
851 657 889 688 te
912 662 1085 697 accuses,
1108 651 1179 688 sed
1205 649 1427 688 obedire‘te
1446 652 1537 689 volo

144 703 360 752 prophetae
391 701 560 740 dicenti:
595 705 738 741 Revela
766 709 854 741 ante
877 705 1006 743 Deum
1033 705 1137 742 viam
1158 709 1276 742 tuam.
1336 705 1442 754 Ergo
1471 711 1538 742 tua

145 757 333 794 confitere
357 763 519 805 peccata
545 757 651 806 apud
681 758 822 803 Deum,
852 770 986 796 verum
1015 757 1198 805 iudicem,
1226 771 1316 797 cum
1347 758 1534 796 oratione.

147 809 301 848 Delicta
314 817 382 848 tua
393 810 605 860 pronuntia
619 823 698 849 non
712 812 856 861 lingua,
867 813 935 850 sed
945 811 1209 850 conscientiae
1223 819 1312 850 tuae
1325 811 1516 851 memoria
1528 813 1536 829 '

144 872 217 901 etc.
276 865 327 902 Et
349 865 491 902 Glossa
509 865 553 901 de
563 865 829 914 poenitentiast
849 865 948 904 Dist.
967 866 1013 912 V,
1031 866 1125 915 Cap.
1152 866 1379 913 Consideret,
1397 866 1539 904 fatetur

144 917 307 955 humani
336 917 428 955 iuris
459 930 544 956 esse
568 919 873 957 confessionem.
930 922 965 957 6.
997 921 1145 958 Verum
1176 918 1383 967 confessio,
1412 932 1536 969 quum

144 979 303 1022 propter
330 971 543 1009 maximum
568 972 828 1011 absolutionis
860 973 1109 1020 beneficium,
1142 981 1226 1012 tum
1256 981 1414 1025 propter
1442 974 1536 1012 alias

144 1025 474 1064 conscientiarum
496 1025 681 1065 utilitates
703 1027 809 1076 apud
831 1040 902 1065 nos
923 1027 1120 1066 retinetur.

276 1134 326 1169 V.
385 1134 450 1170 DE
480 1144 732 1172 DISCRIMINE
761 1145 953 1173 CIBORUM
984 1146 1035 1172 ET
1064 1145 1404 1173 TRADITIONIBUS.

199 1193 362 1232 Publica
382 1195 582 1244 persuasio
596 1195 667 1234 fuit
684 1208 765 1234 non
781 1202 934 1234 tantum
951 1196 1066 1246 vulgi,
1089 1197 1159 1235 sed
1175 1195 1292 1235 etiarn
1308 1195 1536 1236 docentium

145 1248 184 1285 in
218 1247 404 1295 ecclesiis,
436 1250 545 1298 quod
580 1249 807 1288 discrimina
845 1249 1024 1288 ciborum
1056 1257 1094 1288 et
1128 1249 1274 1289 similes
1308 1249 1537 1289 traditiones

145 1303 342 1341 humanae
371 1301 448 1340 sint
477 1315 596 1352 opera
625 1304 676 1341 ad
706 1305 1008 1352 promerendam
1032 1303 1195 1353 gratiam
1223 1311 1260 1343 et
1280 1304 1538 1343 satisfactoria

145 1368 215 1405 pro
249 1355 433 1404 peccatis.
492 1358 543 1394 Et
575 1358 683 1405 quod
715 1358 770 1395 sic
809 1357 972 1396 senserit
1010 1358 1193 1404 mundus,
1223 1365 1384 1408 apparet
1413 1371 1459 1396 ex
1488 1371 1536 1397 eo

145 1410 237 1457 quia
266 1408 443 1458 quotidie
471 1408 776 1448 instituebantur
805 1423 931 1449 novae
958 1410 1216 1456 ceremoniae,
1245 1410 1335 1449 now‘
1365 1411 1535 1458 ordines,

147 1475 271 1500 novae
310 1462 438 1509 feriae,
471 1475 573 1501 nova
603 1462 759 1510 ieiunia,
794 1470 831 1502 et
866 1465 1048 1503 doctores
1078 1465 1119 1501 in
1149 1463 1303 1514 templis
1330 1465 1537 1514 exigebant

145 1517 242 1553 haec
273 1529 391 1565 opera
422 1523 624 1565 tamquam
663 1517 926 1555 necessarium
965 1519 1114 1555 cultum
1152 1518 1203 1556 ad
1233 1519 1535 1568 promerendam

144 1569 318 1618 gratiam,
350 1577 388 1608 et
418 1570 672 1608 vehementer
701 1572 898 1609 terrebant
933 1570 1205 1617 conscientias,
1240 1572 1270 1609 si
1305 1571 1401 1621 quid
1426 1571 1537 1610 omit-

145 1630 280 1661 terent.
343 1637 374 1660 2.
405 1624 464 1661 Ex
503 1625 576 1662 hac
615 1626 867 1674 persuasione
906 1626 956 1664 de
995 1624 1268 1664 traditionibus
1313 1627 1436 1665 multa
1483 1625 1537 1664 in-

144 1677 357 1715 commoda
376 1676 415 1714 in
437 1677 602 1715 ecclesia
621 1686 755 1717 secuta
775 1686 876 1716 sunt.

198 1731 334 1769 Primo
363 1731 571 1769 obscurata
591 1739 648 1770 est
670 1732 848 1770 doctrina
869 1733 918 1771 de
938 1732 1060 1782 gratia
1084 1739 1122 1770 et
1143 1733 1288 1770 iustitia
1308 1732 1411 1780 fidei,
1435 1745 1537 1782 quae

145 1791 203 1822 est
234 1785 444 1834 praecipua
470 1798 557 1834 pars
581 1787 782 1835 evangelii,
804 1793 841 1824 et
866 1799 985 1836 quam
1016 1785 1184 1824 maxime
1213 1792 1366 1836 oportet
1387 1794 1536 1824 exstare

145 1845 182 1876 et
204 1837 376 1876 eminere
405 1837 446 1875 in
473 1839 649 1885 ecclesia,
674 1847 715 1877 ut
746 1839 927 1878 meritum
958 1839 1104 1879 Christi
1134 1840 1236 1878 bene
1264 1847 1534 1889 cognoscatur,

145 1899 182 1929 et
213 1892 321 1937 fides,
350 1904 452 1940 quae
479 1892 602 1930 credit
630 1892 773 1931 remitti
804 1901 965 1942 peccata
993 1900 1151 1943 propter
1178 1892 1391 1940 Christum,
1419 1894 1536 1943 longe

146 1957 262 1993 supra
291 1957 410 1993 opera
440 1946 664 1984 collocetur.
724 1960 760 1995 3.
794 1948 926 1995 Quare
956 1955 994 1985 et
1025 1948 1169 1985 Paulus
1198 1946 1238 1984 in
1269 1947 1374 1985 hunc
1403 1948 1535 1984 locum

147 1996 314 2035 maxime
344 1998 548 2045 incumbit,
580 2000 706 2048 legem
734 2007 772 2037 et
802 2000 1030 2038 traditiones
1059 2002 1252 2038 humanas
1281 2007 1466 2047 removet,
1493 2007 1535 2038 ut

146 2051 329 2090 ostendat
373 2050 559 2088 iustitiam
600 2052 864 2091 Christianam
909 2053 1016 2092 aliud
1059 2053 1250 2103 quiddam
1292 2066 1377 2092 esse
1415 2066 1535 2103 quam

145 2103 373 2142 huiusmodi
403 2117 532 2153 opera,
568 2105 750 2144 videlicet
782 2107 911 2154 fidem,
947 2120 1047 2156 quae
1077 2106 1200 2145 credit
1228 2114 1391 2156 peccata
1418 2106 1535 2156 gratis

146 2157 290 2196 remitti
321 2165 478 2207 propter
513 2156 725 2197 Christum.
784 2173 818 2206 4.
851 2162 903 2197 At
933 2161 1030 2198 haec
1059 2159 1238 2198 doctrina
1269 2161 1380 2198 Pauli
1410 2172 1536 2209 paene

145 2219 227 2250 tota
247 2224 433 2261 oppressa
458 2218 516 2249 est
542 2224 610 2261 per
637 2211 876 2259 traditiones,
899 2226 999 2262 quae
1033 2220 1267 2262 pepererunt
1293 2212 1534 2262 opinionem,

146 2265 254 2315 quod
284 2277 352 2314 per
378 2264 603 2303 discrimina
623 2264 800 2303 ciborum
822 2274 859 2303 et
881 2265 1025 2304 similes
1045 2268 1172 2304 cultus
1199 2273 1377 2315 oporteat
1397 2267 1536 2305 mereri

144 2318 306 2368 gratiam
337 2325 375 2356 et
408 2317 604 2356 iustitiam.
666 2320 713 2356 In
744 2319 985 2368 poenitentia
1018 2320 1124 2357 nulla
1155 2318 1304 2357 mentio
1338 2320 1456 2359 fiebat
1485 2321 1537 2359 de

146 2372 235 2417 fide,
275 2379 428 2409 tantum
461 2372 559 2410 haec
593 2384 712 2422 opera
750 2372 1003 2410 satisfactoria
1033 2372 1377 2422 proponebantur3
1405 2372 1446 2413 in
1475 2373 1536 2413 his

147 2424 352 2463 videbatur
371 2424 612 2474 poenitentia
633 2433 713 2464 tota
733 2426 958 2464 consistere.

200 2517 207 2533 ¹
233 2517 364 2547 Decreti
383 2517 417 2548 P.
437 2517 482 2555 ΙΙ,
502 2517 608 2548 Causa
625 2518 737 2556 xxxiii,
756 2518 818 2558 Qu.
838 2526 854 2556 3
873 2516 940 2558 [De
956 2517 1174 2559 Poenitentia]
1204 2518 1286 2549 Dist.
1305 2528 1334 2557 v,
1354 2517 1435 2561 Cap.
1456 2525 1482 2550 1.
