<?xml version="1.0" encoding="UTF-8"?>
<!DOCTYPE html PUBLIC "-//W3C//DTD XHTML 1.0 Transitional//EN"
    "http://www.w3.org/TR/xhtml1/DTD/xhtml1-transitional.dtd">
<html xmlns="http://www.w3.org/1999/xhtml" xml:lang="en" lang="en">
 <head>
  <title>
</title>
<meta http-equiv="Content-Type" content="text/html;charset=utf-8" />
  <meta name='ocr-system' content='tesseract 3.04.00' />
  <meta name='ocr-capabilities' content='ocr_page ocr_carea ocr_par ocr_line ocrx_word'/>
</head>
<body>
  <div class='ocr_page' id='page_1' title='image "./docreform00kidd_0064.png"; bbox 0 0 1715 2780; ppageno 0'>
   <div class='ocr_carea' id='block_1_1' title="bbox 127 108 1524 158">
    <p class='ocr_par' dir='ltr' id='par_1_1' title="bbox 127 108 1524 158">
     <span class='ocr_line' id='line_1_1' title="bbox 127 108 1524 158; baseline -0.003 -11"><span class='ocrx_word' id='word_1_1' title='bbox 127 113 175 158; x_wconf 83' lang='lat'>36</span> <span class='ocrx_word' id='word_1_2' title='bbox 624 108 889 157; x_wconf 81' lang='lat' dir='ltr'>CAJETAN,</span> <span class='ocrx_word' id='word_1_3' title='bbox 926 109 1025 157; x_wconf 83' lang='lat'>1518</span> <span class='ocrx_word' id='word_1_4' title='bbox 1482 116 1524 154; x_wconf 95' lang='lat'>17</span> 
     </span>
    </p>
   </div>
   <div class='ocr_carea' id='block_1_2' title="bbox 124 211 1524 2529">
    <p class='ocr_par' dir='ltr' id='par_1_2' title="bbox 125 211 1524 739">
     <span class='ocr_line' id='line_1_2' title="bbox 125 211 1520 262; baseline -0.002 -9"><span class='ocrx_word' id='word_1_5' title='bbox 125 213 333 253; x_wconf 87' lang='lat' dir='ltr'>festissime</span> <span class='ocrx_word' id='word_1_6' title='bbox 369 212 464 250; x_wconf 83' lang='lat' dir='ltr'>mihi</span> <span class='ocrx_word' id='word_1_7' title='bbox 493 212 708 262; x_wconf 78' lang='lat' dir='ltr'>apparebat</span> <span class='ocrx_word' id='word_1_8' title='bbox 742 213 836 250; x_wconf 87' lang='lat' dir='ltr'>falsa</span> <span class='ocrx_word' id='word_1_9' title='bbox 871 212 1067 261; x_wconf 80' lang='lat' dir='ltr'>quaedam</span> <span class='ocrx_word' id='word_1_10' title='bbox 1104 211 1317 250; x_wconf 90' lang='lat' dir='ltr'>continere.</span> <span class='ocrx_word' id='word_1_11' title='bbox 1378 211 1520 260; x_wconf 88' lang='lat' dir='ltr'>Primo,</span> 
     </span>
     <span class='ocr_line' id='line_1_3' title="bbox 125 264 1524 319; baseline -0.002 -13"><span class='ocrx_word' id='word_1_12' title='bbox 125 268 235 319; x_wconf 91' lang='lat' dir='ltr'>quod</span> <span class='ocrx_word' id='word_1_13' title='bbox 250 267 346 307; x_wconf 87' lang='lat' dir='ltr'>dicit</span> <span class='ocrx_word' id='word_1_14' title='bbox 362 266 499 306; x_wconf 92' lang='lat' dir='ltr'>merita</span> <span class='ocrx_word' id='word_1_15' title='bbox 515 273 739 305; x_wconf 89' lang='lat' dir='ltr'>sanctorum</span> <span class='ocrx_word' id='word_1_16' title='bbox 761 279 848 305; x_wconf 87' lang='lat' dir='ltr'>esse</span> <span class='ocrx_word' id='word_1_17' title='bbox 868 267 1106 313; x_wconf 89' lang='lat' dir='ltr'>thesaurum,</span> <span class='ocrx_word' id='word_1_18' title='bbox 1123 278 1214 304; x_wconf 87' lang='lat' dir='ltr'>cum</span> <span class='ocrx_word' id='word_1_19' title='bbox 1231 272 1313 304; x_wconf 88' lang='lat' dir='ltr'>tota</span> <span class='ocrx_word' id='word_1_20' title='bbox 1334 264 1524 316; x_wconf 89' lang='lat' dir='ltr'>scriptura</span> 
     </span>
     <span class='ocr_line' id='line_1_4' title="bbox 126 319 1523 371; baseline -0.002 -10"><span class='ocrx_word' id='word_1_21' title='bbox 126 322 244 369; x_wconf 89' lang='lat' dir='ltr'>dicat,</span> <span class='ocrx_word' id='word_1_22' title='bbox 276 323 407 360; x_wconf 91' lang='lat' dir='ltr'>Deum</span> <span class='ocrx_word' id='word_1_23' title='bbox 438 322 538 359; x_wconf 89' lang='lat' dir='ltr'>ultra</span> <span class='ocrx_word' id='word_1_24' title='bbox 565 321 809 371; x_wconf 89' lang='lat' dir='ltr'>condignum</span> <span class='ocrx_word' id='word_1_25' title='bbox 839 319 1065 370; x_wconf 82' lang='lat' dir='ltr'>praemiare,</span> <span class='ocrx_word' id='word_1_26' title='bbox 1089 326 1131 358; x_wconf 91' lang='lat' dir='ltr'>ut</span> <span class='ocrx_word' id='word_1_27' title='bbox 1160 321 1277 359; x_wconf 89' lang='lat' dir='ltr'>Rom.</span> <span class='ocrx_word' id='word_1_28' title='bbox 1306 319 1394 358; x_wconf 91' lang='lat' dir='ltr'>viii:</span> <span class='ocrx_word' id='word_1_29' title='bbox 1429 321 1523 358; x_wconf 90' lang='lat' dir='ltr'>Non</span> 
     </span>
     <span class='ocr_line' id='line_1_5' title="bbox 126 373 1523 426; baseline -0.003 -11"><span class='ocrx_word' id='word_1_30' title='bbox 126 383 217 415; x_wconf 86' lang='lat' dir='ltr'>sunt</span> <span class='ocrx_word' id='word_1_31' title='bbox 243 377 464 426; x_wconf 83' lang='lat' dir='ltr'>condignae</span> <span class='ocrx_word' id='word_1_32' title='bbox 494 374 696 425; x_wconf 77' lang='lat' dir='ltr'>passiones</span> <span class='ocrx_word' id='word_1_33' title='bbox 721 375 838 412; x_wconf 89' lang='lat' dir='ltr'>huius</span> <span class='ocrx_word' id='word_1_34' title='bbox 865 373 1063 424; x_wconf 88' lang='lat' dir='ltr'>temporis.</span> <span class='ocrx_word' id='word_1_35' title='bbox 1125 374 1176 411; x_wconf 91' lang='lat' dir='ltr'>Et</span> <span class='ocrx_word' id='word_1_36' title='bbox 1204 375 1248 411; x_wconf 91' lang='lat' dir='ltr'>B.</span> <span class='ocrx_word' id='word_1_37' title='bbox 1277 373 1523 424; x_wconf 82' lang='lat' dir='ltr'>Augustinus</span> 
     </span>
     <span class='ocr_line' id='line_1_6' title="bbox 125 427 1523 479; baseline -0.003 -10"><span class='ocrx_word' id='word_1_38' title='bbox 125 431 192 470; x_wconf 91' lang='lat' dir='ltr'>lib.</span> <span class='ocrx_word' id='word_1_39' title='bbox 227 445 256 477; x_wconf 90' lang='lat'>1,</span> <span class='ocrx_word' id='word_1_40' title='bbox 284 437 435 469; x_wconf 87' lang='lat' dir='ltr'>retract.</span> <span class='ocrx_word' id='word_1_41' title='bbox 467 443 536 479; x_wconf 87' lang='lat'>19:</span> <span class='ocrx_word' id='word_1_42' title='bbox 567 431 670 468; x_wconf 90' lang='lat' dir='ltr'>Tota</span> <span class='ocrx_word' id='word_1_43' title='bbox 694 428 859 467; x_wconf 88' lang='lat' dir='ltr'>ecclesia</span> <span class='ocrx_word' id='word_1_44' title='bbox 886 441 1011 478; x_wconf 89' lang='lat' dir='ltr'>usque</span> <span class='ocrx_word' id='word_1_45' title='bbox 1038 427 1078 466; x_wconf 90' lang='lat' dir='ltr'>in</span> <span class='ocrx_word' id='word_1_46' title='bbox 1103 428 1223 466; x_wconf 90' lang='lat' dir='ltr'>finem</span> <span class='ocrx_word' id='word_1_47' title='bbox 1250 428 1389 466; x_wconf 92' lang='lat' dir='ltr'>mundi</span> <span class='ocrx_word' id='word_1_48' title='bbox 1416 435 1523 466; x_wconf 90' lang='lat' dir='ltr'>orat:</span> 
     </span>
     <span class='ocr_line' id='line_1_7' title="bbox 126 481 1520 533; baseline -0.001 -10"><span class='ocrx_word' id='word_1_49' title='bbox 126 484 294 523; x_wconf 83' lang='lat' dir='ltr'>Dimitte</span> <span class='ocrx_word' id='word_1_50' title='bbox 310 483 425 523; x_wconf 87' lang='lat' dir='ltr'>nobis</span> <span class='ocrx_word' id='word_1_51' title='bbox 447 483 582 522; x_wconf 84' lang='lat' dir='ltr'>debita</span> <span class='ocrx_word' id='word_1_52' title='bbox 602 490 745 521; x_wconf 88' lang='lat' dir='ltr'>nostra.</span> <span class='ocrx_word' id='word_1_53' title='bbox 807 484 910 533; x_wconf 89' lang='lat' dir='ltr'>Ergo</span> <span class='ocrx_word' id='word_1_54' title='bbox 931 495 1012 520; x_wconf 90' lang='lat' dir='ltr'>non</span> <span class='ocrx_word' id='word_1_55' title='bbox 1029 482 1268 532; x_wconf 88' lang='lat' dir='ltr'>superfluere</span> <span class='ocrx_word' id='word_1_56' title='bbox 1287 481 1371 520; x_wconf 90' lang='lat' dir='ltr'>aliis</span> <span class='ocrx_word' id='word_1_57' title='bbox 1393 495 1520 532; x_wconf 89' lang='lat' dir='ltr'>posse,</span> 
     </span>
     <span class='ocr_line' id='line_1_8' title="bbox 126 536 1524 589; baseline -0.001 -12"><span class='ocrx_word' id='word_1_58' title='bbox 126 552 227 589; x_wconf 90' lang='lat' dir='ltr'>quae</span> <span class='ocrx_word' id='word_1_59' title='bbox 257 552 330 577; x_wconf 92' lang='lat' dir='ltr'>nec</span> <span class='ocrx_word' id='word_1_60' title='bbox 360 537 434 576; x_wconf 88' lang='lat' dir='ltr'>sibi</span> <span class='ocrx_word' id='word_1_61' title='bbox 464 539 696 576; x_wconf 86' lang='lat' dir='ltr'>sufficerent.</span> <span class='ocrx_word' id='word_1_62' title='bbox 758 537 860 575; x_wconf 90' lang='lat' dir='ltr'>Inde</span> <span class='ocrx_word' id='word_1_63' title='bbox 888 536 1056 586; x_wconf 88' lang='lat' dir='ltr'>virgines</span> <span class='ocrx_word' id='word_1_64' title='bbox 1086 536 1283 585; x_wconf 85' lang='lat' dir='ltr'>sapientes</span> <span class='ocrx_word' id='word_1_65' title='bbox 1312 537 1524 575; x_wconf 87' lang='lat' dir='ltr'>noluerunt</span> 
     </span>
     <span class='ocr_line' id='line_1_9' title="bbox 126 590 1522 641; baseline -0.002 -10"><span class='ocrx_word' id='word_1_66' title='bbox 126 595 257 631; x_wconf 88' lang='lat' dir='ltr'>oleum</span> <span class='ocrx_word' id='word_1_67' title='bbox 292 591 585 631; x_wconf 86' lang='lat' dir='ltr'>communicare</span> <span class='ocrx_word' id='word_1_68' title='bbox 617 590 892 641; x_wconf 84' lang='lat' dir='ltr'>insipientibus</span> <span class='ocrx_word' id='word_1_69' title='bbox 923 620 930 628; x_wconf 92' lang='lat'><strong><em>.</em></strong></span> <span class='ocrx_word' id='word_1_70' title='bbox 962 621 969 628; x_wconf 93' lang='lat'><em>.</em></span> <span class='ocrx_word' id='word_1_71' title='bbox 1003 621 1010 628; x_wconf 93' lang='lat'><em>.</em></span> <span class='ocrx_word' id='word_1_72' title='bbox 1043 591 1143 628; x_wconf 92' lang='lat' dir='ltr'>Ideo</span> <span class='ocrx_word' id='word_1_73' title='bbox 1173 590 1297 628; x_wconf 89' lang='lat' dir='ltr'>sancti</span> <span class='ocrx_word' id='word_1_74' title='bbox 1326 603 1408 628; x_wconf 89' lang='lat' dir='ltr'>non</span> <span class='ocrx_word' id='word_1_75' title='bbox 1443 590 1522 629; x_wconf 92' lang='lat' dir='ltr'>suis</span> 
     </span>
     <span class='ocr_line' id='line_1_10' title="bbox 127 643 1522 693; baseline -0.002 -8"><span class='ocrx_word' id='word_1_76' title='bbox 127 646 284 693; x_wconf 88' lang='lat' dir='ltr'>meritis,</span> <span class='ocrx_word' id='word_1_77' title='bbox 316 648 385 685; x_wconf 90' lang='lat' dir='ltr'>sed</span> <span class='ocrx_word' id='word_1_78' title='bbox 411 647 493 684; x_wconf 90' lang='lat' dir='ltr'>sola</span> <span class='ocrx_word' id='word_1_79' title='bbox 519 645 594 684; x_wconf 91' lang='lat' dir='ltr'>Dei</span> <span class='ocrx_word' id='word_1_80' title='bbox 623 644 889 683; x_wconf 85' lang='lat' dir='ltr'>misericordia</span> <span class='ocrx_word' id='word_1_81' title='bbox 915 643 1010 682; x_wconf 90' lang='lat' dir='ltr'>salvi</span> <span class='ocrx_word' id='word_1_82' title='bbox 1032 645 1140 692; x_wconf 90' lang='lat' dir='ltr'>fiunt,</span> <span class='ocrx_word' id='word_1_83' title='bbox 1164 651 1206 682; x_wconf 90' lang='lat' dir='ltr'>ut</span> <span class='ocrx_word' id='word_1_84' title='bbox 1234 644 1348 682; x_wconf 89' lang='lat' dir='ltr'>latius</span> <span class='ocrx_word' id='word_1_85' title='bbox 1373 643 1453 683; x_wconf 86' lang='lat' dir='ltr'>dixi</span> <span class='ocrx_word' id='word_1_86' title='bbox 1482 644 1522 682; x_wconf 92' lang='lat' dir='ltr'>in</span> 
     </span>
     <span class='ocr_line' id='line_1_11' title="bbox 128 700 464 739; baseline -0.003 0"><span class='ocrx_word' id='word_1_87' title='bbox 128 700 464 739; x_wconf 85' lang='lat' dir='ltr'>Resolutionibus.</span> 
     </span>
    </p>

    <p class='ocr_par' dir='ltr' id='par_1_3' title="bbox 124 752 1524 1345">
     <span class='ocr_line' id='line_1_12' title="bbox 182 752 1522 805; baseline -0.002 -12"><span class='ocrx_word' id='word_1_88' title='bbox 182 757 267 805; x_wconf 88' lang='lat' dir='ltr'>Ego</span> <span class='ocrx_word' id='word_1_89' title='bbox 291 768 383 792; x_wconf 87' lang='lat' dir='ltr'>vero</span> <span class='ocrx_word' id='word_1_90' title='bbox 412 768 493 791; x_wconf 89' lang='lat' dir='ltr'>non</span> <span class='ocrx_word' id='word_1_91' title='bbox 521 766 624 792; x_wconf 86' lang='lat' dir='ltr'>eram</span> <span class='ocrx_word' id='word_1_92' title='bbox 647 760 726 791; x_wconf 80' lang='lat' dir='ltr'>tam</span> <span class='ocrx_word' id='word_1_93' title='bbox 748 752 889 802; x_wconf 83' lang='lat' dir='ltr'>insigni</span> <span class='ocrx_word' id='word_1_94' title='bbox 910 753 1140 800; x_wconf 81' lang='lat' dir='ltr'>temeritate,</span> <span class='ocrx_word' id='word_1_95' title='bbox 1163 759 1205 790; x_wconf 91' lang='lat' dir='ltr'>ut</span> <span class='ocrx_word' id='word_1_96' title='bbox 1225 759 1382 803; x_wconf 88' lang='lat' dir='ltr'>propter</span> <span class='ocrx_word' id='word_1_97' title='bbox 1403 765 1522 790; x_wconf 91' lang='lat' dir='ltr'>unam</span> 
     </span>
     <span class='ocr_line' id='line_1_13' title="bbox 125 806 1524 858; baseline -0.003 -10"><span class='ocrx_word' id='word_1_98' title='bbox 125 810 362 848; x_wconf 81' lang='lat' dir='ltr'>decretalem</span> <span class='ocrx_word' id='word_1_99' title='bbox 384 807 581 858; x_wconf 89' lang='lat' dir='ltr'>pontificis</span> <span class='ocrx_word' id='word_1_100' title='bbox 606 806 788 854; x_wconf 87' lang='lat' dir='ltr'>hominis,</span> <span class='ocrx_word' id='word_1_101' title='bbox 812 814 892 844; x_wconf 87' lang='lat' dir='ltr'>tam</span> <span class='ocrx_word' id='word_1_102' title='bbox 919 806 1145 856; x_wconf 86' lang='lat' dir='ltr'>ambiguam</span> <span class='ocrx_word' id='word_1_103' title='bbox 1168 814 1206 844; x_wconf 87' lang='lat' dir='ltr'>et</span> <span class='ocrx_word' id='word_1_104' title='bbox 1226 807 1447 853; x_wconf 87' lang='lat' dir='ltr'>obscuram,</span> <span class='ocrx_word' id='word_1_105' title='bbox 1469 820 1524 845; x_wconf 90' lang='lat' dir='ltr'>re-</span> 
     </span>
     <span class='ocr_line' id='line_1_14' title="bbox 126 860 1524 911; baseline -0.003 -9"><span class='ocrx_word' id='word_1_106' title='bbox 126 865 307 903; x_wconf 87' lang='lat' dir='ltr'>cederem</span> <span class='ocrx_word' id='word_1_107' title='bbox 335 876 358 900; x_wconf 91' lang='lat' dir='ltr'>a</span> <span class='ocrx_word' id='word_1_108' title='bbox 387 870 445 900; x_wconf 91' lang='lat' dir='ltr'>tot</span> <span class='ocrx_word' id='word_1_109' title='bbox 474 869 512 900; x_wconf 91' lang='lat' dir='ltr'>et</span> <span class='ocrx_word' id='word_1_110' title='bbox 543 861 660 899; x_wconf 86' lang='lat' dir='ltr'>tantis</span> <span class='ocrx_word' id='word_1_111' title='bbox 690 860 832 899; x_wconf 86' lang='lat' dir='ltr'>divinis</span> <span class='ocrx_word' id='word_1_112' title='bbox 859 860 1072 911; x_wconf 84' lang='lat' dir='ltr'>scripturae</span> <span class='ocrx_word' id='word_1_113' title='bbox 1102 860 1337 899; x_wconf 87' lang='lat' dir='ltr'>testimoniis</span> <span class='ocrx_word' id='word_1_114' title='bbox 1366 860 1524 910; x_wconf 89' lang='lat' dir='ltr'>apertis-</span> 
     </span>
     <span class='ocr_line' id='line_1_15' title="bbox 127 914 1519 967; baseline -0.002 -12"><span class='ocrx_word' id='word_1_115' title='bbox 127 917 245 964; x_wconf 90' lang='lat' dir='ltr'>simis,</span> <span class='ocrx_word' id='word_1_116' title='bbox 268 916 363 967; x_wconf 90' lang='lat' dir='ltr'>quin</span> <span class='ocrx_word' id='word_1_117' title='bbox 389 916 518 966; x_wconf 86' lang='lat' dir='ltr'>potius</span> <span class='ocrx_word' id='word_1_118' title='bbox 545 915 759 954; x_wconf 84' lang='lat' dir='ltr'>arbitrabar</span> <span class='ocrx_word' id='word_1_119' title='bbox 780 928 898 964; x_wconf 89' lang='lat' dir='ltr'>quam</span> <span class='ocrx_word' id='word_1_120' title='bbox 920 914 1135 954; x_wconf 88' lang='lat' dir='ltr'>rectissime</span> <span class='ocrx_word' id='word_1_121' title='bbox 1156 915 1275 954; x_wconf 88' lang='lat' dir='ltr'>verba</span> <span class='ocrx_word' id='word_1_122' title='bbox 1295 914 1519 964; x_wconf 86' lang='lat' dir='ltr'>scripturae,</span> 
     </span>
     <span class='ocr_line' id='line_1_16' title="bbox 126 968 1523 1021; baseline -0.003 -11"><span class='ocrx_word' id='word_1_123' title='bbox 126 972 269 1021; x_wconf 91' lang='lat' dir='ltr'>quibus</span> <span class='ocrx_word' id='word_1_124' title='bbox 291 970 415 1009; x_wconf 89' lang='lat' dir='ltr'>sancti</span> <span class='ocrx_word' id='word_1_125' title='bbox 435 970 710 1009; x_wconf 87' lang='lat' dir='ltr'>describuntur</span> <span class='ocrx_word' id='word_1_126' title='bbox 731 971 899 1008; x_wconf 87' lang='lat' dir='ltr'>deficere</span> <span class='ocrx_word' id='word_1_127' title='bbox 920 969 960 1007; x_wconf 91' lang='lat' dir='ltr'>in</span> <span class='ocrx_word' id='word_1_128' title='bbox 987 968 1142 1016; x_wconf 88' lang='lat' dir='ltr'>meritis,</span> <span class='ocrx_word' id='word_1_129' title='bbox 1165 968 1523 1019; x_wconf 88' lang='lat' dir='ltr'>incomparabiliter</span> 
     </span>
     <span class='ocr_line' id='line_1_17' title="bbox 125 1022 1521 1076; baseline -0.002 -12"><span class='ocrx_word' id='word_1_130' title='bbox 125 1026 381 1076; x_wconf 87' lang='lat' dir='ltr'>praeferenda</span> <span class='ocrx_word' id='word_1_131' title='bbox 405 1024 532 1063; x_wconf 89' lang='lat' dir='ltr'>verbis</span> <span class='ocrx_word' id='word_1_132' title='bbox 557 1023 750 1070; x_wconf 83' lang='lat' dir='ltr'>humanis,</span> <span class='ocrx_word' id='word_1_133' title='bbox 774 1023 917 1073; x_wconf 89' lang='lat' dir='ltr'>quibus</span> <span class='ocrx_word' id='word_1_134' title='bbox 945 1022 1168 1062; x_wconf 88' lang='lat' dir='ltr'>scribuntur</span> <span class='ocrx_word' id='word_1_135' title='bbox 1193 1023 1407 1070; x_wconf 87' lang='lat' dir='ltr'>abundare,</span> <span class='ocrx_word' id='word_1_136' title='bbox 1430 1036 1521 1061; x_wconf 91' lang='lat' dir='ltr'>cum</span> 
     </span>
     <span class='ocr_line' id='line_1_18' title="bbox 125 1076 1523 1129; baseline -0.002 -11"><span class='ocrx_word' id='word_1_137' title='bbox 125 1093 227 1129; x_wconf 87' lang='lat' dir='ltr'>papa</span> <span class='ocrx_word' id='word_1_138' title='bbox 256 1092 335 1117; x_wconf 90' lang='lat' dir='ltr'>non</span> <span class='ocrx_word' id='word_1_139' title='bbox 367 1092 481 1129; x_wconf 90' lang='lat' dir='ltr'>super</span> <span class='ocrx_word' id='word_1_140' title='bbox 511 1079 580 1117; x_wconf 92' lang='lat' dir='ltr'>sed</span> <span class='ocrx_word' id='word_1_141' title='bbox 610 1078 682 1116; x_wconf 91' lang='lat' dir='ltr'>sub</span> <span class='ocrx_word' id='word_1_142' title='bbox 713 1078 833 1117; x_wconf 90' lang='lat' dir='ltr'>verbo</span> <span class='ocrx_word' id='word_1_143' title='bbox 864 1076 940 1116; x_wconf 87' lang='lat' dir='ltr'>Dei</span> <span class='ocrx_word' id='word_1_144' title='bbox 965 1076 1024 1124; x_wconf 89' lang='lat' dir='ltr'>sit,</span> <span class='ocrx_word' id='word_1_145' title='bbox 1050 1076 1156 1115; x_wconf 85' lang='lat' dir='ltr'>iuxta</span> <span class='ocrx_word' id='word_1_146' title='bbox 1181 1076 1279 1116; x_wconf 89' lang='lat' dir='ltr'>illud</span> <span class='ocrx_word' id='word_1_147' title='bbox 1304 1078 1390 1115; x_wconf 90' lang='lat' dir='ltr'>Gal.</span> <span class='ocrx_word' id='word_1_148' title='bbox 1417 1076 1451 1116; x_wconf 88' lang='lat' dir='ltr'>i:</span> <span class='ocrx_word' id='word_1_149' title='bbox 1483 1076 1523 1115; x_wconf 91' lang='lat' dir='ltr'>Si</span> 
     </span>
     <span class='ocr_line' id='line_1_19' title="bbox 125 1130 1520 1183; baseline -0.001 -12"><span class='ocrx_word' id='word_1_150' title='bbox 125 1135 286 1183; x_wconf 81' lang='lat' dir='ltr'>angelus</span> <span class='ocrx_word' id='word_1_151' title='bbox 314 1134 364 1171; x_wconf 89' lang='lat' dir='ltr'>de</span> <span class='ocrx_word' id='word_1_152' title='bbox 390 1134 500 1171; x_wconf 88' lang='lat' dir='ltr'>caelo</span> <span class='ocrx_word' id='word_1_153' title='bbox 526 1132 633 1170; x_wconf 88' lang='lat' dir='ltr'>aliud</span> <span class='ocrx_word' id='word_1_154' title='bbox 662 1131 774 1170; x_wconf 90' lang='lat' dir='ltr'>vobis</span> <span class='ocrx_word' id='word_1_155' title='bbox 805 1130 1125 1182; x_wconf 87' lang='lat' dir='ltr'>evangelizaverit</span> <span class='ocrx_word' id='word_1_156' title='bbox 1154 1144 1273 1181; x_wconf 90' lang='lat' dir='ltr'>quam</span> <span class='ocrx_word' id='word_1_157' title='bbox 1303 1130 1520 1181; x_wconf 91' lang='lat' dir='ltr'>accepistis,</span> 
     </span>
     <span class='ocr_line' id='line_1_20' title="bbox 124 1185 1523 1235; baseline -0.001 -10"><span class='ocrx_word' id='word_1_158' title='bbox 124 1188 333 1225; x_wconf 81' lang='lat' dir='ltr'>anathema</span> <span class='ocrx_word' id='word_1_159' title='bbox 360 1187 418 1225; x_wconf 91' lang='lat' dir='ltr'>sit.</span> <span class='ocrx_word' id='word_1_160' title='bbox 481 1188 565 1224; x_wconf 91' lang='lat' dir='ltr'>Iam</span> <span class='ocrx_word' id='word_1_161' title='bbox 605 1185 701 1224; x_wconf 91' lang='lat' dir='ltr'>illud</span> <span class='ocrx_word' id='word_1_162' title='bbox 733 1198 893 1235; x_wconf 91' lang='lat' dir='ltr'>quoque</span> <span class='ocrx_word' id='word_1_163' title='bbox 927 1185 1107 1224; x_wconf 89' lang='lat' dir='ltr'>nonnihil</span> <span class='ocrx_word' id='word_1_164' title='bbox 1145 1192 1236 1232; x_wconf 91' lang='lat' dir='ltr'>erat,</span> <span class='ocrx_word' id='word_1_165' title='bbox 1265 1186 1375 1235; x_wconf 94' lang='lat' dir='ltr'>quod</span> <span class='ocrx_word' id='word_1_166' title='bbox 1407 1187 1523 1224; x_wconf 88' lang='lat' dir='ltr'>Petro</span> 
     </span>
     <span class='ocr_line' id='line_1_21' title="bbox 125 1238 1522 1289; baseline -0.001 -10"><span class='ocrx_word' id='word_1_167' title='bbox 125 1243 230 1279; x_wconf 89' lang='lat' dir='ltr'>hunc</span> <span class='ocrx_word' id='word_1_168' title='bbox 261 1240 515 1279; x_wconf 89' lang='lat' dir='ltr'>commissum</span> <span class='ocrx_word' id='word_1_169' title='bbox 551 1241 778 1278; x_wconf 88' lang='lat' dir='ltr'>thesaurum</span> <span class='ocrx_word' id='word_1_170' title='bbox 808 1239 915 1287; x_wconf 87' lang='lat' dir='ltr'>dicit,</span> <span class='ocrx_word' id='word_1_171' title='bbox 946 1240 996 1278; x_wconf 94' lang='lat' dir='ltr'>de</span> <span class='ocrx_word' id='word_1_172' title='bbox 1026 1252 1105 1289; x_wconf 90' lang='lat' dir='ltr'>quo</span> <span class='ocrx_word' id='word_1_173' title='bbox 1136 1238 1231 1277; x_wconf 88' lang='lat' dir='ltr'>nihil</span> <span class='ocrx_word' id='word_1_174' title='bbox 1265 1245 1420 1278; x_wconf 84' lang='lat' dir='ltr'>constat</span> <span class='ocrx_word' id='word_1_175' title='bbox 1449 1252 1522 1278; x_wconf 91' lang='lat' dir='ltr'>nec</span> 
     </span>
     <span class='ocr_line' id='line_1_22' title="bbox 126 1293 917 1345; baseline -0.001 -13"><span class='ocrx_word' id='word_1_176' title='bbox 126 1295 164 1333; x_wconf 90' lang='lat' dir='ltr'>in</span> <span class='ocrx_word' id='word_1_177' title='bbox 196 1294 397 1345; x_wconf 84' lang='lat' dir='ltr'>evangelio</span> <span class='ocrx_word' id='word_1_178' title='bbox 428 1308 501 1333; x_wconf 87' lang='lat' dir='ltr'>nec</span> <span class='ocrx_word' id='word_1_179' title='bbox 531 1296 609 1332; x_wconf 89' lang='lat' dir='ltr'>ulla</span> <span class='ocrx_word' id='word_1_180' title='bbox 639 1293 855 1344; x_wconf 82' lang='lat' dir='ltr'>scriptura.</span> <span class='ocrx_word' id='word_1_181' title='bbox 879 1324 886 1331; x_wconf 92' lang='lat'><strong><em>.</em></strong></span> <span class='ocrx_word' id='word_1_182' title='bbox 911 1324 917 1331; x_wconf 90' lang='lat'><strong>.</strong></span> 
     </span>
    </p>

    <p class='ocr_par' dir='ltr' id='par_1_4' title="bbox 125 1346 1523 1668">
     <span class='ocr_line' id='line_1_23' title="bbox 180 1346 1523 1398; baseline -0.001 -11"><span class='ocrx_word' id='word_1_183' title='bbox 180 1349 364 1387; x_wconf 91' lang='lat' dir='ltr'>Obiectio</span> <span class='ocrx_word' id='word_1_184' title='bbox 395 1350 515 1386; x_wconf 82' lang='lat' dir='ltr'>altera</span> <span class='ocrx_word' id='word_1_185' title='bbox 546 1356 614 1395; x_wconf 86' lang='lat' dir='ltr'>est,</span> <span class='ocrx_word' id='word_1_186' title='bbox 646 1349 755 1398; x_wconf 89' lang='lat' dir='ltr'>quod</span> <span class='ocrx_word' id='word_1_187' title='bbox 785 1347 825 1385; x_wconf 91' lang='lat' dir='ltr'>in</span> <span class='ocrx_word' id='word_1_188' title='bbox 855 1348 1111 1386; x_wconf 88' lang='lat' dir='ltr'>conclusione</span> <span class='ocrx_word' id='word_1_189' title='bbox 1142 1359 1230 1386; x_wconf 91' lang='lat' dir='ltr'>mea</span> <span class='ocrx_word' id='word_1_190' title='bbox 1263 1346 1429 1397; x_wconf 86' lang='lat' dir='ltr'>septima</span> <span class='ocrx_word' id='word_1_191' title='bbox 1458 1348 1523 1386; x_wconf 91' lang='lat' dir='ltr'>de—</span> 
     </span>
     <span class='ocr_line' id='line_1_24' title="bbox 125 1400 1522 1452; baseline -0.001 -11"><span class='ocrx_word' id='word_1_192' title='bbox 125 1404 308 1441; x_wconf 89' lang='lat' dir='ltr'>claranda</span> <span class='ocrx_word' id='word_1_193' title='bbox 338 1402 439 1441; x_wconf 74' lang='lat' dir='ltr'>dixi:</span> <span class='ocrx_word' id='word_1_194' title='bbox 482 1402 693 1441; x_wconf 89' lang='lat' dir='ltr'>Neminem</span> <span class='ocrx_word' id='word_1_195' title='bbox 724 1401 923 1440; x_wconf 86' lang='lat' dir='ltr'>iustificari</span> <span class='ocrx_word' id='word_1_196' title='bbox 957 1414 1074 1452; x_wconf 90' lang='lat' dir='ltr'>posse</span> <span class='ocrx_word' id='word_1_197' title='bbox 1103 1400 1176 1439; x_wconf 88' lang='lat' dir='ltr'>nisi</span> <span class='ocrx_word' id='word_1_198' title='bbox 1206 1413 1275 1450; x_wconf 90' lang='lat' dir='ltr'>per</span> <span class='ocrx_word' id='word_1_199' title='bbox 1303 1401 1436 1448; x_wconf 89' lang='lat' dir='ltr'>fidem,</span> <span class='ocrx_word' id='word_1_200' title='bbox 1467 1401 1522 1439; x_wconf 90' lang='lat' dir='ltr'>sic</span> 
     </span>
     <span class='ocr_line' id='line_1_25' title="bbox 126 1454 1519 1502; baseline -0.002 -7"><span class='ocrx_word' id='word_1_201' title='bbox 126 1457 287 1499; x_wconf 77' lang='lat' dir='ltr'>scilicet,</span> <span class='ocrx_word' id='word_1_202' title='bbox 317 1464 357 1494; x_wconf 86' lang='lat' dir='ltr'>ut</span> <span class='ocrx_word' id='word_1_203' title='bbox 387 1469 547 1495; x_wconf 90' lang='lat' dir='ltr'>necesse</span> <span class='ocrx_word' id='word_1_204' title='bbox 577 1456 624 1494; x_wconf 88' lang='lat' dir='ltr'>sit</span> <span class='ocrx_word' id='word_1_205' title='bbox 655 1470 744 1495; x_wconf 91' lang='lat' dir='ltr'>eum</span> <span class='ocrx_word' id='word_1_206' title='bbox 773 1464 878 1495; x_wconf 87' lang='lat' dir='ltr'>certa</span> <span class='ocrx_word' id='word_1_207' title='bbox 908 1457 985 1494; x_wconf 93' lang='lat' dir='ltr'>fide</span> <span class='ocrx_word' id='word_1_208' title='bbox 1012 1456 1170 1494; x_wconf 91' lang='lat' dir='ltr'>credere</span> <span class='ocrx_word' id='word_1_209' title='bbox 1201 1468 1285 1493; x_wconf 89' lang='lat' dir='ltr'>sese</span> <span class='ocrx_word' id='word_1_210' title='bbox 1309 1454 1519 1502; x_wconf 89' lang='lat' dir='ltr'>iustificari,</span> 
     </span>
     <span class='ocr_line' id='line_1_26' title="bbox 126 1508 1519 1560; baseline -0.001 -12"><span class='ocrx_word' id='word_1_211' title='bbox 126 1518 163 1549; x_wconf 92' lang='lat' dir='ltr'>et</span> <span class='ocrx_word' id='word_1_212' title='bbox 190 1512 298 1548; x_wconf 89' lang='lat' dir='ltr'>nullo</span> <span class='ocrx_word' id='word_1_213' title='bbox 326 1511 446 1549; x_wconf 89' lang='lat' dir='ltr'>modo</span> <span class='ocrx_word' id='word_1_214' title='bbox 476 1510 655 1549; x_wconf 89' lang='lat' dir='ltr'>dubitare</span> <span class='ocrx_word' id='word_1_215' title='bbox 683 1511 791 1560; x_wconf 92' lang='lat' dir='ltr'>quod</span> <span class='ocrx_word' id='word_1_216' title='bbox 820 1510 982 1560; x_wconf 86' lang='lat' dir='ltr'>gratiam</span> <span class='ocrx_word' id='word_1_217' title='bbox 1010 1516 1284 1559; x_wconf 86' lang='lat' dir='ltr'>consequatur.</span> <span class='ocrx_word' id='word_1_218' title='bbox 1344 1508 1384 1547; x_wconf 87' lang='lat' dir='ltr'>Si</span> <span class='ocrx_word' id='word_1_219' title='bbox 1414 1508 1519 1547; x_wconf 86' lang='lat' dir='ltr'>enim</span> 
     </span>
     <span class='ocr_line' id='line_1_27' title="bbox 125 1562 1518 1612; baseline -0.001 -10"><span class='ocrx_word' id='word_1_220' title='bbox 125 1565 279 1603; x_wconf 82' lang='lat' dir='ltr'>dubitat</span> <span class='ocrx_word' id='word_1_221' title='bbox 301 1572 338 1602; x_wconf 92' lang='lat' dir='ltr'>et</span> <span class='ocrx_word' id='word_1_222' title='bbox 359 1564 528 1603; x_wconf 88' lang='lat' dir='ltr'>incertus</span> <span class='ocrx_word' id='word_1_223' title='bbox 550 1572 617 1612; x_wconf 89' lang='lat' dir='ltr'>est,</span> <span class='ocrx_word' id='word_1_224' title='bbox 641 1565 718 1602; x_wconf 86' lang='lat' dir='ltr'>iam</span> <span class='ocrx_word' id='word_1_225' title='bbox 739 1578 820 1603; x_wconf 90' lang='lat' dir='ltr'>non</span> <span class='ocrx_word' id='word_1_226' title='bbox 837 1564 1069 1603; x_wconf 88' lang='lat' dir='ltr'>iustificatur</span> <span class='ocrx_word' id='word_1_227' title='bbox 1089 1565 1159 1602; x_wconf 88' lang='lat' dir='ltr'>sed</span> <span class='ocrx_word' id='word_1_228' title='bbox 1179 1562 1326 1602; x_wconf 88' lang='lat' dir='ltr'>evomit</span> <span class='ocrx_word' id='word_1_229' title='bbox 1345 1562 1518 1612; x_wconf 86' lang='lat' dir='ltr'>gratiam.</span> 
     </span>
     <span class='ocr_line' id='line_1_28' title="bbox 128 1618 1267 1668; baseline -0.002 -12"><span class='ocrx_word' id='word_1_230' title='bbox 128 1620 246 1656; x_wconf 91' lang='lat' dir='ltr'>Hanc</span> <span class='ocrx_word' id='word_1_231' title='bbox 267 1618 505 1668; x_wconf 86' lang='lat' dir='ltr'>theologiam</span> <span class='ocrx_word' id='word_1_232' title='bbox 527 1632 670 1656; x_wconf 91' lang='lat' dir='ltr'>novam</span> <span class='ocrx_word' id='word_1_233' title='bbox 691 1618 813 1657; x_wconf 91' lang='lat' dir='ltr'>videri</span> <span class='ocrx_word' id='word_1_234' title='bbox 833 1625 973 1668; x_wconf 87' lang='lat' dir='ltr'>putant</span> <span class='ocrx_word' id='word_1_235' title='bbox 993 1625 1031 1657; x_wconf 90' lang='lat' dir='ltr'>et</span> <span class='ocrx_word' id='word_1_236' title='bbox 1052 1630 1267 1656; x_wconf 88' lang='lat' dir='ltr'>erroneam.</span> 
     </span>
    </p>

    <p class='ocr_par' dir='ltr' id='par_1_5' title="bbox 126 1670 1521 2195">
     <span class='ocr_line' id='line_1_29' title="bbox 180 1670 1521 1722; baseline -0.002 -11"><span class='ocrx_word' id='word_1_237' title='bbox 180 1674 243 1711; x_wconf 81' lang='lat' dir='ltr'>Ad</span> <span class='ocrx_word' id='word_1_238' title='bbox 273 1673 382 1722; x_wconf 90' lang='lat' dir='ltr'>quod</span> <span class='ocrx_word' id='word_1_239' title='bbox 412 1674 656 1722; x_wconf 88' lang='lat' dir='ltr'>respondeo:</span> <span class='ocrx_word' id='word_1_240' title='bbox 689 1671 875 1719; x_wconf 89' lang='lat' dir='ltr'>Primum,</span> <span class='ocrx_word' id='word_1_241' title='bbox 907 1671 1120 1710; x_wconf 85' lang='lat' dir='ltr'>infallibilis</span> <span class='ocrx_word' id='word_1_242' title='bbox 1147 1678 1206 1710; x_wconf 90' lang='lat' dir='ltr'>est</span> <span class='ocrx_word' id='word_1_243' title='bbox 1231 1670 1382 1717; x_wconf 89' lang='lat' dir='ltr'>veritas,</span> <span class='ocrx_word' id='word_1_244' title='bbox 1412 1671 1521 1720; x_wconf 91' lang='lat' dir='ltr'>quod</span> 
     </span>
     <span class='ocr_line' id='line_1_30' title="bbox 126 1723 1521 1776; baseline -0.001 -13"><span class='ocrx_word' id='word_1_245' title='bbox 126 1727 254 1764; x_wconf 91' lang='lat' dir='ltr'>nullus</span> <span class='ocrx_word' id='word_1_246' title='bbox 280 1733 338 1765; x_wconf 88' lang='lat' dir='ltr'>est</span> <span class='ocrx_word' id='word_1_247' title='bbox 365 1727 501 1773; x_wconf 79' lang='lat' dir='ltr'>iustus,</span> <span class='ocrx_word' id='word_1_248' title='bbox 524 1726 596 1764; x_wconf 90' lang='lat' dir='ltr'>nisi</span> <span class='ocrx_word' id='word_1_249' title='bbox 622 1727 687 1776; x_wconf 91' lang='lat' dir='ltr'>qui</span> <span class='ocrx_word' id='word_1_250' title='bbox 716 1726 839 1765; x_wconf 91' lang='lat' dir='ltr'>credit</span> <span class='ocrx_word' id='word_1_251' title='bbox 869 1726 909 1764; x_wconf 90' lang='lat' dir='ltr'>in</span> <span class='ocrx_word' id='word_1_252' title='bbox 941 1728 1084 1772; x_wconf 90' lang='lat' dir='ltr'>Deum,</span> <span class='ocrx_word' id='word_1_253' title='bbox 1121 1733 1162 1763; x_wconf 91' lang='lat' dir='ltr'>ut</span> <span class='ocrx_word' id='word_1_254' title='bbox 1195 1726 1311 1763; x_wconf 91' lang='lat' dir='ltr'>Rom.</span> <span class='ocrx_word' id='word_1_255' title='bbox 1334 1723 1358 1772; x_wconf 91' lang='lat' dir='ltr'>i,</span> <span class='ocrx_word' id='word_1_256' title='bbox 1388 1726 1521 1763; x_wconf 86' lang='lat' dir='ltr'>Iustus</span> 
     </span>
     <span class='ocr_line' id='line_1_31' title="bbox 126 1778 1521 1830; baseline -0.001 -13"><span class='ocrx_word' id='word_1_257' title='bbox 126 1793 172 1818; x_wconf 75' lang='lat' dir='ltr'>ex</span> <span class='ocrx_word' id='word_1_258' title='bbox 194 1781 271 1818; x_wconf 86' lang='lat' dir='ltr'>fide</span> <span class='ocrx_word' id='word_1_259' title='bbox 292 1779 394 1818; x_wconf 73' lang='lat' dir='ltr'>vivit.</span> <span class='ocrx_word' id='word_1_260' title='bbox 456 1781 555 1818; x_wconf 92' lang='lat' dir='ltr'>Ideo</span> <span class='ocrx_word' id='word_1_261' title='bbox 576 1780 802 1830; x_wconf 84' lang='lat' dir='ltr'>quicunque</span> <span class='ocrx_word' id='word_1_262' title='bbox 823 1793 904 1818; x_wconf 90' lang='lat' dir='ltr'>non</span> <span class='ocrx_word' id='word_1_263' title='bbox 925 1779 1145 1827; x_wconf 88' lang='lat' dir='ltr'>crediderit,</span> <span class='ocrx_word' id='word_1_264' title='bbox 1168 1778 1246 1817; x_wconf 92' lang='lat' dir='ltr'>iam</span> <span class='ocrx_word' id='word_1_265' title='bbox 1267 1778 1462 1817; x_wconf 91' lang='lat' dir='ltr'>iudicatus</span> <span class='ocrx_word' id='word_1_266' title='bbox 1483 1785 1521 1816; x_wconf 93' lang='lat' dir='ltr'>et</span> 
     </span>
     <span class='ocr_line' id='line_1_32' title="bbox 127 1831 1519 1883; baseline -0.001 -12"><span class='ocrx_word' id='word_1_267' title='bbox 127 1841 304 1871; x_wconf 88' lang='lat' dir='ltr'>mortuus</span> <span class='ocrx_word' id='word_1_268' title='bbox 325 1841 405 1871; x_wconf 87' lang='lat' dir='ltr'>est:</span> <span class='ocrx_word' id='word_1_269' title='bbox 437 1833 550 1883; x_wconf 89' lang='lat' dir='ltr'>igitur</span> <span class='ocrx_word' id='word_1_270' title='bbox 571 1833 717 1872; x_wconf 91' lang='lat' dir='ltr'>iustitia</span> <span class='ocrx_word' id='word_1_271' title='bbox 743 1834 845 1881; x_wconf 88' lang='lat' dir='ltr'>iusti,</span> <span class='ocrx_word' id='word_1_272' title='bbox 868 1842 906 1872; x_wconf 90' lang='lat' dir='ltr'>et</span> <span class='ocrx_word' id='word_1_273' title='bbox 927 1834 1005 1872; x_wconf 90' lang='lat' dir='ltr'>vita</span> <span class='ocrx_word' id='word_1_274' title='bbox 1026 1833 1119 1880; x_wconf 87' lang='lat' dir='ltr'>eius,</span> <span class='ocrx_word' id='word_1_275' title='bbox 1145 1840 1204 1871; x_wconf 90' lang='lat' dir='ltr'>est</span> <span class='ocrx_word' id='word_1_276' title='bbox 1224 1833 1322 1871; x_wconf 88' lang='lat' dir='ltr'>fides</span> <span class='ocrx_word' id='word_1_277' title='bbox 1343 1831 1427 1871; x_wconf 89' lang='lat' dir='ltr'>eius</span> <span class='ocrx_word' id='word_1_278' title='bbox 1448 1862 1455 1870; x_wconf 94' lang='lat'><strong>.</strong></span> <span class='ocrx_word' id='word_1_279' title='bbox 1481 1862 1488 1870; x_wconf 90' lang='lat'>.</span> <span class='ocrx_word' id='word_1_280' title='bbox 1513 1862 1519 1870; x_wconf 91' lang='lat'>.</span> 
     </span>
     <span class='ocr_line' id='line_1_33' title="bbox 126 1887 1520 1937; baseline 0 -13"><span class='ocrx_word' id='word_1_281' title='bbox 126 1888 322 1933; x_wconf 86' lang='lat' dir='ltr'>Secundo,</span> <span class='ocrx_word' id='word_1_282' title='bbox 355 1888 452 1925; x_wconf 89' lang='lat' dir='ltr'>fides</span> <span class='ocrx_word' id='word_1_283' title='bbox 479 1895 610 1925; x_wconf 84' lang='lat' dir='ltr'>autem</span> <span class='ocrx_word' id='word_1_284' title='bbox 639 1895 696 1925; x_wconf 90' lang='lat' dir='ltr'>est</span> <span class='ocrx_word' id='word_1_285' title='bbox 723 1887 820 1925; x_wconf 87' lang='lat' dir='ltr'>nihil</span> <span class='ocrx_word' id='word_1_286' title='bbox 846 1887 953 1926; x_wconf 89' lang='lat' dir='ltr'>aliud</span> <span class='ocrx_word' id='word_1_287' title='bbox 984 1900 1103 1937; x_wconf 89' lang='lat' dir='ltr'>quam</span> <span class='ocrx_word' id='word_1_288' title='bbox 1133 1887 1241 1933; x_wconf 92' lang='lat' dir='ltr'>illud,</span> <span class='ocrx_word' id='word_1_289' title='bbox 1273 1887 1382 1936; x_wconf 91' lang='lat' dir='ltr'>quod</span> <span class='ocrx_word' id='word_1_290' title='bbox 1410 1888 1520 1925; x_wconf 90' lang='lat' dir='ltr'>Deus</span> 
     </span>
     <span class='ocr_line' id='line_1_34' title="bbox 126 1939 1520 1991; baseline -0.001 -12"><span class='ocrx_word' id='word_1_291' title='bbox 126 1940 317 1991; x_wconf 87' lang='lat' dir='ltr'>promittit</span> <span class='ocrx_word' id='word_1_292' title='bbox 343 1948 410 1978; x_wconf 87' lang='lat' dir='ltr'>aut</span> <span class='ocrx_word' id='word_1_293' title='bbox 436 1940 540 1987; x_wconf 88' lang='lat' dir='ltr'>dicit,</span> <span class='ocrx_word' id='word_1_294' title='bbox 570 1942 738 1987; x_wconf 88' lang='lat' dir='ltr'>credere,</span> <span class='ocrx_word' id='word_1_295' title='bbox 769 1942 867 1980; x_wconf 90' lang='lat' dir='ltr'>sicut</span> <span class='ocrx_word' id='word_1_296' title='bbox 897 1943 1014 1980; x_wconf 91' lang='lat' dir='ltr'>Rom.</span> <span class='ocrx_word' id='word_1_297' title='bbox 1044 1941 1090 1989; x_wconf 87' lang='lat' dir='ltr'>iv,</span> <span class='ocrx_word' id='word_1_298' title='bbox 1119 1939 1299 1980; x_wconf 92' lang='lat' dir='ltr'>Credidit</span> <span class='ocrx_word' id='word_1_299' title='bbox 1318 1940 1520 1978; x_wconf 86' lang='lat' dir='ltr'>Abraham</span> 
     </span>
     <span class='ocr_line' id='line_1_35' title="bbox 128 1994 1520 2043; baseline 0 -11"><span class='ocrx_word' id='word_1_300' title='bbox 128 1997 226 2041; x_wconf 87' lang='lat' dir='ltr'>Deo,</span> <span class='ocrx_word' id='word_1_301' title='bbox 259 2001 297 2032; x_wconf 94' lang='lat' dir='ltr'>et</span> <span class='ocrx_word' id='word_1_302' title='bbox 321 2001 542 2043; x_wconf 83' lang='lat' dir='ltr'>reputatum</span> <span class='ocrx_word' id='word_1_303' title='bbox 573 2002 629 2033; x_wconf 91' lang='lat' dir='ltr'>est</span> <span class='ocrx_word' id='word_1_304' title='bbox 651 1994 686 2033; x_wconf 90' lang='lat' dir='ltr'>ei</span> <span class='ocrx_word' id='word_1_305' title='bbox 714 1996 765 2033; x_wconf 92' lang='lat' dir='ltr'>ad</span> <span class='ocrx_word' id='word_1_306' title='bbox 793 1995 991 2034; x_wconf 88' lang='lat' dir='ltr'>iustitiam.</span> <span class='ocrx_word' id='word_1_307' title='bbox 1051 1996 1150 2034; x_wconf 92' lang='lat' dir='ltr'>Ideo</span> <span class='ocrx_word' id='word_1_308' title='bbox 1170 1994 1334 2033; x_wconf 92' lang='lat' dir='ltr'>verbum</span> <span class='ocrx_word' id='word_1_309' title='bbox 1359 2000 1398 2032; x_wconf 90' lang='lat' dir='ltr'>et</span> <span class='ocrx_word' id='word_1_310' title='bbox 1421 1994 1520 2032; x_wconf 89' lang='lat' dir='ltr'>fides</span> 
     </span>
     <span class='ocr_line' id='line_1_36' title="bbox 126 2047 1519 2099; baseline -0.001 -13"><span class='ocrx_word' id='word_1_311' title='bbox 126 2049 346 2087; x_wconf 87' lang='lat' dir='ltr'>necessario</span> <span class='ocrx_word' id='word_1_312' title='bbox 368 2047 482 2085; x_wconf 89' lang='lat' dir='ltr'>simul</span> <span class='ocrx_word' id='word_1_313' title='bbox 504 2056 593 2085; x_wconf 88' lang='lat' dir='ltr'>sunt</span> <span class='ocrx_word' id='word_1_314' title='bbox 610 2063 616 2085; x_wconf 91' lang='lat'><strong>:</strong></span> <span class='ocrx_word' id='word_1_315' title='bbox 646 2055 684 2086; x_wconf 91' lang='lat' dir='ltr'>et</span> <span class='ocrx_word' id='word_1_316' title='bbox 701 2048 784 2086; x_wconf 88' lang='lat' dir='ltr'>sine</span> <span class='ocrx_word' id='word_1_317' title='bbox 800 2049 920 2087; x_wconf 85' lang='lat' dir='ltr'>verbo</span> <span class='ocrx_word' id='word_1_318' title='bbox 941 2048 1183 2099; x_wconf 89' lang='lat' dir='ltr'>impossibile</span> <span class='ocrx_word' id='word_1_319' title='bbox 1204 2055 1262 2087; x_wconf 90' lang='lat' dir='ltr'>est</span> <span class='ocrx_word' id='word_1_320' title='bbox 1282 2061 1366 2086; x_wconf 89' lang='lat' dir='ltr'>esse</span> <span class='ocrx_word' id='word_1_321' title='bbox 1386 2048 1519 2095; x_wconf 87' lang='lat' dir='ltr'>fidem,</span> 
     </span>
     <span class='ocr_line' id='line_1_37' title="bbox 127 2102 1521 2151; baseline -0.001 -11"><span class='ocrx_word' id='word_1_322' title='bbox 127 2109 169 2140; x_wconf 89' lang='lat' dir='ltr'>ut</span> <span class='ocrx_word' id='word_1_323' title='bbox 192 2103 264 2140; x_wconf 87' lang='lat' dir='ltr'>Isa.</span> <span class='ocrx_word' id='word_1_324' title='bbox 288 2103 338 2149; x_wconf 85' lang='lat' dir='ltr'>lv,</span> <span class='ocrx_word' id='word_1_325' title='bbox 369 2102 544 2139; x_wconf 90' lang='lat' dir='ltr'>Verbum</span> <span class='ocrx_word' id='word_1_326' title='bbox 562 2103 669 2151; x_wconf 92' lang='lat' dir='ltr'>quod</span> <span class='ocrx_word' id='word_1_327' title='bbox 700 2102 895 2151; x_wconf 89' lang='lat' dir='ltr'>egreditur</span> <span class='ocrx_word' id='word_1_328' title='bbox 916 2104 965 2142; x_wconf 92' lang='lat' dir='ltr'>de</span> <span class='ocrx_word' id='word_1_329' title='bbox 995 2116 1061 2141; x_wconf 90' lang='lat' dir='ltr'>ore</span> <span class='ocrx_word' id='word_1_330' title='bbox 1082 2115 1183 2150; x_wconf 91' lang='lat' dir='ltr'>meo,</span> <span class='ocrx_word' id='word_1_331' title='bbox 1206 2115 1287 2141; x_wconf 90' lang='lat' dir='ltr'>non</span> <span class='ocrx_word' id='word_1_332' title='bbox 1308 2109 1521 2140; x_wconf 89' lang='lat' dir='ltr'>revertetur</span> 
     </span>
     <span class='ocr_line' id='line_1_38' title="bbox 127 2157 463 2195; baseline -0.009 0"><span class='ocrx_word' id='word_1_333' title='bbox 127 2157 177 2195; x_wconf 85' lang='lat' dir='ltr'>ad</span> <span class='ocrx_word' id='word_1_334' title='bbox 199 2168 262 2194; x_wconf 90' lang='lat' dir='ltr'>me</span> <span class='ocrx_word' id='word_1_335' title='bbox 282 2168 463 2193; x_wconf 87' lang='lat' dir='ltr'>vacuum.</span> 
     </span>
    </p>

    <p class='ocr_par' dir='ltr' id='par_1_6' title="bbox 127 2208 1518 2529">
     <span class='ocr_line' id='line_1_39' title="bbox 180 2208 1518 2259; baseline -0.001 -11"><span class='ocrx_word' id='word_1_336' title='bbox 180 2208 327 2256; x_wconf 88' lang='lat' dir='ltr'>Tertio,</span> <span class='ocrx_word' id='word_1_337' title='bbox 351 2222 456 2246; x_wconf 87' lang='lat' dir='ltr'>nunc</span> <span class='ocrx_word' id='word_1_338' title='bbox 482 2209 732 2258; x_wconf 85' lang='lat' dir='ltr'>probandum</span> <span class='ocrx_word' id='word_1_339' title='bbox 761 2217 828 2257; x_wconf 87' lang='lat' dir='ltr'>est,</span> <span class='ocrx_word' id='word_1_340' title='bbox 852 2212 960 2259; x_wconf 93' lang='lat' dir='ltr'>quod</span> <span class='ocrx_word' id='word_1_341' title='bbox 987 2222 1194 2248; x_wconf 88' lang='lat' dir='ltr'>accessuro</span> <span class='ocrx_word' id='word_1_342' title='bbox 1220 2210 1272 2248; x_wconf 91' lang='lat' dir='ltr'>ad</span> <span class='ocrx_word' id='word_1_343' title='bbox 1299 2221 1518 2248; x_wconf 88' lang='lat' dir='ltr'>sacramen-</span> 
     </span>
     <span class='ocr_line' id='line_1_40' title="bbox 127 2262 1518 2313; baseline -0.001 -11"><span class='ocrx_word' id='word_1_344' title='bbox 127 2271 211 2302; x_wconf 90' lang='lat' dir='ltr'>tum</span> <span class='ocrx_word' id='word_1_345' title='bbox 250 2262 513 2302; x_wconf 90' lang='lat' dir='ltr'>necessarium</span> <span class='ocrx_word' id='word_1_346' title='bbox 557 2262 605 2300; x_wconf 89' lang='lat' dir='ltr'>sit</span> <span class='ocrx_word' id='word_1_347' title='bbox 643 2264 801 2301; x_wconf 88' lang='lat' dir='ltr'>credere</span> <span class='ocrx_word' id='word_1_348' title='bbox 839 2277 924 2301; x_wconf 92' lang='lat' dir='ltr'>sese</span> <span class='ocrx_word' id='word_1_349' title='bbox 961 2264 1125 2313; x_wconf 86' lang='lat' dir='ltr'>gratiam</span> <span class='ocrx_word' id='word_1_350' title='bbox 1164 2263 1364 2313; x_wconf 89' lang='lat' dir='ltr'>consequi,</span> <span class='ocrx_word' id='word_1_351' title='bbox 1402 2269 1441 2301; x_wconf 90' lang='lat' dir='ltr'>et</span> <span class='ocrx_word' id='word_1_352' title='bbox 1478 2262 1518 2300; x_wconf 92' lang='lat' dir='ltr'>in</span> 
     </span>
     <span class='ocr_line' id='line_1_41' title="bbox 127 2315 1517 2366; baseline -0.001 -11"><span class='ocrx_word' id='word_1_353' title='bbox 127 2319 204 2355; x_wconf 87' lang='lat' dir='ltr'>hoc</span> <span class='ocrx_word' id='word_1_354' title='bbox 242 2330 323 2354; x_wconf 91' lang='lat' dir='ltr'>non</span> <span class='ocrx_word' id='word_1_355' title='bbox 362 2315 553 2362; x_wconf 86' lang='lat' dir='ltr'>dubitare,</span> <span class='ocrx_word' id='word_1_356' title='bbox 585 2317 654 2354; x_wconf 90' lang='lat' dir='ltr'>sed</span> <span class='ocrx_word' id='word_1_357' title='bbox 693 2316 907 2355; x_wconf 87' lang='lat' dir='ltr'>certissima</span> <span class='ocrx_word' id='word_1_358' title='bbox 946 2318 1089 2355; x_wconf 88' lang='lat' dir='ltr'>fiducia</span> <span class='ocrx_word' id='word_1_359' title='bbox 1127 2318 1338 2364; x_wconf 88' lang='lat' dir='ltr'>confidere,</span> <span class='ocrx_word' id='word_1_360' title='bbox 1369 2316 1517 2366; x_wconf 90' lang='lat' dir='ltr'>alioqui</span> 
     </span>
     <span class='ocr_line' id='line_1_42' title="bbox 128 2369 1514 2419; baseline -0.001 -11"><span class='ocrx_word' id='word_1_361' title='bbox 128 2371 167 2409; x_wconf 91' lang='lat' dir='ltr'>in</span> <span class='ocrx_word' id='word_1_362' title='bbox 197 2370 385 2409; x_wconf 88' lang='lat' dir='ltr'>iudicium</span> <span class='ocrx_word' id='word_1_363' title='bbox 415 2369 579 2408; x_wconf 89' lang='lat' dir='ltr'>accedit.</span> <span class='ocrx_word' id='word_1_364' title='bbox 654 2369 796 2416; x_wconf 87' lang='lat' dir='ltr'>Primo,</span> <span class='ocrx_word' id='word_1_365' title='bbox 828 2383 895 2419; x_wconf 91' lang='lat' dir='ltr'>per</span> <span class='ocrx_word' id='word_1_366' title='bbox 926 2370 1020 2408; x_wconf 91' lang='lat' dir='ltr'>illud</span> <span class='ocrx_word' id='word_1_367' title='bbox 1050 2370 1232 2419; x_wconf 87' lang='lat' dir='ltr'>Apostoli</span> <span class='ocrx_word' id='word_1_368' title='bbox 1261 2372 1313 2409; x_wconf 91' lang='lat' dir='ltr'>ad</span> <span class='ocrx_word' id='word_1_369' title='bbox 1344 2370 1435 2408; x_wconf 90' lang='lat' dir='ltr'>Ebr.</span> <span class='ocrx_word' id='word_1_370' title='bbox 1467 2370 1514 2416; x_wconf 86' lang='lat' dir='ltr'>xi,</span> 
     </span>
     <span class='ocr_line' id='line_1_43' title="bbox 128 2423 1517 2474; baseline -0.002 -11"><span class='ocrx_word' id='word_1_371' title='bbox 128 2425 295 2474; x_wconf 85' lang='lat' dir='ltr'>Oportet</span> <span class='ocrx_word' id='word_1_372' title='bbox 318 2425 575 2462; x_wconf 91' lang='lat' dir='ltr'>accedentem</span> <span class='ocrx_word' id='word_1_373' title='bbox 598 2424 767 2470; x_wconf 86' lang='lat' dir='ltr'>credere,</span> <span class='ocrx_word' id='word_1_374' title='bbox 784 2425 892 2473; x_wconf 91' lang='lat' dir='ltr'>quod</span> <span class='ocrx_word' id='word_1_375' title='bbox 916 2425 1024 2461; x_wconf 89' lang='lat' dir='ltr'>Deus</span> <span class='ocrx_word' id='word_1_376' title='bbox 1046 2431 1115 2470; x_wconf 93' lang='lat' dir='ltr'>est,</span> <span class='ocrx_word' id='word_1_377' title='bbox 1136 2431 1174 2462; x_wconf 88' lang='lat' dir='ltr'>et</span> <span class='ocrx_word' id='word_1_378' title='bbox 1195 2425 1303 2473; x_wconf 88' lang='lat' dir='ltr'>quod</span> <span class='ocrx_word' id='word_1_379' title='bbox 1323 2423 1517 2473; x_wconf 91' lang='lat' dir='ltr'>inquiren-</span> 
     </span>
     <span class='ocr_line' id='line_1_44' title="bbox 128 2476 1516 2529; baseline -0.001 -13"><span class='ocrx_word' id='word_1_380' title='bbox 128 2478 232 2517; x_wconf 89' lang='lat' dir='ltr'>tibus</span> <span class='ocrx_word' id='word_1_381' title='bbox 250 2492 290 2516; x_wconf 91' lang='lat' dir='ltr'>se</span> <span class='ocrx_word' id='word_1_382' title='bbox 307 2485 573 2516; x_wconf 90' lang='lat' dir='ltr'>remunerator</span> <span class='ocrx_word' id='word_1_383' title='bbox 590 2485 657 2515; x_wconf 88' lang='lat' dir='ltr'>est.</span> <span class='ocrx_word' id='word_1_384' title='bbox 701 2477 780 2515; x_wconf 92' lang='lat' dir='ltr'>Hic</span> <span class='ocrx_word' id='word_1_385' title='bbox 795 2484 900 2527; x_wconf 83' lang='lat' dir='ltr'>patet</span> <span class='ocrx_word' id='word_1_386' title='bbox 917 2478 1023 2526; x_wconf 89' lang='lat' dir='ltr'>quod</span> <span class='ocrx_word' id='word_1_387' title='bbox 1041 2490 1120 2515; x_wconf 89' lang='lat' dir='ltr'>non</span> <span class='ocrx_word' id='word_1_388' title='bbox 1137 2477 1226 2515; x_wconf 88' lang='lat' dir='ltr'>licet</span> <span class='ocrx_word' id='word_1_389' title='bbox 1240 2476 1516 2529; x_wconf 33' lang='lat' dir='ltr'>dubitaregsed</span> 
     </span>
    </p>
   </div>
  </div>
 </body>
</html>
