1715 2780
228 103 303 141 510
550 91 735 128 FAREL
766 92 826 129 IN
858 91 1102 139 GENEVA,
1138 93 1292 141 1532-6
1539 100 1618 139 255

226 192 404 232 resistere
443 206 523 233 non
559 206 780 244 possumus,
812 207 885 233 nec
915 195 1107 234 audemus
1123 209 1133 242 3
1170 202 1376 247 propterea
1404 196 1499 235 boni
1529 209 1620 236 con-

227 248 367 294 sulant,
389 254 427 287 et
447 256 490 286 ut
511 247 586 287 sibi
606 248 746 287 melius
766 247 962 287 videbitur
981 248 1137 287 faciant.
1160 280 1166 287 .
1192 280 1198 287 .
1222 279 1229 288 .

280 302 335 351 (b)
366 303 480 340 From
502 303 602 340 tlzec'r
619 316 781 349 cznswer,
809 317 823 340 1
851 302 1225 342 March—Faciant
1244 311 1287 342 ut
1307 303 1382 343 sibi
1401 304 1582 354 placebit.

281 356 328 405 (c)
353 357 466 394 From
487 357 546 394 tlze
566 357 739 403 evidence,
768 368 812 405 17
825 359 936 407 July,
958 357 1005 406 of
1014 358 1075 395 tlze
1088 359 1232 395 Lenten
1243 359 1430 407 preacber
1445 359 1492 407 of
1507 371 1618 409 1534,

227 410 268 448 in
301 410 362 447 tlze
391 424 470 448 case
500 410 547 459 of
574 411 831 448 Baudiclzon.¹
889 413 983 461 Ung
1014 412 1114 461 jour,
1147 424 1225 462 que
1258 413 1316 450 fut
1351 412 1523 463 (comme
1556 414 1621 462 luy

228 463 396 514 semble)
423 465 459 503 le
483 465 633 503 second
659 465 882 514 dymenche
909 465 958 504 de
982 478 1167 512 caresme,
1189 465 1302 516 apres
1322 479 1367 505 66
1388 480 1465 517 que
1484 468 1520 506 16
1540 466 1621 505 dict

227 519 423 568 de'posant
452 525 537 557 eust
566 518 658 557 faict
686 520 722 557 la
746 518 998 569 predicacion
1021 533 1070 558 au
1098 519 1180 558 dict
1204 528 1375 559 convent
1396 522 1465 560 des
1487 521 1621 559 Freres

229 571 408 610 Mineurs
439 570 478 624 [a
507 571 700 624 Geneve],
731 586 780 611 en
810 573 998 623 presence
1028 581 1066 613 et
1095 574 1288 613 audience
1317 575 1368 613 de
1396 575 1622 625 tres-grand'

230 625 438 664 multitude
468 627 518 665 de
547 626 1039 677 peuple,—incontinant,
1063 628 1086 666 a
1113 630 1253 678 l’yssue
1279 628 1431 668 d'icelle
1450 629 1622 680 predica-

228 679 319 718 cion
334 678 608 732 [commencee
621 681 643 718 a
660 692 678 729 7
694 681 834 719 heures
851 682 905 720 du
919 680 1058 734 matin]
1075 681 1223 721 survint
1239 683 1274 721 le
1288 683 1369 721 dict
1386 682 1621 722 Baudichon

227 747 322 772 avec
338 734 505 773 certains
527 748 588 773 ses
605 734 832 784 complices.
886 737 1093 786 Lesquelz,
1106 737 1156 775 de
1172 737 1254 774 leur
1273 736 1464 776 auctorite‘
1478 736 1619 787 prive'e,

228 796 548 838 commencarent
568 790 591 827 a
611 789 783 828 declerer
803 803 878 827 aux
897 803 994 839 gens
1015 789 1128 840 qu’ilz
1149 790 1313 829 feroient
1329 792 1512 841 prescher
1526 791 1623 841 pub-

228 843 447 891 liquement
476 844 512 881 16
533 842 614 881 dict
637 844 808 882 Farellus
830 845 865 882 16
892 845 981 893 jour
1002 857 1181 892 mesmes,
1206 851 1244 884 et
1264 858 1364 895 pour
1384 859 1429 884 ce
1457 847 1622 883 feroient

229 909 373 935 sonner
402 904 440 935 et
469 910 697 947 convoquer
726 898 761 935 16
790 899 933 947 peuple
963 899 985 936 a
1014 899 1049 937 la
1079 899 1228 945 cloche,
1255 912 1411 938 comme
1437 901 1460 937 il
1485 907 1543 939 est
1573 901 1623 939 de

229 948 484 1002 co[u]stume.
545 952 596 989 Et
617 952 667 990 de
688 952 791 999 faict,
813 953 836 989 a
856 953 1001 991 l'heure
1022 965 1202 998 mesmes,
1224 954 1387 992 allarent
1415 967 1559 992 sonner
1587 955 1624 992 la

229 1003 334 1042 dicte
355 1005 504 1052 cloche,
525 1005 694 1055 laquelle
714 1005 761 1043 ilz
781 1014 995 1045 sonnarent
1015 1020 1083 1057 par
1103 1015 1206 1057 troys
1228 1020 1362 1058 coups.

285 1059 336 1096 Et
366 1065 541 1097 tantoust
567 1060 691 1109 apres,
714 1061 750 1098 16
770 1059 851 1099 dict
877 1061 977 1110 jour,
1000 1074 1049 1099 en
1070 1062 1106 1099 la
1126 1074 1276 1100 mesme
1297 1061 1415 1112 eglise
1435 1069 1473 1100 et
1493 1063 1623 1100 chaire

229 1125 277 1151 en
308 1113 477 1162 laquelle
505 1113 610 1152 avoit
639 1113 803 1164 presche
833 1115 868 1153 16
897 1114 979 1153 dict
1002 1114 1207 1165 de'posant,
1229 1116 1266 1153 16
1286 1115 1367 1154 dict
1388 1117 1560 1154 Farellus
1582 1116 1624 1153 fit

230 1179 302 1205 son
331 1179 488 1205 sermon
518 1166 830 1217 publiquement,
852 1176 1006 1207 semant
1031 1182 1074 1207 sa
1093 1168 1306 1208 mauldicte
1325 1169 1516 1209 doctrine.
1574 1172 1624 1208 Et

229 1220 400 1270 despuis,
425 1228 513 1259 tous
543 1222 597 1260 les
625 1223 732 1271 jours
762 1223 815 1261 du
846 1223 927 1261 dict
953 1236 1127 1262 caresme
1147 1224 1183 1262 le
1203 1223 1285 1262 dict
1306 1225 1480 1262 Farellus
1500 1225 1542 1262 fit
1562 1237 1623 1262 ses

230 1287 407 1312 sermons
447 1288 496 1313 en
526 1276 563 1313 la
592 1276 697 1314 dicte
728 1275 846 1326 eglise
876 1284 913 1314 et
943 1277 1073 1315 chaire
1111 1278 1166 1316 les
1204 1277 1489 1327 apres—disne‘es
1528 1278 1624 1328 pub-

230 1327 449 1377 liquement
473 1336 512 1367 et
538 1342 588 1367 au
612 1342 685 1367 son
709 1331 760 1368 de
780 1331 816 1368 la
837 1331 986 1377 cloche,
1010 1338 1137 1369 estant
1158 1332 1194 1370 le
1214 1331 1296 1370 dict
1318 1333 1491 1370 Farellus
1511 1339 1622 1370 vestu

230 1395 280 1420 en
301 1382 462 1421 homme
483 1381 656 1434 seculier‚
679 1396 774 1422 avec
795 1397 873 1422 une
893 1397 1018 1434 cappe
1038 1385 1061 1422 a
1080 1386 1345 1435 l'espaignolle
1365 1393 1404 1424 et
1424 1399 1503 1436 ung
1525 1386 1623 1424 bon-

229 1443 297 1473 net
317 1435 341 1473 a
361 1435 506 1474 rebras.
542 1437 593 1474 Es
610 1438 724 1486 quelz
745 1450 922 1476 sermons
941 1438 1112 1476 assistoit
1133 1440 1331 1488 tousjours
1351 1447 1461 1477 entre
1480 1440 1622 1478 aultres

230 1490 266 1527 le
295 1488 377 1527 dict
406 1489 654 1538 Baudichon,
676 1504 833 1530 comme
863 1491 1058 1541 capitaine
1084 1499 1122 1531 et
1142 1493 1351 1542 directeur,
1370 1492 1510 1532 faisant
1530 1492 1624 1532 faire

230 1542 376 1581 silence
397 1551 435 1582 et
455 1545 634 1583 donnant
654 1546 768 1584 ordre
788 1545 810 1583 a
831 1546 923 1584 faire
943 1559 1080 1596 renger
1098 1547 1154 1584 les
1173 1559 1281 1596 gens.
1305 1577 1312 1585 .
1335 1578 1342 1585 .
1367 1577 1375 1585 .

231 1667 319 1711 No.
339 1670 442 1722 256.
478 1669 585 1713 The
605 1670 797 1724 Bishop
819 1671 1024 1715 attacks
1047 1671 1270 1724 Geneva,
1287 1683 1350 1726 30
1365 1672 1486 1727 July
1502 1684 1622 1728 1534.

286 1761 402 1798 From
432 1774 456 1797 a
486 1763 595 1798 letter
621 1761 668 1810 of
686 1763 841 1809 Ηαίίεν,
865 1776 887 1811 9
909 1765 1009 1813 Aug.
1046 1762 1438 1814 1534.—Episcopus
1467 1764 1623 1803 Geben-

232 1814 375 1860 nensis,
399 1828 489 1852 cum
519 1814 598 1853 suis
630 1817 690 1865 <ut
719 1817 855 1866 fertur)
885 1816 1073 1866 cognatis,
1095 1825 1162 1855 aut
1188 1818 1319 1867 potius
1349 1817 1621 1868 stipendiariis,

231 1867 369 1905 urbem
391 1867 712 1916 Gebennensem,
735 1882 804 1919 per
823 1869 1051 1909 contionem
1077 1870 1290 1921 Evangelii,
1313 1884 1404 1909 cum
1430 1884 1624 1922 occupare

232 1928 270 1958 et
300 1921 339 1958 in
369 1923 518 1971 templo
548 1923 709 1973 forte(?)
740 1924 934 1962 trucidare
963 1924 1048 1974 pios
1072 1925 1290 1971 tentasset,2
1309 1925 1482 1974 prodidit
1513 1927 1623 1964 Deus

231 1975 334 2011 hanc
354 1987 463 2012 suam
486 1975 762 2024 proditionem,
785 1985 828 2015 ut
848 1990 928 2016 uno
949 1991 1142 2017 concursu
1163 1991 1302 2017 omnes
1322 1977 1363 2016 in
1382 1978 1479 2017 urbe
1499 1980 1625 2017 cuius-

231 2041 390 2077 cunque
418 2028 614 2078 religionis
643 2038 774 2079 portas
804 2031 1073 2079 occluderent,
1101 2039 1139 2070 et
1159 2033 1268 2081 quod
1293 2031 1514 2082 Episcopus
1537 2046 1624 2071 coe-

231 2089 341 2131 perat
373 2089 670 2121 anteverterent.
731 2085 876 2122 Ferunt
915 2086 1021 2123 hunc
1060 2084 1192 2123 multis
1230 2084 1354 2135 copiis
1392 2085 1624 2136 integroque

232 2134 402 2173 exercitu
440 2143 576 2186 parato
618 2137 694 2176 hoc
731 2145 973 2186 attentasse3
1013 2139 1082 2177 sed
1122 2139 1320 2177 Dominus
1358 2139 1624 2179 custodiendo

231 2188 444 2228 custodivit
481 2189 690 2229 civitatem.
769 2192 847 2229 Hic
885 2191 1000 2231 nobis
1038 2192 1187 2231 bellum
1226 2192 1350 2243 parari
1386 2201 1624 2244 augurantur

277 2295 287 2315 ¹
311 2296 383 2327 The
397 2296 550 2338 preacher
560 2308 626 2329 was
639 2297 677 2329 F.
689 2298 866 2336 Coutelier,
880 2298 1024 2331 &Varden
1037 2300 1074 2331 of
1083 2299 1138 2331 the
1153 2300 1365 2332 Franciscans
1375 2305 1408 2332 at
1421 2300 1621 2342 Chambery.

233 2341 298 2371 For
315 2339 534 2372 Baudiehon’s
550 2351 623 2372 case
640 2341 680 2372 cs.
700 2341 922 2381 Herminjard,
940 2342 987 2381 iii,
1004 2343 1070 2374 No.
1088 2350 1162 2384 473.

275 2382 287 2403 ²
311 2383 385 2414 The
408 2383 538 2425 bishop,
555 2384 733 2426 according
757 2389 791 2416 to
816 2385 947 2424 IIaller,
966 2385 1117 2418 intended
1141 2392 1175 2419 to
1199 2386 1338 2429 surprise
1355 2387 1409 2420 the
1425 2387 1490 2428 city
1506 2387 1622 2429 during

233 2437 294 2459 one
311 2427 349 2458 of
361 2426 482 2459 Farel's
498 2438 652 2460 sermons.
