1715 2780
121 139 189 179 317
286 130 405 168 THE
436 127 760 168 DISCIPLINE
795 126 854 163 IN
886 123 1129 169 GENEVA,
1166 123 1347 172 1542-64
1443 120 1519 168 649

123 247 242 285 quam
259 232 408 284 publici
428 245 567 270 omnes
583 231 783 270 auditores
804 228 986 274 iurarent,
1001 234 1039 266 et
1060 225 1332 265 iusiurandum
1355 225 1519 263 solenne

123 289 232 340 quod
253 286 461 338 concipere
484 287 694 325 Rectorem
716 292 754 323 et
775 296 914 322 omnes
929 282 1133 331 utriusque
1154 281 1324 326 scholae,
1348 278 1520 329 privatae

123 342 306 382 videlicet
325 354 372 380 ac
388 341 581 392 publicae,
600 341 782 378 doctores
799 344 1009 387 oporteret,
1026 334 1236 374 recensuit.
1296 334 1482 383 Denique
1499 345 1522 370 a

125 396 392 436 ministrorum
413 394 580 445 collegio
601 395 782 440 electum,
805 393 856 430 ab
877 390 1122 441 amplissimo
1143 403 1236 428 vero
1257 390 1405 427 Senatu
1422 387 1522 426 desi-

123 458 286 502 gnatum
307 448 582 500 pronunciavit
603 448 862 486 Theodorum
886 447 1041 492 Bezam,
1060 457 1183 482 unum
1202 457 1248 482 ex
1269 441 1391 481 Verbi
1413 440 1522 479 mini-

125 504 223 552 stris,
241 505 409 543 Scholae
428 505 652 541 Rectorem.
685 503 916 539 Anteavero
930 499 1184 549 designarant
1199 497 1317 536 etiam
1333 496 1452 535 iidem
1470 525 1477 532 .
1492 525 1499 532 .
1514 524 1521 532 .

129 560 347 604 Hebraeae,
382 588 389 596 .
422 587 430 596 .
462 587 470 595 .
502 559 688 602 Graecae,
721 586 728 593 .
762 586 767 593 .
798 586 804 592 .
834 552 1115 603 Philosophiae
1145 553 1397 602 professores.
1432 581 1438 587 .
1472 580 1478 586 .
1513 580 1519 586 .

126 612 386 662 Theologiam
415 611 520 650 enim
550 613 599 649 D.
618 611 817 648 Iohannes
840 609 1028 648 Calvinus
1050 608 1181 645 multis
1204 608 1278 643 iam
1301 613 1392 643 ante
1409 605 1522 642 annis

126 667 396 718 profitebatur,
423 665 486 704 cui
514 678 620 703 nunc
649 666 697 702 D.
728 664 965 702 Theodorus
997 664 1109 708 Beza,
1141 660 1208 710 qui
1239 658 1398 698 alternis
1429 658 1522 696 heb-

127 719 366 761 domadibus
388 720 493 758 idem
516 732 659 757 munus
681 718 810 764 obeat,
833 718 985 766 collega
1004 715 1215 754 adiunctus
1238 722 1306 753 est.
1331 744 1338 751 .
1363 743 1370 751 .
1395 743 1402 750 .

182 775 395 813 Habentur
428 780 561 812 autem
596 771 771 818 omnino,
804 771 835 809 si
867 770 954 820 quis
985 768 1227 808 Academiae
1260 770 1384 818 Leges
1418 774 1524 805 recte

127 830 335 879 expendat,
358 827 520 878 singulis
540 826 862 865 hebdomadibus
891 825 930 862 in
955 824 1113 874 publica
1134 824 1295 873 quidem
1319 822 1455 860 schola
1475 821 1525 858 16-

127 883 278 923 ctiones
299 881 410 929 xxvii,
427 890 503 920 tres
524 881 709 919 nimirum
728 880 985 929 theologicae,
1002 886 1094 916 octo
1109 877 1332 923 Hebraeae,
1348 876 1524 914 Graecae

127 945 204 976 tres
224 937 264 975 in
286 936 436 983 ethicis,
459 935 635 986 quinque
658 936 696 972 in
718 933 879 974 Graecis
901 933 1120 971 oratoribus
1142 932 1203 969 vel
1225 930 1365 981 poetis,
1387 937 1462 967 tres
1485 928 1523 966 in

127 990 299 1043 physicis
320 992 381 1029 vel
402 989 703 1036 mathematicis,
727 990 903 1038 quinque
927 988 965 1025 in
987 986 1203 1025 dialecticis
1225 986 1285 1023 vel
1307 982 1523 1022 rhetoricis.

129 1047 179 1084 In
202 1045 350 1096 privata
373 1058 465 1083 vero
493 1045 640 1091 schola,
663 1056 765 1093 quae
793 1042 831 1080 in
861 1049 1013 1091 septem
1041 1042 1186 1079 classes
1218 1047 1275 1078 est
1303 1037 1522 1084 distributa,

127 1100 330 1146 lectiones,
366 1098 517 1148 absque
556 1096 870 1148 repetitionibus,
906 1097 967 1133 lxx
1003 1094 1164 1145 singulis
1203 1091 1525 1132 hebdomadibus

129 1153 334 1192 habentur.
386 1154 508 1201 Quod
530 1152 571 1199 si,
590 1159 632 1190 ut
654 1164 856 1201 speramus
877 1149 950 1188 Dei
972 1149 1151 1188 bonitate
1173 1149 1269 1194 freti,
1289 1147 1395 1186 idem
1415 1147 1525 1183 Deus

128 1208 290 1247 istorum
322 1206 575 1245 consiliorum
606 1213 743 1244 auctor
773 1219 819 1243 ea
849 1204 1099 1254 promoverit,
1132 1211 1215 1240 tum
1246 1203 1296 1241 de
1329 1200 1410 1239 istis
1445 1212 1527 1249 per-

130 1261 309 1300 ficiendis
330 1274 431 1312 quae
453 1268 544 1300 sunt
566 1261 762 1306 inchoata,
782 1267 865 1297 tum
887 1257 1004 1296 etiam
1027 1258 1077 1296 de
1099 1256 1257 1306 reliquis
1278 1253 1524 1300 adficiendis,

129 1324 224 1367 puta
252 1314 579 1365 iurisprudentiae
614 1328 659 1352 ac
693 1314 913 1352 medicinae
944 1311 1198 1362 professione,
1231 1308 1418 1360 cogitatio
1448 1321 1527 1346 sus-

129 1378 305 1420 cipletur,

129 1486 218 1529 No.
241 1487 332 1539 318.
365 1485 589 1530 Calvin’s
615 1483 859 1535 far-ewen,
881 1483 983 1525 and
1009 1482 1162 1524 death
1186 1491 1239 1534 27
1262 1481 1379 1534 May
1401 1479 1527 1532 1564.

187 1581 301 1617 From
332 1580 404 1617 Les
437 1579 579 1616 adz'enx
611 1579 654 1615 de
690 1577 831 1616 Calvia
868 1589 949 1613 anx
984 1576 1177 1612 suebat-tres
1207 1576 1251 1611 dc
1287 1572 1443 1618 (imaeve,
1477 1573 1528 1608 du

130 1634 318 1682 vendredy
338 1633 392 1672 28
406 1634 530 1671 Avril
547 1631 725 1682 1564.—.
751 1662 757 1668 .
782 1661 788 1668 .
813 1631 960 1679 Quand
983 1630 1018 1678 je
1039 1628 1124 1666 vius
1150 1627 1454 1678 premiercment
1479 1638 1529 1663 en

132 1695 238 1726 ceste
262 1687 404 1737 Eghse,
429 1687 453 1724 il
481 1688 542 1736 n'y
566 1688 671 1724 avoit
692 1684 804 1735 quasi
832 1697 988 1722 comme
1016 1682 1110 1720 rien.
1169 1683 1233 1720 On
1262 1681 1460 1731 preschoit
1491 1687 1528 1717 et

131 1741 219 1792 puis
233 1742 326 1780 c'est
348 1748 445 1780 tout.
504 1742 569 1780 On
591 1741 793 1778 cherchoit
814 1738 908 1776 bien
928 1739 984 1775 les
1000 1738 1124 1775 idoles
1139 1744 1176 1774 et
1198 1737 1253 1774 les
1271 1734 1503 1773 brusloit-on
1521 1747 1529 1780 ;

133 1795 231 1834 mais
252 1796 277 1833 il
298 1796 360 1845 n’y
376 1794 481 1833 avoit
501 1807 655 1832 aucune
678 1791 941 1831 reformation.
992 1793 1124 1829 Toute
1146 1791 1262 1828 estoit
1283 1803 1331 1827 cn
1350 1789 1528 1827 tumulte.

136 1851 169 1889 Il
194 1863 216 1900 y
237 1849 341 1888 avoit
367 1849 458 1887 bien
485 1850 519 1886 16
545 1848 791 1887 bonhomme
815 1847 879 1883 Mc
901 1845 1137 1892 Guillaumc,
1162 1852 1199 1882 et
1227 1843 1313 1894 puis
1342 1842 1528 1892 l'aveugle

134 1904 322 1944 Couraut.
347 1935 353 1941 .
378 1934 385 1942 .
409 1934 416 1941 .
442 1903 711 1952 D'advantage
734 1902 758 1938 il
780 1914 801 1949 y
823 1899 926 1938 avoit
955 1901 1017 1937 Me
1043 1898 1248 1937 Anthoine
1278 1896 1467 1943 Saulnier‚
1492 1903 1529 1934 et

135 1971 179 1996 ce
202 1957 302 1996 beau
325 1958 536 2008 prescheur
559 1958 746 1994 Froment
767 1955 832 2004 qui
857 1961 975 2004 ayant
996 1952 1109 1991 laisse
1131 1966 1202 1992 son
1225 1952 1428 1990 devantier
1448 1952 1529 1988 s'en

135 2011 305 2050 montoit
335 2025 383 2050 en
414 2010 554 2057 chaire,
588 2012 674 2060 puis
707 2010 788 2047 s’en
819 2007 1036 2047 retournoit
1070 2007 1093 2045 a
1124 2020 1165 2045 sa
1197 2006 1390 2055 boutique
1421 2007 1472 2043 ou
1506 2005 1529 2041 il

133 2065 260 2116 jasoit,
283 2073 322 2104 et
341 2065 440 2104 ainsi
461 2065 486 2103 il
508 2066 635 2103 faisoit
656 2064 804 2102 double
826 2075 995 2101 sermon.

189 2120 273 2170 J'ay
299 2132 416 2158 vescu
445 2120 505 2168 icy
533 2131 583 2157 en
610 2118 789 2156 combats
814 2117 1091 2155 merveilleux:
1124 2116 1198 2165 j’ay
1226 2114 1308 2152 este'
1334 2114 1441 2151 salue
1464 2124 1531 2161 par

138 2173 364 2224 mocquerie
385 2175 420 2212 le
442 2173 519 2212 soir
539 2174 685 2211 devant
706 2184 770 2209 ma
790 2179 901 2222 porte
923 2171 973 2209 dc
997 2182 1045 2220 50
1066 2182 1118 2207 ou
1141 2172 1189 2206 60
1211 2180 1335 2218 coups
1356 2168 1531 2217 d’arque-

137 2228 243 2266 bute.
302 2228 392 2277 Que
416 2239 672 2278 pensez-vous
699 2240 776 2276 que
803 2226 888 2263 cela
914 2223 1077 2275 pouvoit
1105 2230 1290 2261 estonner
1312 2234 1364 2259 un
1387 2232 1530 2270 pauvre

138 2280 331 2320 escholier
360 2281 497 2319 timide
528 2293 684 2319 comme
713 2282 750 2329 je
785 2280 876 2325 suis,
910 2288 948 2317 et
977 2290 1134 2316 comme
1162 2278 1200 2326 je
1232 2277 1302 2325 l'ay
1333 2276 1531 2323 tousjours

138 2334 232 2383 este,
253 2336 291 2385 je
311 2336 347 2373 16
368 2336 577 2374 confesse?

195 2389 287 2428 Puis
320 2389 432 2439 apres
463 2390 502 2438 je
536 2390 596 2427 fus
631 2387 768 2427 chasse
804 2389 853 2426 de
888 2394 994 2425 ceste
1030 2385 1129 2431 ville,
1166 2392 1204 2422 et
1240 2385 1341 2422 m'en
1376 2384 1476 2433 allay
1510 2383 1532 2420 a

141 2443 384 2494 Strasbourg,
411 2443 463 2481 oli
488 2451 605 2493 ayant
631 2443 818 2482 demeure'
849 2442 1020 2492 quelque
1048 2447 1176 2489 temps
1203 2440 1242 2488 je
1272 2439 1332 2476 fus
1362 2438 1530 2488 rappele‚

141 2497 238 2537 mais
264 2498 302 2547 je
335 2498 442 2536 n'eus
474 2510 540 2547 pas
573 2496 701 2535 moins
732 2497 780 2534 de
812 2495 926 2543 peine
958 2495 1262 2544 qu'auparavant
1292 2505 1341 2530 en
1372 2492 1531 2530 voulant
