1715 2780
11 2453 16 2470 i

13 2478 17 2492 Ι

77 82 128 121 47
551 70 1002 109 MELANCHTHON
1429 84 1477 120 93

79 175 321 238 proposita..
376 175 501 213 Duo
532 180 622 212 sunt
651 180 783 213 autem
815 173 925 223 signa
954 187 975 211 a
1004 173 1163 213 Christo
1193 174 1232 211 in
1262 175 1477 224 Evangelio

77 230 262 292 instituta,
287 229 512 279 Baptismus
533 235 571 267 et
592 227 837 279 participatio
858 241 1017 266 mensae
1041 227 1213 266 Domini.
1266 229 1351 266 Nos
1373 228 1478 266 enim

79 285 188 335 signa
216 282 512 322 sacramentalia
542 295 587 321 ea
616 295 701 321 esse
726 281 958 330 iudicamus,
982 295 1125 332 quaet,
1105 282 1248 321 cratiae
1272 282 1346 321 Dei
1369 282 1478 332 signa

78 337 264 378 divinitus
285 337 426 376 tradita
447 344 547 375 sunt.
572 366 579 375 .
604 367 611 374 .
637 367 644 374 .

131 393 196 431 De
215 391 389 442 privatis
417 390 717 440 confessionibus.
743 420 751 429 .
775 422 781 429 .
806 421 812 428 .
842 390 1054 429 Absolutio
1085 390 1232 441 privata
1262 390 1317 429 sic
1347 403 1479 429 neces-

78 445 176 485 saria
213 453 272 485 est
309 452 352 484 ut
392 445 628 496 Baptismus.
687 444 863 483 Tametsi
902 446 1007 483 enirn
1046 444 1183 484 audias
1218 445 1478 495 Evangelium

78 499 340 539 communiter
359 500 562 538 universae
584 500 786 538 Ecclesiae
806 499 1032 549 praedicari,
1055 507 1188 538 tamen
1210 506 1293 538 turn
1315 501 1478 538 demum

79 562 206 594 certus
245 566 286 596 es
325 553 366 592 id
405 554 456 592 ad
494 561 532 592 te
571 552 726 603 proprie
755 552 960 603 pertinere,
993 567 1116 603 quum
1146 561 1188 592 tu
1223 553 1402 604 privatim
1432 566 1478 591 ac

79 607 233 659 proprie
262 606 488 646 absolveris.
550 608 644 645 Non
674 606 753 645 sitit
782 607 945 657 gratiam
975 609 1042 657 qui
1072 620 1153 646 non
1175 607 1348 646 efflictim
1370 607 1479 657 cupit

78 662 213 702 audire
243 660 478 700 sententiam
509 662 560 700 de
590 674 631 700 se
661 660 847 699 divinam.
908 662 979 699 Est
1009 661 1115 699 enirn
1146 662 1223 700 Dei
1254 674 1335 700 non
1356 661 1479 699 homi-

80 729 175 755 num
210 714 404 755 sententia
438 728 516 765 qua
544 714 770 762 absolveris,
804 715 927 753 modo
961 714 1202 754 absolutioni
1232 716 1380 754 credas.
1405 746 1412 753 .
1437 746 1444 753 .
1470 745 1476 752 .

81 771 221 820 Neque
260 782 352 808 vero
391 770 650 808 absolvuntur
691 768 765 807 nisi
809 768 875 818 qui
915 777 952 807 et
992 769 1144 807 absolvi
1184 783 1224 808 se
1264 777 1402 820 optant
1441 776 1480 807 et

81 825 258 864 credunt.
281 853 288 861 .
314 854 320 862 .
345 853 352 861 .

133 880 197 917 De
216 878 514 929 participatione
544 878 704 915 Mensae
734 878 910 916 Domini.
969 876 1131 927 Signum
1158 878 1304 927 gratiae
1329 885 1478 917 certum

82 940 139 972 est
167 931 415 983 participatio
444 945 604 970 mensae
640 930 816 978 Domini,
853 932 930 970 hoc
960 939 1028 978 est,
1064 933 1303 971 manducare
1338 945 1480 983 corpus

83 986 228 1027 Christi
262 994 300 1025 et
330 986 465 1025 bibere
497 985 739 1036 sanguinem.
814 986 878 1024 Sic
910 986 1016 1024 enim
1048 986 1101 1024 ait
1131 986 1245 1036 (Luc.
1278 986 1364 1025 xxii.
1401 986 1478 1037 20),

83 1040 163 1078 Hic
201 1047 260 1079 est
298 1039 397 1078 calix
435 1039 527 1078 novi
568 1039 803 1086 testamenti,
845 1041 916 1078 &o
989 1041 1090 1078 Item
1123 1039 1158 1090 (Ι
1194 1040 1286 1080 Cor.
1317 1040 1364 1078 xi.
1401 1040 1481 1092 25),

81 1093 248 1144 Quoties
269 1093 449 1141 feceritis,
473 1093 589 1132 facite
603 1093 644 1131 in
667 1093 896 1132 memoriam
920 1094 1008 1132 mei.
1071 1095 1118 1132 Id
1141 1101 1208 1141 est,
1226 1107 1317 1132 cum
1339 1094 1477 1141 facitis,

81 1147 375 1187 admoneamini
397 1146 611 1197 Evangelii,
634 1160 703 1185 seu
724 1147 963 1185 remissionis
985 1155 1249 1198 peccatorum.
1310 1150 1402 1187 Non
1425 1156 1482 1187 est

82 1201 195 1252 igitur
234 1201 480 1248 sacrificium,
521 1201 553 1239 si
592 1201 753 1251 quidem
789 1201 828 1239 in
864 1203 939 1240 hoc
973 1209 1030 1240 est
1062 1202 1259 1250 traditum,
1295 1210 1335 1240 ut
1375 1210 1482 1241 certo

83 1256 295 1294 admoneat
334 1262 487 1294 tantum
526 1254 706 1305 promissi
747 1255 962 1306 Evangelii.
1022 1257 1108 1294 Nec
1138 1257 1244 1294 delet
1273 1264 1481 1306 peccatum

83 1309 328 1360 participatio
359 1322 529 1356 mensae,
561 1310 631 1348 sed
662 1310 759 1348 fides
789 1310 908 1358 delet,
942 1323 987 1348 ea
1022 1323 1113 1348 vero
1144 1311 1220 1348 hoc
1251 1310 1362 1360 signo
1392 1324 1483 1349 con-

85 1364 267 1402 firmatur.
300 1394 307 1401 .
341 1393 348 1402 .
382 1394 389 1401 .
422 1364 521 1402 Sunt
551 1363 666 1414 igitur
696 1363 840 1414 impiae
870 1363 1012 1403 missae
1047 1377 1187 1402 omnes
1226 1372 1378 1415 praeter
1417 1378 1482 1403 eas

85 1417 228 1467 quibus
249 1417 516 1456 conscientiae
537 1419 588 1456 ad
609 1418 926 1457 confirmandam
949 1419 1069 1457 fidem
1091 1418 1303 1468 eriguntur.
1363 1419 1484 1458 Sacri-

86 1470 217 1510 ficium
248 1478 306 1510 est
335 1484 426 1509 cum
456 1485 529 1510 nos
558 1471 708 1521 aliquid
741 1473 830 1510 Deo
860 1472 1060 1510 offerimus
1076 1487 1085 1521 3
1115 1480 1153 1510 at
1175 1472 1379 1512 Christum
1402 1486 1482 1511 non

85 1524 283 1564 offerimus
314 1527 414 1572 Deo,
437 1526 506 1564 sed
536 1525 620 1576 ipse
650 1538 691 1564 se
721 1527 841 1564 semel
872 1526 1026 1565 obtulit.
1086 1527 1218 1575 Quare
1249 1526 1316 1577 qui
1347 1526 1484 1565 missas

86 1578 126 1617 in
153 1579 231 1618 hoc
260 1578 418 1625 faciunt,
451 1586 494 1617 ut
523 1592 595 1618 ceu
625 1579 777 1617 bonum
807 1579 970 1630 aliquod
1000 1593 1100 1630 opus
1130 1580 1290 1628 faciant,
1319 1588 1361 1619 ut
1394 1582 1483 1619 Deo

88 1632 288 1672 Christum
317 1634 481 1671 offerant
509 1646 581 1683 pro
601 1632 697 1671 vivis
727 1646 773 1671 ac
801 1633 975 1681 mortuis,
999 1642 1042 1672 ut
1063 1641 1203 1683 putent
1227 1647 1307 1684 quo
1329 1634 1484 1684 saepius

87 1685 358 1737 ingeminetur,
390 1699 438 1725 eo
472 1688 612 1725 melius
653 1686 748 1734 fieri,
777 1687 897 1737 impie
936 1696 1074 1726 errant.
1136 1689 1187 1726 Et
1226 1689 1298 1726 hos
1339 1700 1485 1726 errores

89 1753 229 1800 magna
258 1754 304 1779 ex
333 1748 442 1790 parte
472 1742 614 1790 opinor
644 1741 824 1779 Thomae
854 1741 1108 1791 imputandos
1133 1755 1230 1788 esse,
1253 1741 1319 1792 qui
1348 1742 1483 1780 docuit

89 1794 247 1832 missam
269 1795 457 1844 prodesse
477 1794 563 1832 aliis
584 1801 737 1844 praeter
758 1808 849 1833 eum
870 1794 938 1844 qui
960 1796 1185 1834 manducat.

143 1849 214 1886 Est
260 1854 393 1887 autem
442 1847 674 1898 significatio
714 1847 829 1886 huius
869 1849 1101 1888 sacramenti
1141 1850 1374 1888 confirmare
1414 1862 1486 1888 nos

90 1902 204 1940 toties
225 1901 379 1952 quoties
400 1902 606 1941 labascunt
627 1902 904 1949 conscientiae,
928 1903 1083 1952 quoties
1104 1904 1154 1942 de
1185 1903 1261 1942 Dei
1282 1905 1486 1942 voluntate

90 1967 179 2005 erga
207 1969 279 1994 nos
309 1955 548 1994 dubitamus.
572 1986 579 1993 .
604 1987 610 1994 .
636 1987 642 1993 .
667 1955 776 2004 Quid
805 1964 938 1994 autem
966 1956 1006 1994 in
1030 1964 1205 1996 mentem
1226 1957 1331 1996 venit
1353 1957 1398 1995 iis
1420 1958 1487 2007 qui

90 2007 188 2047 inter
217 2008 326 2059 signa
354 2010 499 2058 gratiae
529 2009 721 2048 Ordinem
743 2013 1027 2049 numerarunt?
1084 2011 1186 2051 Cum
1210 2024 1290 2049 non
1311 2011 1419 2050 aliud
1440 2011 1487 2049 sit

91 2063 189 2100 ordo
209 2075 328 2112 quam
349 2062 467 2113 deligi
488 2076 534 2101 ex
550 2064 715 2101 ecclesia
730 2077 798 2102 eos
815 2063 881 2113 qui
899 2065 1080 2112 doceant,
1099 2065 1308 2115 baptizent,
1328 2078 1487 2103 mensae

93 2115 340 2163 benedicant,
372 2124 410 2154 et
440 2118 709 2167 eleemosynas
740 2117 954 2167 partiantur
988 2120 1131 2168 egenis.
1190 2118 1379 2168 Episcopi
1419 2132 1487 2157 seu

95 2169 306 2219 presbyteri
335 2169 568 2208 dicebantur
598 2170 665 2220 qui
686 2171 896 2218 docebant,
920 2173 1112 2218 lavabant,
1137 2179 1175 2210 et
1196 2172 1492 2211 benedicebant

97 2234 263 2261 mensae.
323 2222 492 2262 Diaconi
522 2224 589 2273 qui
619 2226 889 2274 eleemosynas
919 2226 1187 2275 partiebantur
1211 2227 1311 2264 inter
1336 2226 1485 2285 inopes.

95 2275 238 2325 Neque
265 2276 319 2314 sic
348 2276 540 2315 discretae
568 2278 709 2315 horum
739 2278 962 2317 functiones
992 2286 1112 2327 erant,
1135 2286 1178 2317 ut
1210 2279 1392 2318 Diacono
1413 2279 1489 2329 pia-

95 2329 223 2367 culare
241 2336 345 2368 'esset
366 2331 519 2378 docere,
542 2330 749 2380 baptizare,
772 2339 839 2369 aut
863 2332 1098 2371 benedicere
1126 2346 1298 2371 mensae.
1358 2334 1489 2374 Immo

96 2380 192 2420 haec
221 2383 405 2421 omnibus
435 2383 669 2424 Christianis
698 2384 829 2425 licent.
889 2387 993 2424 Nam
1024 2386 1202 2425 omnium
1233 2393 1323 2424 sunt
1361 2387 1489 2423 claves

99 2435 211 2473 Matt.
252 2436 352 2474 xviii.
389 2439 446 2475 18.
523 2439 600 2476 Sed
635 2439 949 2478 demandabatur
983 2452 1117 2478 eorum
1154 2439 1375 2489 procuratio
1409 2439 1490 2487 qui-
