<?xml version="1.0" encoding="UTF-8"?>
<!DOCTYPE html PUBLIC "-//W3C//DTD XHTML 1.0 Transitional//EN"
    "http://www.w3.org/TR/xhtml1/DTD/xhtml1-transitional.dtd">
<html xmlns="http://www.w3.org/1999/xhtml" xml:lang="en" lang="en">
 <head>
  <title>
</title>
<meta http-equiv="Content-Type" content="text/html;charset=utf-8" />
  <meta name='ocr-system' content='tesseract 3.04.00' />
  <meta name='ocr-capabilities' content='ocr_page ocr_carea ocr_par ocr_line ocrx_word'/>
</head>
<body>
  <div class='ocr_page' id='page_1' title='image "./docreform00kidd_0044.png"; bbox 0 0 1715 2780; ppageno 0'>
   <div class='ocr_carea' id='block_1_1' title="bbox 206 72 1592 123">
    <p class='ocr_par' dir='ltr' id='par_1_1' title="bbox 206 72 1592 123">
     <span class='ocr_line' id='line_1_1' title="bbox 206 72 1592 123; baseline -0.012 0"><span class='ocrx_word' id='word_1_1' title='bbox 206 90 249 123; x_wconf 74' lang='lat'>16</span> <span class='ocrx_word' id='word_1_2' title='bbox 319 85 439 121; x_wconf 78' lang='lat' dir='ltr'>THF.</span> <span class='ocrx_word' id='word_1_3' title='bbox 472 78 830 119; x_wconf 56' lang='lat' dir='ltr'>cOMMISSION</span> <span class='ocrx_word' id='word_1_4' title='bbox 864 77 935 115; x_wconf 74' lang='lat' dir='ltr'>OF</span> <span class='ocrx_word' id='word_1_5' title='bbox 969 73 1374 113; x_wconf 82' lang='lat' dir='ltr'>INDULGENCES</span> <span class='ocrx_word' id='word_1_6' title='bbox 1406 72 1481 110; x_wconf 85' lang='lat' dir='ltr'>TO</span> <span class='ocrx_word' id='word_1_7' title='bbox 1566 72 1592 108; x_wconf 88' lang='lat'>6</span> 
     </span>
    </p>
   </div>
   <div class='ocr_carea' id='block_1_2' title="bbox 200 175 1608 2493">
    <p class='ocr_par' dir='ltr' id='par_1_2' title="bbox 200 175 1594 294">
     <span class='ocr_line' id='line_1_2' title="bbox 200 175 1594 234; baseline -0.012 -5"><span class='ocrx_word' id='word_1_8' title='bbox 200 188 396 234; x_wconf 81' lang='lat' dir='ltr'>castitatis,</span> <span class='ocrx_word' id='word_1_9' title='bbox 429 186 527 224; x_wconf 79' lang='lat' dir='ltr'>votis</span> <span class='ocrx_word' id='word_1_10' title='bbox 560 182 784 222; x_wconf 85' lang='lat' dir='ltr'>solemniter</span> <span class='ocrx_word' id='word_1_11' title='bbox 814 179 965 218; x_wconf 79' lang='lat' dir='ltr'>emissis</span> <span class='ocrx_word' id='word_1_12' title='bbox 1006 180 1195 216; x_wconf 78' lang='lat' dir='ltr'>duntaxat</span> <span class='ocrx_word' id='word_1_13' title='bbox 1225 176 1415 227; x_wconf 87' lang='lat' dir='ltr'>exceptis)</span> <span class='ocrx_word' id='word_1_14' title='bbox 1446 176 1485 213; x_wconf 92' lang='lat' dir='ltr'>in</span> <span class='ocrx_word' id='word_1_15' title='bbox 1519 175 1594 213; x_wconf 85' lang='lat' dir='ltr'>alia</span> 
     </span>
     <span class='ocr_line' id='line_1_3' title="bbox 201 233 937 294; baseline -0.015 -12"><span class='ocrx_word' id='word_1_16' title='bbox 201 242 354 294; x_wconf 88' lang='lat' dir='ltr'>pietatis</span> <span class='ocrx_word' id='word_1_17' title='bbox 384 253 502 290; x_wconf 88' lang='lat' dir='ltr'>opera</span> <span class='ocrx_word' id='word_1_18' title='bbox 531 244 775 276; x_wconf 90' lang='lat' dir='ltr'>commutare</span> <span class='ocrx_word' id='word_1_19' title='bbox 804 233 937 285; x_wconf 86' lang='lat' dir='ltr'>possit.</span> 
     </span>
    </p>

    <p class='ocr_par' dir='ltr' id='par_1_3' title="bbox 201 283 1596 455">
     <span class='ocr_line' id='line_1_4' title="bbox 255 283 1595 345; baseline -0.01 -11"><span class='ocrx_word' id='word_1_20' title='bbox 255 299 297 333; x_wconf 85' lang='lat'>60</span> <span class='ocrx_word' id='word_1_21' title='bbox 318 294 385 345; x_wconf 86' lang='lat' dir='ltr'>qui</span> <span class='ocrx_word' id='word_1_22' title='bbox 413 291 681 332; x_wconf 80' lang='lat' dir='ltr'>Eucharistiae</span> <span class='ocrx_word' id='word_1_23' title='bbox 708 295 996 328; x_wconf 86' lang='lat' dir='ltr'>sacramentum</span> <span class='ocrx_word' id='word_1_24' title='bbox 1022 285 1133 324; x_wconf 90' lang='lat' dir='ltr'>omni</span> <span class='ocrx_word' id='word_1_25' title='bbox 1159 292 1336 335; x_wconf 89' lang='lat' dir='ltr'>tempore</span> <span class='ocrx_word' id='word_1_26' title='bbox 1363 283 1467 330; x_wconf 88' lang='lat' dir='ltr'>anni,</span> <span class='ocrx_word' id='word_1_27' title='bbox 1490 295 1595 332; x_wconf 89' lang='lat' dir='ltr'>prae-</span> 
     </span>
     <span class='ocr_line' id='line_1_5' title="bbox 201 336 1596 400; baseline -0.011 -11"><span class='ocrx_word' id='word_1_28' title='bbox 201 358 377 400; x_wconf 83' lang='lat' dir='ltr'>terquam</span> <span class='ocrx_word' id='word_1_29' title='bbox 408 348 449 386; x_wconf 92' lang='lat' dir='ltr'>in</span> <span class='ocrx_word' id='word_1_30' title='bbox 480 346 544 386; x_wconf 88' lang='lat' dir='ltr'>die</span> <span class='ocrx_word' id='word_1_31' title='bbox 577 345 762 391; x_wconf 78' lang='lat' dir='ltr'>Paschae,</span> <span class='ocrx_word' id='word_1_32' title='bbox 795 350 832 381; x_wconf 92' lang='lat' dir='ltr'>et</span> <span class='ocrx_word' id='word_1_33' title='bbox 865 341 905 380; x_wconf 90' lang='lat' dir='ltr'>in</span> <span class='ocrx_word' id='word_1_34' title='bbox 941 339 1076 379; x_wconf 89' lang='lat' dir='ltr'>mortis</span> <span class='ocrx_word' id='word_1_35' title='bbox 1102 339 1267 378; x_wconf 90' lang='lat' dir='ltr'>articulo</span> <span class='ocrx_word' id='word_1_36' title='bbox 1291 339 1347 377; x_wconf 91' lang='lat' dir='ltr'>eis</span> <span class='ocrx_word' id='word_1_37' title='bbox 1378 336 1596 375; x_wconf 90' lang='lat' dir='ltr'>ministrare</span> 
     </span>
     <span class='ocr_line' id='line_1_6' title="bbox 201 405 333 455; baseline -0.008 -12"><span class='ocrx_word' id='word_1_38' title='bbox 201 405 333 455; x_wconf 86' lang='lat' dir='ltr'>possit.</span> 
     </span>
    </p>

    <p class='ocr_par' dir='ltr' id='par_1_4' title="bbox 203 444 1598 724">
     <span class='ocr_line' id='line_1_7' title="bbox 254 444 1594 503; baseline -0.011 -6"><span class='ocrx_word' id='word_1_39' title='bbox 254 456 467 497; x_wconf 88' lang='lat' dir='ltr'>Statuimus</span> <span class='ocrx_word' id='word_1_40' title='bbox 486 462 618 493; x_wconf 88' lang='lat' dir='ltr'>autem</span> <span class='ocrx_word' id='word_1_41' title='bbox 636 453 744 503; x_wconf 85' lang='lat' dir='ltr'>quod</span> <span class='ocrx_word' id='word_1_42' title='bbox 766 464 889 489; x_wconf 87' lang='lat' dir='ltr'>unum</span> <span class='ocrx_word' id='word_1_43' title='bbox 906 463 953 488; x_wconf 82' lang='lat' dir='ltr'>ex</span> <span class='ocrx_word' id='word_1_44' title='bbox 972 446 1201 487; x_wconf 89' lang='lat' dir='ltr'>huiusmodi</span> <span class='ocrx_word' id='word_1_45' title='bbox 1215 444 1594 492; x_wconf 89' lang='lat' dir='ltr'>Confessionalibus‚</span> 
     </span>
     <span class='ocr_line' id='line_1_8' title="bbox 203 500 1595 563; baseline -0.011 -12"><span class='ocrx_word' id='word_1_46' title='bbox 203 520 396 563; x_wconf 87' lang='lat' dir='ltr'>quatenus</span> <span class='ocrx_word' id='word_1_47' title='bbox 420 521 611 560; x_wconf 82' lang='lat' dir='ltr'>pauperes</span> <span class='ocrx_word' id='word_1_48' title='bbox 637 520 660 545; x_wconf 91' lang='lat' dir='ltr'>a</span> <span class='ocrx_word' id='word_1_49' title='bbox 683 504 813 556; x_wconf 89' lang='lat' dir='ltr'>gratiis</span> <span class='ocrx_word' id='word_1_50' title='bbox 843 504 883 542; x_wconf 89' lang='lat' dir='ltr'>in</span> <span class='ocrx_word' id='word_1_51' title='bbox 913 517 961 542; x_wconf 90' lang='lat' dir='ltr'>eo</span> <span class='ocrx_word' id='word_1_52' title='bbox 991 501 1187 541; x_wconf 89' lang='lat' dir='ltr'>contentis</span> <span class='ocrx_word' id='word_1_53' title='bbox 1217 514 1299 539; x_wconf 92' lang='lat' dir='ltr'>non</span> <span class='ocrx_word' id='word_1_54' title='bbox 1327 500 1595 546; x_wconf 86' lang='lat' dir='ltr'>excludantur,</span> 
     </span>
     <span class='ocr_line' id='line_1_9' title="bbox 203 552 1598 616; baseline -0.01 -11"><span class='ocrx_word' id='word_1_55' title='bbox 203 580 273 616; x_wconf 87' lang='lat' dir='ltr'>pro</span> <span class='ocrx_word' id='word_1_56' title='bbox 289 572 426 616; x_wconf 87' lang='lat' dir='ltr'>quarta</span> <span class='ocrx_word' id='word_1_57' title='bbox 445 571 554 613; x_wconf 89' lang='lat' dir='ltr'>parte</span> <span class='ocrx_word' id='word_1_58' title='bbox 573 562 679 600; x_wconf 87' lang='lat' dir='ltr'>aurei</span> <span class='ocrx_word' id='word_1_59' title='bbox 700 560 835 598; x_wconf 89' lang='lat' dir='ltr'>fioreni</span> <span class='ocrx_word' id='word_1_60' title='bbox 859 555 1084 596; x_wconf 89' lang='lat' dir='ltr'>Rhenensis</span> <span class='ocrx_word' id='word_1_61' title='bbox 1105 555 1189 595; x_wconf 88' lang='lat' dir='ltr'>dari</span> <span class='ocrx_word' id='word_1_62' title='bbox 1218 562 1257 593; x_wconf 93' lang='lat' dir='ltr'>et</span> <span class='ocrx_word' id='word_1_63' title='bbox 1277 552 1458 593; x_wconf 84' lang='lat' dir='ltr'>distribui</span> <span class='ocrx_word' id='word_1_64' title='bbox 1478 553 1598 592; x_wconf 90' lang='lat' dir='ltr'>debet</span> 
     </span>
     <span class='ocr_line' id='line_1_10' title="bbox 204 606 1598 669; baseline -0.011 -10"><span class='ocrx_word' id='word_1_65' title='bbox 204 651 211 658; x_wconf 92' lang='lat'>.</span> <span class='ocrx_word' id='word_1_66' title='bbox 236 650 243 658; x_wconf 91' lang='lat'>.</span> <span class='ocrx_word' id='word_1_67' title='bbox 268 651 275 658; x_wconf 93' lang='lat'>.</span> <span class='ocrx_word' id='word_1_68' title='bbox 296 620 405 669; x_wconf 83' lang='lat' dir='ltr'>quod</span> <span class='ocrx_word' id='word_1_69' title='bbox 426 617 586 668; x_wconf 83' lang='lat' dir='ltr'>quidem</span> <span class='ocrx_word' id='word_1_70' title='bbox 611 616 698 666; x_wconf 89' lang='lat' dir='ltr'>plus</span> <span class='ocrx_word' id='word_1_71' title='bbox 725 615 825 652; x_wconf 88' lang='lat' dir='ltr'>ultra</span> <span class='ocrx_word' id='word_1_72' title='bbox 851 620 980 651; x_wconf 83' lang='lat' dir='ltr'>taxam</span> <span class='ocrx_word' id='word_1_73' title='bbox 1005 611 1244 649; x_wconf 86' lang='lat' dir='ltr'>ordinariam</span> <span class='ocrx_word' id='word_1_74' title='bbox 1268 608 1309 646; x_wconf 89' lang='lat' dir='ltr'>in</span> <span class='ocrx_word' id='word_1_75' title='bbox 1333 620 1451 658; x_wconf 88' lang='lat' dir='ltr'>capsa</span> <span class='ocrx_word' id='word_1_76' title='bbox 1472 606 1598 646; x_wconf 91' lang='lat' dir='ltr'>indul-</span> 
     </span>
     <span class='ocr_line' id='line_1_11' title="bbox 203 669 1408 724; baseline -0.012 -11"><span class='ocrx_word' id='word_1_77' title='bbox 203 673 420 724; x_wconf 86' lang='lat' dir='ltr'>gentiarum</span> <span class='ocrx_word' id='word_1_78' title='bbox 442 671 591 721; x_wconf 91' lang='lat' dir='ltr'>imponi</span> <span class='ocrx_word' id='word_1_79' title='bbox 612 669 731 708; x_wconf 92' lang='lat' dir='ltr'>debet</span> <span class='ocrx_word' id='word_1_80' title='bbox 752 699 759 706; x_wconf 93' lang='lat'>.</span> <span class='ocrx_word' id='word_1_81' title='bbox 785 698 791 706; x_wconf 93' lang='lat'>.</span> <span class='ocrx_word' id='word_1_82' title='bbox 816 698 822 705; x_wconf 89' lang='lat'>.</span> <span class='ocrx_word' id='word_1_83' title='bbox 1404 705 1408 707; x_wconf 47' lang='grc'><strong>,</strong></span> 
     </span>
    </p>

    <p class='ocr_par' dir='ltr' id='par_1_5' title="bbox 205 716 1604 1418">
     <span class='ocr_line' id='line_1_12' title="bbox 259 716 1597 776; baseline -0.009 -11"><span class='ocrx_word' id='word_1_84' title='bbox 259 728 391 765; x_wconf 90' lang='lat' dir='ltr'>Tertia</span> <span class='ocrx_word' id='word_1_85' title='bbox 421 723 645 776; x_wconf 89' lang='lat' dir='ltr'>principalis</span> <span class='ocrx_word' id='word_1_86' title='bbox 675 721 796 773; x_wconf 83' lang='lat' dir='ltr'>gratia</span> <span class='ocrx_word' id='word_1_87' title='bbox 827 728 884 759; x_wconf 87' lang='lat' dir='ltr'>est</span> <span class='ocrx_word' id='word_1_88' title='bbox 916 717 1164 770; x_wconf 86' lang='lat' dir='ltr'>participatio</span> <span class='ocrx_word' id='word_1_89' title='bbox 1191 716 1368 755; x_wconf 85' lang='lat' dir='ltr'>omnium</span> <span class='ocrx_word' id='word_1_90' title='bbox 1400 716 1597 755; x_wconf 89' lang='lat' dir='ltr'>bonorum</span> 
     </span>
     <span class='ocr_line' id='line_1_13' title="bbox 205 770 1598 826; baseline -0.009 -6"><span class='ocrx_word' id='word_1_91' title='bbox 205 781 393 820; x_wconf 85' lang='lat' dir='ltr'>ecclesiae</span> <span class='ocrx_word' id='word_1_92' title='bbox 419 777 658 824; x_wconf 88' lang='lat' dir='ltr'>universalis,</span> <span class='ocrx_word' id='word_1_93' title='bbox 681 788 782 826; x_wconf 82' lang='lat' dir='ltr'>quae</span> <span class='ocrx_word' id='word_1_94' title='bbox 809 775 848 812; x_wconf 92' lang='lat' dir='ltr'>in</span> <span class='ocrx_word' id='word_1_95' title='bbox 875 776 951 812; x_wconf 87' lang='lat' dir='ltr'>hoc</span> <span class='ocrx_word' id='word_1_96' title='bbox 976 781 1050 812; x_wconf 88' lang='lat' dir='ltr'>stat</span> <span class='ocrx_word' id='word_1_97' title='bbox 1071 773 1180 823; x_wconf 83' lang='lat' dir='ltr'>quod</span> <span class='ocrx_word' id='word_1_98' title='bbox 1204 770 1504 814; x_wconf 84' lang='lat' dir='ltr'>contribuentes</span> <span class='ocrx_word' id='word_1_99' title='bbox 1527 782 1598 820; x_wconf 89' lang='lat' dir='ltr'>pro</span> 
     </span>
     <span class='ocr_line' id='line_1_14' title="bbox 206 825 1600 880; baseline -0.009 -6"><span class='ocrx_word' id='word_1_100' title='bbox 206 835 311 874; x_wconf 88' lang='lat' dir='ltr'>dicta</span> <span class='ocrx_word' id='word_1_101' title='bbox 330 834 476 873; x_wconf 86' lang='lat' dir='ltr'>fabrica</span> <span class='ocrx_word' id='word_1_102' title='bbox 495 845 541 871; x_wconf 90' lang='lat' dir='ltr'>ac</span> <span class='ocrx_word' id='word_1_103' title='bbox 561 844 697 870; x_wconf 89' lang='lat' dir='ltr'>eorum</span> <span class='ocrx_word' id='word_1_104' title='bbox 719 837 899 880; x_wconf 90' lang='lat' dir='ltr'>parentes</span> <span class='ocrx_word' id='word_1_105' title='bbox 920 828 1095 866; x_wconf 77' lang='lat' dir='ltr'>defuncti</span> <span class='ocrx_word' id='word_1_106' title='bbox 1116 825 1184 876; x_wconf 87' lang='lat' dir='ltr'>qui</span> <span class='ocrx_word' id='word_1_107' title='bbox 1204 827 1245 863; x_wconf 91' lang='lat' dir='ltr'>in</span> <span class='ocrx_word' id='word_1_108' title='bbox 1264 825 1453 863; x_wconf 83' lang='lat' dir='ltr'>charitate</span> <span class='ocrx_word' id='word_1_109' title='bbox 1468 825 1600 862; x_wconf 91' lang='lat' dir='ltr'>deces-</span> 
     </span>
     <span class='ocr_line' id='line_1_15' title="bbox 206 878 1598 935; baseline -0.009 -8"><span class='ocrx_word' id='word_1_110' title='bbox 206 897 338 928; x_wconf 87' lang='lat' dir='ltr'>serunt</span> <span class='ocrx_word' id='word_1_111' title='bbox 358 900 463 926; x_wconf 88' lang='lat' dir='ltr'>nunc</span> <span class='ocrx_word' id='word_1_112' title='bbox 478 894 515 925; x_wconf 90' lang='lat' dir='ltr'>et</span> <span class='ocrx_word' id='word_1_113' title='bbox 531 887 569 924; x_wconf 87' lang='lat' dir='ltr'>in</span> <span class='ocrx_word' id='word_1_114' title='bbox 587 892 818 935; x_wconf 90' lang='lat' dir='ltr'>perpetuum</span> <span class='ocrx_word' id='word_1_115' title='bbox 836 882 1126 933; x_wconf 88' lang='lat' dir='ltr'>participabunt</span> <span class='ocrx_word' id='word_1_116' title='bbox 1146 881 1187 918; x_wconf 91' lang='lat' dir='ltr'>in</span> <span class='ocrx_word' id='word_1_117' title='bbox 1199 878 1384 918; x_wconf 89' lang='lat' dir='ltr'>omnibus</span> <span class='ocrx_word' id='word_1_118' title='bbox 1404 878 1598 928; x_wconf 88' lang='lat' dir='ltr'>precibus,</span> 
     </span>
     <span class='ocr_line' id='line_1_16' title="bbox 207 931 1599 992; baseline -0.009 -11"><span class='ocrx_word' id='word_1_119' title='bbox 207 942 405 992; x_wconf 82' lang='lat' dir='ltr'>suffragiis,</span> <span class='ocrx_word' id='word_1_120' title='bbox 439 939 709 989; x_wconf 86' lang='lat' dir='ltr'>eleemosynis,</span> <span class='ocrx_word' id='word_1_121' title='bbox 737 936 901 984; x_wconf 87' lang='lat' dir='ltr'>ieiuniis,</span> <span class='ocrx_word' id='word_1_122' title='bbox 931 934 1187 981; x_wconf 88' lang='lat' dir='ltr'>orationibus,</span> <span class='ocrx_word' id='word_1_123' title='bbox 1219 931 1599 983; x_wconf 85' lang='lat' dir='ltr'>peregrinationibus</span> 
     </span>
     <span class='ocr_line' id='line_1_17' title="bbox 207 985 1598 1046; baseline -0.008 -12"><span class='ocrx_word' id='word_1_124' title='bbox 207 997 510 1046; x_wconf 80' lang='lat' dir='ltr'>quibuscunque</span> <span class='ocrx_word' id='word_1_125' title='bbox 525 993 642 1032; x_wconf 82' lang='lat' dir='ltr'>etiam</span> <span class='ocrx_word' id='word_1_126' title='bbox 659 994 709 1031; x_wconf 82' lang='lat' dir='ltr'>ad</span> <span class='ocrx_word' id='word_1_127' title='bbox 725 1000 866 1030; x_wconf 87' lang='lat' dir='ltr'>terram</span> <span class='ocrx_word' id='word_1_128' title='bbox 887 997 1076 1035; x_wconf 86' lang='lat' dir='ltr'>sanctam,</span> <span class='ocrx_word' id='word_1_129' title='bbox 1093 987 1408 1036; x_wconf 89' lang='lat' dir='ltr'>stationibusque</span> <span class='ocrx_word' id='word_1_130' title='bbox 1422 987 1463 1024; x_wconf 90' lang='lat' dir='ltr'>in</span> <span class='ocrx_word' id='word_1_131' title='bbox 1476 985 1598 1032; x_wconf 88' lang='lat' dir='ltr'>Urbe,</span> 
     </span>
     <span class='ocr_line' id='line_1_18' title="bbox 209 1038 1602 1096; baseline -0.009 -8"><span class='ocrx_word' id='word_1_132' title='bbox 209 1050 345 1096; x_wconf 85' lang='lat' dir='ltr'>missis,</span> <span class='ocrx_word' id='word_1_133' title='bbox 370 1048 473 1086; x_wconf 86' lang='lat' dir='ltr'>horis</span> <span class='ocrx_word' id='word_1_134' title='bbox 494 1048 704 1093; x_wconf 86' lang='lat' dir='ltr'>canonicis,</span> <span class='ocrx_word' id='word_1_135' title='bbox 727 1043 944 1095; x_wconf 88' lang='lat' dir='ltr'>disciplinis</span> <span class='ocrx_word' id='word_1_136' title='bbox 972 1052 1009 1082; x_wconf 86' lang='lat' dir='ltr'>et</span> <span class='ocrx_word' id='word_1_137' title='bbox 1034 1043 1172 1082; x_wconf 89' lang='lat' dir='ltr'>ceteris</span> <span class='ocrx_word' id='word_1_138' title='bbox 1192 1040 1379 1080; x_wconf 91' lang='lat' dir='ltr'>omnibus</span> <span class='ocrx_word' id='word_1_139' title='bbox 1399 1038 1602 1090; x_wconf 89' lang='lat' dir='ltr'>spirituali-</span> 
     </span>
     <span class='ocr_line' id='line_1_19' title="bbox 209 1095 1603 1152; baseline -0.009 -9"><span class='ocrx_word' id='word_1_140' title='bbox 209 1105 281 1142; x_wconf 91' lang='lat' dir='ltr'>bus</span> <span class='ocrx_word' id='word_1_141' title='bbox 303 1104 416 1142; x_wconf 87' lang='lat' dir='ltr'>bonis</span> <span class='ocrx_word' id='word_1_142' title='bbox 437 1115 537 1152; x_wconf 83' lang='lat' dir='ltr'>quae</span> <span class='ocrx_word' id='word_1_143' title='bbox 559 1102 656 1138; x_wconf 83' lang='lat' dir='ltr'>fiunt</span> <span class='ocrx_word' id='word_1_144' title='bbox 681 1107 718 1138; x_wconf 90' lang='lat' dir='ltr'>et</span> <span class='ocrx_word' id='word_1_145' title='bbox 739 1100 820 1137; x_wconf 87' lang='lat' dir='ltr'>fieri</span> <span class='ocrx_word' id='word_1_146' title='bbox 844 1106 1030 1148; x_wconf 89' lang='lat' dir='ltr'>poterunt</span> <span class='ocrx_word' id='word_1_147' title='bbox 1057 1098 1097 1135; x_wconf 90' lang='lat' dir='ltr'>in</span> <span class='ocrx_word' id='word_1_148' title='bbox 1120 1095 1329 1134; x_wconf 86' lang='lat' dir='ltr'>universali</span> <span class='ocrx_word' id='word_1_149' title='bbox 1354 1100 1603 1133; x_wconf 86' lang='lat' dir='ltr'>sacrosancta</span> 
     </span>
     <span class='ocr_line' id='line_1_20' title="bbox 208 1147 1604 1202; baseline -0.008 -6"><span class='ocrx_word' id='word_1_150' title='bbox 208 1157 372 1196; x_wconf 88' lang='lat' dir='ltr'>ecclesia</span> <span class='ocrx_word' id='word_1_151' title='bbox 392 1156 593 1202; x_wconf 83' lang='lat' dir='ltr'>militante,</span> <span class='ocrx_word' id='word_1_152' title='bbox 618 1162 655 1193; x_wconf 90' lang='lat' dir='ltr'>et</span> <span class='ocrx_word' id='word_1_153' title='bbox 677 1153 861 1192; x_wconf 90' lang='lat' dir='ltr'>omnibus</span> <span class='ocrx_word' id='word_1_154' title='bbox 883 1152 965 1190; x_wconf 88' lang='lat' dir='ltr'>eius</span> <span class='ocrx_word' id='word_1_155' title='bbox 990 1150 1187 1189; x_wconf 88' lang='lat' dir='ltr'>membris.</span> <span class='ocrx_word' id='word_1_156' title='bbox 1248 1151 1379 1198; x_wconf 88' lang='lat' dir='ltr'>Quam</span> <span class='ocrx_word' id='word_1_157' title='bbox 1401 1147 1604 1198; x_wconf 88' lang='lat' dir='ltr'>participa-</span> 
     </span>
     <span class='ocr_line' id='line_1_21' title="bbox 208 1201 1603 1257; baseline -0.007 -7"><span class='ocrx_word' id='word_1_158' title='bbox 208 1212 356 1250; x_wconf 88' lang='lat' dir='ltr'>tionem</span> <span class='ocrx_word' id='word_1_159' title='bbox 378 1212 513 1249; x_wconf 88' lang='lat' dir='ltr'>fideles</span> <span class='ocrx_word' id='word_1_160' title='bbox 534 1218 627 1248; x_wconf 91' lang='lat' dir='ltr'>tunc</span> <span class='ocrx_word' id='word_1_161' title='bbox 648 1214 945 1257; x_wconf 89' lang='lat' dir='ltr'>consequuntur</span> <span class='ocrx_word' id='word_1_162' title='bbox 966 1205 1127 1255; x_wconf 88' lang='lat' dir='ltr'>quando</span> <span class='ocrx_word' id='word_1_163' title='bbox 1146 1203 1275 1242; x_wconf 89' lang='lat' dir='ltr'>literas</span> <span class='ocrx_word' id='word_1_164' title='bbox 1295 1201 1603 1241; x_wconf 87' lang='lat' dir='ltr'>confessionales</span> 
     </span>
     <span class='ocr_line' id='line_1_22' title="bbox 209 1257 1603 1312; baseline -0.008 -8"><span class='ocrx_word' id='word_1_165' title='bbox 209 1265 416 1304; x_wconf 89' lang='lat' dir='ltr'>redimunt.</span> <span class='ocrx_word' id='word_1_166' title='bbox 462 1263 577 1304; x_wconf 89' lang='lat' dir='ltr'>Circa</span> <span class='ocrx_word' id='word_1_167' title='bbox 592 1276 711 1312; x_wconf 85' lang='lat' dir='ltr'>quam</span> <span class='ocrx_word' id='word_1_168' title='bbox 732 1262 957 1299; x_wconf 85' lang='lat' dir='ltr'>facultatem</span> <span class='ocrx_word' id='word_1_169' title='bbox 977 1258 1269 1297; x_wconf 88' lang='lat' dir='ltr'>Praedicatores</span> <span class='ocrx_word' id='word_1_170' title='bbox 1290 1264 1328 1294; x_wconf 92' lang='lat' dir='ltr'>et</span> <span class='ocrx_word' id='word_1_171' title='bbox 1345 1257 1603 1295; x_wconf 87' lang='lat' dir='ltr'>Confessores</span> 
     </span>
     <span class='ocr_line' id='line_1_23' title="bbox 210 1309 1603 1369; baseline -0.008 -11"><span class='ocrx_word' id='word_1_172' title='bbox 210 1332 459 1369; x_wconf 86' lang='lat' dir='ltr'>summopere</span> <span class='ocrx_word' id='word_1_173' title='bbox 481 1317 658 1355; x_wconf 88' lang='lat' dir='ltr'>insistere</span> <span class='ocrx_word' id='word_1_174' title='bbox 678 1313 1036 1362; x_wconf 81' lang='lat' dir='ltr'>debent,fidelibus</span> <span class='ocrx_word' id='word_1_175' title='bbox 1057 1312 1333 1363; x_wconf 87' lang='lat' dir='ltr'>persuadendo</span> <span class='ocrx_word' id='word_1_176' title='bbox 1349 1323 1399 1348; x_wconf 93' lang='lat' dir='ltr'>ne</span> <span class='ocrx_word' id='word_1_177' title='bbox 1420 1309 1544 1360; x_wconf 86' lang='lat' dir='ltr'>ipsam</span> <span class='ocrx_word' id='word_1_178' title='bbox 1566 1318 1603 1349; x_wconf 90' lang='lat' dir='ltr'>et</span> 
     </span>
     <span class='ocr_line' id='line_1_24' title="bbox 209 1368 1301 1418; baseline -0.008 -7"><span class='ocrx_word' id='word_1_179' title='bbox 209 1373 495 1411; x_wconf 87' lang='lat' dir='ltr'>confessionale</span> <span class='ocrx_word' id='word_1_180' title='bbox 515 1370 706 1409; x_wconf 88' lang='lat' dir='ltr'>redimere</span> <span class='ocrx_word' id='word_1_181' title='bbox 726 1368 934 1418; x_wconf 86' lang='lat' dir='ltr'>negligant.</span> <span class='ocrx_word' id='word_1_182' title='bbox 1294 1383 1301 1389; x_wconf 50' lang='grc' dir='ltr'>ν</span> 
     </span>
    </p>

    <p class='ocr_par' dir='ltr' id='par_1_6' title="bbox 210 1417 1605 1579">
     <span class='ocr_line' id='line_1_25' title="bbox 268 1417 1604 1472; baseline -0.007 -8"><span class='ocrx_word' id='word_1_183' title='bbox 268 1428 522 1465; x_wconf 85' lang='lat' dir='ltr'>Declaramus</span> <span class='ocrx_word' id='word_1_184' title='bbox 553 1424 671 1462; x_wconf 89' lang='lat' dir='ltr'>etiam</span> <span class='ocrx_word' id='word_1_185' title='bbox 709 1423 818 1472; x_wconf 86' lang='lat' dir='ltr'>quod</span> <span class='ocrx_word' id='word_1_186' title='bbox 857 1434 926 1472; x_wconf 89' lang='lat' dir='ltr'>pro</span> <span class='ocrx_word' id='word_1_187' title='bbox 961 1419 1075 1459; x_wconf 90' lang='lat' dir='ltr'>dictis</span> <span class='ocrx_word' id='word_1_188' title='bbox 1114 1419 1269 1458; x_wconf 89' lang='lat' dir='ltr'>duabus</span> <span class='ocrx_word' id='word_1_189' title='bbox 1303 1417 1434 1467; x_wconf 90' lang='lat' dir='ltr'>gratiis</span> <span class='ocrx_word' id='word_1_190' title='bbox 1462 1417 1604 1468; x_wconf 90' lang='lat' dir='ltr'>princi-</span> 
     </span>
     <span class='ocr_line' id='line_1_26' title="bbox 211 1472 1605 1531; baseline -0.006 -12"><span class='ocrx_word' id='word_1_191' title='bbox 211 1481 364 1531; x_wconf 85' lang='lat' dir='ltr'>palibus</span> <span class='ocrx_word' id='word_1_192' title='bbox 388 1479 679 1527; x_wconf 81' lang='lat' dir='ltr'>consequendis</span> <span class='ocrx_word' id='word_1_193' title='bbox 710 1490 791 1515; x_wconf 90' lang='lat' dir='ltr'>non</span> <span class='ocrx_word' id='word_1_194' title='bbox 820 1483 877 1514; x_wconf 89' lang='lat' dir='ltr'>est</span> <span class='ocrx_word' id='word_1_195' title='bbox 908 1487 1007 1524; x_wconf 90' lang='lat' dir='ltr'>opus</span> <span class='ocrx_word' id='word_1_196' title='bbox 1032 1472 1220 1520; x_wconf 88' lang='lat' dir='ltr'>confiteri,</span> <span class='ocrx_word' id='word_1_197' title='bbox 1244 1485 1313 1511; x_wconf 89' lang='lat' dir='ltr'>seu</span> <span class='ocrx_word' id='word_1_198' title='bbox 1332 1473 1518 1511; x_wconf 88' lang='lat' dir='ltr'>ecclesias</span> <span class='ocrx_word' id='word_1_199' title='bbox 1538 1480 1605 1510; x_wconf 88' lang='lat' dir='ltr'>aut</span> 
     </span>
     <span class='ocr_line' id='line_1_27' title="bbox 210 1526 1467 1579; baseline -0.007 -7"><span class='ocrx_word' id='word_1_200' title='bbox 210 1534 344 1573; x_wconf 82' lang='lat' dir='ltr'>altaria</span> <span class='ocrx_word' id='word_1_201' title='bbox 364 1533 528 1579; x_wconf 88' lang='lat' dir='ltr'>visitare,</span> <span class='ocrx_word' id='word_1_202' title='bbox 551 1533 621 1570; x_wconf 85' lang='lat' dir='ltr'>sed</span> <span class='ocrx_word' id='word_1_203' title='bbox 641 1533 829 1569; x_wconf 86' lang='lat' dir='ltr'>duntaxat</span> <span class='ocrx_word' id='word_1_204' title='bbox 850 1529 1138 1567; x_wconf 90' lang='lat' dir='ltr'>confessionale</span> <span class='ocrx_word' id='word_1_205' title='bbox 1157 1526 1349 1565; x_wconf 87' lang='lat' dir='ltr'>redimere</span> <span class='ocrx_word' id='word_1_206' title='bbox 1380 1557 1386 1564; x_wconf 96' lang='lat'>.</span> <span class='ocrx_word' id='word_1_207' title='bbox 1420 1557 1427 1564; x_wconf 92' lang='lat'>.</span> <span class='ocrx_word' id='word_1_208' title='bbox 1460 1556 1467 1564; x_wconf 92' lang='lat'>.</span> 
     </span>
    </p>

    <p class='ocr_par' dir='ltr' id='par_1_7' title="bbox 212 1579 1607 2115">
     <span class='ocr_line' id='line_1_28' title="bbox 267 1579 1605 1637; baseline -0.007 -12"><span class='ocrx_word' id='word_1_209' title='bbox 267 1589 416 1637; x_wconf 85' lang='lat' dir='ltr'>Quarta</span> <span class='ocrx_word' id='word_1_210' title='bbox 456 1585 679 1636; x_wconf 83' lang='lat' dir='ltr'>principalis</span> <span class='ocrx_word' id='word_1_211' title='bbox 717 1583 837 1633; x_wconf 88' lang='lat' dir='ltr'>gratia</span> <span class='ocrx_word' id='word_1_212' title='bbox 875 1591 933 1621; x_wconf 89' lang='lat' dir='ltr'>est</span> <span class='ocrx_word' id='word_1_213' title='bbox 971 1595 1042 1632; x_wconf 90' lang='lat' dir='ltr'>pro</span> <span class='ocrx_word' id='word_1_214' title='bbox 1075 1580 1282 1619; x_wconf 86' lang='lat' dir='ltr'>animabus</span> <span class='ocrx_word' id='word_1_215' title='bbox 1312 1580 1351 1618; x_wconf 91' lang='lat' dir='ltr'>in</span> <span class='ocrx_word' id='word_1_216' title='bbox 1381 1579 1605 1630; x_wconf 85' lang='lat' dir='ltr'>purgatorio</span> 
     </span>
     <span class='ocr_line' id='line_1_29' title="bbox 213 1633 1604 1689; baseline -0.007 -9"><span class='ocrx_word' id='word_1_217' title='bbox 213 1641 480 1687; x_wconf 80' lang='lat' dir='ltr'>existentibus,</span> <span class='ocrx_word' id='word_1_218' title='bbox 526 1638 698 1689; x_wconf 86' lang='lat' dir='ltr'>plenaria</span> <span class='ocrx_word' id='word_1_219' title='bbox 738 1637 916 1676; x_wconf 85' lang='lat' dir='ltr'>omnium</span> <span class='ocrx_word' id='word_1_220' title='bbox 960 1643 1212 1686; x_wconf 89' lang='lat' dir='ltr'>peccatorum</span> <span class='ocrx_word' id='word_1_221' title='bbox 1254 1633 1442 1680; x_wconf 87' lang='lat' dir='ltr'>remissio,</span> <span class='ocrx_word' id='word_1_222' title='bbox 1485 1646 1604 1683; x_wconf 87' lang='lat' dir='ltr'>quam</span> 
     </span>
     <span class='ocr_line' id='line_1_30' title="bbox 212 1687 1606 1743; baseline -0.006 -9"><span class='ocrx_word' id='word_1_223' title='bbox 212 1694 482 1734; x_wconf 84' lang='lat' dir='ltr'>remissionem</span> <span class='ocrx_word' id='word_1_224' title='bbox 514 1696 619 1743; x_wconf 85' lang='lat' dir='ltr'>Papa</span> <span class='ocrx_word' id='word_1_225' title='bbox 648 1692 762 1731; x_wconf 87' lang='lat' dir='ltr'>dictis</span> <span class='ocrx_word' id='word_1_226' title='bbox 792 1690 998 1729; x_wconf 86' lang='lat' dir='ltr'>animabus</span> <span class='ocrx_word' id='word_1_227' title='bbox 1028 1689 1067 1727; x_wconf 88' lang='lat' dir='ltr'>in</span> <span class='ocrx_word' id='word_1_228' title='bbox 1097 1689 1320 1738; x_wconf 87' lang='lat' dir='ltr'>purgatorio</span> <span class='ocrx_word' id='word_1_229' title='bbox 1349 1687 1606 1726; x_wconf 84' lang='lat' dir='ltr'>existentibus</span> 
     </span>
     <span class='ocr_line' id='line_1_31' title="bbox 214 1741 1605 1799; baseline -0.006 -12"><span class='ocrx_word' id='word_1_230' title='bbox 214 1763 281 1799; x_wconf 90' lang='lat' dir='ltr'>per</span> <span class='ocrx_word' id='word_1_231' title='bbox 311 1749 475 1787; x_wconf 88' lang='lat' dir='ltr'>modum</span> <span class='ocrx_word' id='word_1_232' title='bbox 505 1747 671 1795; x_wconf 76' lang='lat' dir='ltr'>suffragii</span> <span class='ocrx_word' id='word_1_233' title='bbox 705 1746 862 1795; x_wconf 84' lang='lat' dir='ltr'>largitur</span> <span class='ocrx_word' id='word_1_234' title='bbox 892 1752 929 1783; x_wconf 88' lang='lat' dir='ltr'>et</span> <span class='ocrx_word' id='word_1_235' title='bbox 953 1742 1161 1790; x_wconf 81' lang='lat' dir='ltr'>concedit3</span> <span class='ocrx_word' id='word_1_236' title='bbox 1203 1741 1257 1780; x_wconf 90' lang='lat' dir='ltr'>ita</span> <span class='ocrx_word' id='word_1_237' title='bbox 1285 1741 1467 1781; x_wconf 90' lang='lat' dir='ltr'>videlicet</span> <span class='ocrx_word' id='word_1_238' title='bbox 1496 1742 1605 1791; x_wconf 86' lang='lat' dir='ltr'>quod</span> 
     </span>
     <span class='ocr_line' id='line_1_32' title="bbox 214 1796 1606 1853; baseline -0.006 -12"><span class='ocrx_word' id='word_1_239' title='bbox 214 1816 284 1853; x_wconf 93' lang='lat' dir='ltr'>pro</span> <span class='ocrx_word' id='word_1_240' title='bbox 313 1802 368 1841; x_wconf 92' lang='lat' dir='ltr'>eis</span> <span class='ocrx_word' id='word_1_241' title='bbox 397 1801 437 1838; x_wconf 90' lang='lat' dir='ltr'>in</span> <span class='ocrx_word' id='word_1_242' title='bbox 466 1814 623 1850; x_wconf 83' lang='lat' dir='ltr'>capsam</span> <span class='ocrx_word' id='word_1_243' title='bbox 653 1800 892 1837; x_wconf 89' lang='lat' dir='ltr'>contributio</span> <span class='ocrx_word' id='word_1_244' title='bbox 921 1811 989 1848; x_wconf 93' lang='lat' dir='ltr'>per</span> <span class='ocrx_word' id='word_1_245' title='bbox 1017 1799 1192 1835; x_wconf 81' lang='lat' dir='ltr'>viventes</span> <span class='ocrx_word' id='word_1_246' title='bbox 1222 1797 1288 1834; x_wconf 88' lang='lat' dir='ltr'>fiat</span> <span class='ocrx_word' id='word_1_247' title='bbox 1317 1796 1473 1845; x_wconf 89' lang='lat' dir='ltr'>qualem</span> <span class='ocrx_word' id='word_1_248' title='bbox 1504 1807 1606 1833; x_wconf 88' lang='lat' dir='ltr'>unus</span> 
     </span>
     <span class='ocr_line' id='line_1_33' title="bbox 215 1850 1606 1903; baseline -0.006 -8"><span class='ocrx_word' id='word_1_249' title='bbox 215 1858 307 1895; x_wconf 87' lang='lat' dir='ltr'>dare</span> <span class='ocrx_word' id='word_1_250' title='bbox 335 1863 402 1893; x_wconf 88' lang='lat' dir='ltr'>aut</span> <span class='ocrx_word' id='word_1_251' title='bbox 432 1856 556 1893; x_wconf 85' lang='lat' dir='ltr'>facere</span> <span class='ocrx_word' id='word_1_252' title='bbox 580 1867 650 1903; x_wconf 87' lang='lat' dir='ltr'>pro</span> <span class='ocrx_word' id='word_1_253' title='bbox 677 1867 718 1891; x_wconf 86' lang='lat' dir='ltr'>se</span> <span class='ocrx_word' id='word_1_254' title='bbox 744 1853 906 1891; x_wconf 89' lang='lat' dir='ltr'>haberet</span> <span class='ocrx_word' id='word_1_255' title='bbox 927 1884 934 1890; x_wconf 91' lang='lat'>.</span> <span class='ocrx_word' id='word_1_256' title='bbox 960 1883 966 1890; x_wconf 94' lang='lat'>.</span> <span class='ocrx_word' id='word_1_257' title='bbox 990 1883 997 1890; x_wconf 91' lang='lat'>.</span> <span class='ocrx_word' id='word_1_258' title='bbox 1021 1882 1029 1889; x_wconf 91' lang='lat'>.</span> <span class='ocrx_word' id='word_1_259' title='bbox 1061 1852 1147 1889; x_wconf 90' lang='lat' dir='ltr'>Nec</span> <span class='ocrx_word' id='word_1_260' title='bbox 1168 1863 1267 1900; x_wconf 91' lang='lat' dir='ltr'>opus</span> <span class='ocrx_word' id='word_1_261' title='bbox 1294 1857 1352 1888; x_wconf 89' lang='lat' dir='ltr'>est</span> <span class='ocrx_word' id='word_1_262' title='bbox 1379 1850 1488 1899; x_wconf 88' lang='lat' dir='ltr'>quod</span> <span class='ocrx_word' id='word_1_263' title='bbox 1512 1861 1606 1887; x_wconf 88' lang='lat' dir='ltr'>con-</span> 
     </span>
     <span class='ocr_line' id='line_1_34' title="bbox 215 1903 1607 1958; baseline -0.006 -10"><span class='ocrx_word' id='word_1_264' title='bbox 215 1910 430 1948; x_wconf 89' lang='lat' dir='ltr'>tribuentes</span> <span class='ocrx_word' id='word_1_265' title='bbox 461 1921 531 1958; x_wconf 89' lang='lat' dir='ltr'>pro</span> <span class='ocrx_word' id='word_1_266' title='bbox 557 1907 764 1945; x_wconf 88' lang='lat' dir='ltr'>animabus</span> <span class='ocrx_word' id='word_1_267' title='bbox 793 1906 832 1944; x_wconf 91' lang='lat' dir='ltr'>in</span> <span class='ocrx_word' id='word_1_268' title='bbox 859 1919 1017 1956; x_wconf 83' lang='lat' dir='ltr'>capsam</span> <span class='ocrx_word' id='word_1_269' title='bbox 1049 1906 1126 1943; x_wconf 89' lang='lat' dir='ltr'>sint</span> <span class='ocrx_word' id='word_1_270' title='bbox 1153 1905 1272 1942; x_wconf 86' lang='lat' dir='ltr'>corde</span> <span class='ocrx_word' id='word_1_271' title='bbox 1295 1903 1451 1941; x_wconf 88' lang='lat' dir='ltr'>contriti</span> <span class='ocrx_word' id='word_1_272' title='bbox 1476 1909 1515 1941; x_wconf 87' lang='lat' dir='ltr'>et</span> <span class='ocrx_word' id='word_1_273' title='bbox 1540 1915 1607 1940; x_wconf 91' lang='lat' dir='ltr'>ore</span> 
     </span>
     <span class='ocr_line' id='line_1_35' title="bbox 216 1955 1607 2010; baseline -0.006 -8"><span class='ocrx_word' id='word_1_274' title='bbox 216 1962 395 2008; x_wconf 86' lang='lat' dir='ltr'>confessi,</span> <span class='ocrx_word' id='word_1_275' title='bbox 419 1975 509 2000; x_wconf 88' lang='lat' dir='ltr'>cum</span> <span class='ocrx_word' id='word_1_276' title='bbox 536 1960 622 1999; x_wconf 86' lang='lat' dir='ltr'>talis</span> <span class='ocrx_word' id='word_1_277' title='bbox 642 1960 762 2010; x_wconf 87' lang='lat' dir='ltr'>gratia</span> <span class='ocrx_word' id='word_1_278' title='bbox 782 1959 959 1998; x_wconf 87' lang='lat' dir='ltr'>charitati</span> <span class='ocrx_word' id='word_1_279' title='bbox 983 1961 1021 1996; x_wconf 94' lang='lat' dir='ltr'>in</span> <span class='ocrx_word' id='word_1_280' title='bbox 1047 1972 1124 2008; x_wconf 89' lang='lat' dir='ltr'>qua</span> <span class='ocrx_word' id='word_1_281' title='bbox 1148 1959 1358 1996; x_wconf 88' lang='lat' dir='ltr'>defunctus</span> <span class='ocrx_word' id='word_1_282' title='bbox 1379 1955 1548 1995; x_wconf 88' lang='lat' dir='ltr'>decessit</span> <span class='ocrx_word' id='word_1_283' title='bbox 1569 1964 1607 1994; x_wconf 90' lang='lat' dir='ltr'>et</span> 
     </span>
     <span class='ocr_line' id='line_1_36' title="bbox 217 2010 1606 2062; baseline -0.005 -7"><span class='ocrx_word' id='word_1_284' title='bbox 217 2015 497 2056; x_wconf 86' lang='lat' dir='ltr'>contributioni</span> <span class='ocrx_word' id='word_1_285' title='bbox 520 2014 682 2053; x_wconf 90' lang='lat' dir='ltr'>viventis</span> <span class='ocrx_word' id='word_1_286' title='bbox 704 2015 892 2052; x_wconf 85' lang='lat' dir='ltr'>duntaxat</span> <span class='ocrx_word' id='word_1_287' title='bbox 917 2013 1113 2059; x_wconf 89' lang='lat' dir='ltr'>innitatur,</span> <span class='ocrx_word' id='word_1_288' title='bbox 1136 2019 1251 2062; x_wconf 87' lang='lat' dir='ltr'>prout</span> <span class='ocrx_word' id='word_1_289' title='bbox 1275 2025 1327 2057; x_wconf 38' lang='lat' dir='ltr'>ex,</span> <span class='ocrx_word' id='word_1_290' title='bbox 1337 2017 1449 2057; x_wconf 86' lang='lat' dir='ltr'>textu</span> <span class='ocrx_word' id='word_1_291' title='bbox 1475 2010 1606 2048; x_wconf 86' lang='lat' dir='ltr'>bullae</span> 
     </span>
     <span class='ocr_line' id='line_1_37' title="bbox 216 2073 776 2115; baseline -0.005 -6"><span class='ocrx_word' id='word_1_292' title='bbox 216 2073 358 2109; x_wconf 90' lang='lat' dir='ltr'>claret.</span> <span class='ocrx_word' id='word_1_293' title='bbox 382 2100 389 2108; x_wconf 93' lang='lat'>.</span> <span class='ocrx_word' id='word_1_294' title='bbox 415 2100 423 2108; x_wconf 96' lang='lat'>.</span> <span class='ocrx_word' id='word_1_295' title='bbox 773 2114 776 2115; x_wconf 19' lang='lat'><em>⁷</em></span> 
     </span>
    </p>

    <p class='ocr_par' dir='ltr' id='par_1_8' title="bbox 217 2117 1608 2389">
     <span class='ocr_line' id='line_1_38' title="bbox 271 2117 1607 2173; baseline -0.005 -11"><span class='ocrx_word' id='word_1_296' title='bbox 271 2125 383 2163; x_wconf 90' lang='lat' dir='ltr'>Aliae</span> <span class='ocrx_word' id='word_1_297' title='bbox 408 2122 554 2173; x_wconf 86' lang='lat' dir='ltr'>gratiae</span> <span class='ocrx_word' id='word_1_298' title='bbox 574 2130 612 2160; x_wconf 90' lang='lat' dir='ltr'>et</span> <span class='ocrx_word' id='word_1_299' title='bbox 633 2123 835 2160; x_wconf 85' lang='lat' dir='ltr'>facultates</span> <span class='ocrx_word' id='word_1_300' title='bbox 857 2121 1110 2171; x_wconf 86' lang='lat' dir='ltr'>Apostolicae</span> <span class='ocrx_word' id='word_1_301' title='bbox 1130 2126 1316 2170; x_wconf 86' lang='lat' dir='ltr'>quattuor</span> <span class='ocrx_word' id='word_1_302' title='bbox 1334 2117 1482 2169; x_wconf 82' lang='lat' dir='ltr'>priores</span> <span class='ocrx_word' id='word_1_303' title='bbox 1502 2117 1607 2167; x_wconf 90' lang='lat' dir='ltr'>prin-</span> 
     </span>
     <span class='ocr_line' id='line_1_39' title="bbox 217 2172 1607 2228; baseline -0.005 -12"><span class='ocrx_word' id='word_1_304' title='bbox 217 2179 362 2228; x_wconf 90' lang='lat' dir='ltr'>cipales</span> <span class='ocrx_word' id='word_1_305' title='bbox 395 2190 501 2215; x_wconf 92' lang='lat' dir='ltr'>nunc</span> <span class='ocrx_word' id='word_1_306' title='bbox 540 2182 796 2225; x_wconf 84' lang='lat' dir='ltr'>sequuntur..</span> <span class='ocrx_word' id='word_1_307' title='bbox 821 2206 860 2214; x_wconf 88' lang='lat'>..</span> <span class='ocrx_word' id='word_1_308' title='bbox 890 2174 1104 2213; x_wconf 84' lang='lat' dir='ltr'>Sciendum</span> <span class='ocrx_word' id='word_1_309' title='bbox 1143 2181 1277 2212; x_wconf 88' lang='lat' dir='ltr'>tamen</span> <span class='ocrx_word' id='word_1_310' title='bbox 1310 2173 1418 2222; x_wconf 88' lang='lat' dir='ltr'>quod</span> <span class='ocrx_word' id='word_1_311' title='bbox 1456 2172 1607 2210; x_wconf 89' lang='lat' dir='ltr'>eisdem</span> 
     </span>
     <span class='ocr_line' id='line_1_40' title="bbox 218 2225 1608 2279; baseline -0.006 -9"><span class='ocrx_word' id='word_1_312' title='bbox 218 2231 468 2270; x_wconf 86' lang='lat' dir='ltr'>facultatibus</span> <span class='ocrx_word' id='word_1_313' title='bbox 495 2229 715 2279; x_wconf 86' lang='lat' dir='ltr'>indigentes</span> <span class='ocrx_word' id='word_1_314' title='bbox 742 2242 812 2278; x_wconf 92' lang='lat' dir='ltr'>pro</span> <span class='ocrx_word' id='word_1_315' title='bbox 833 2229 924 2278; x_wconf 89' lang='lat' dir='ltr'>ipsis</span> <span class='ocrx_word' id='word_1_316' title='bbox 952 2227 1170 2277; x_wconf 89' lang='lat' dir='ltr'>specialiter</span> <span class='ocrx_word' id='word_1_317' title='bbox 1194 2227 1234 2265; x_wconf 91' lang='lat' dir='ltr'>in</span> <span class='ocrx_word' id='word_1_318' title='bbox 1258 2239 1372 2265; x_wconf 91' lang='lat' dir='ltr'>usum</span> <span class='ocrx_word' id='word_1_319' title='bbox 1393 2225 1608 2275; x_wconf 88' lang='lat' dir='ltr'>praesentis</span> 
     </span>
     <span class='ocr_line' id='line_1_41' title="bbox 218 2279 1608 2335; baseline -0.006 -11"><span class='ocrx_word' id='word_1_320' title='bbox 218 2284 365 2335; x_wconf 88' lang='lat' dir='ltr'>negotii</span> <span class='ocrx_word' id='word_1_321' title='bbox 394 2285 445 2323; x_wconf 91' lang='lat' dir='ltr'>ad</span> <span class='ocrx_word' id='word_1_322' title='bbox 465 2296 602 2333; x_wconf 90' lang='lat' dir='ltr'>capsas</span> <span class='ocrx_word' id='word_1_323' title='bbox 627 2282 772 2332; x_wconf 87' lang='lat' dir='ltr'>positas</span> <span class='ocrx_word' id='word_1_324' title='bbox 794 2283 996 2332; x_wconf 89' lang='lat' dir='ltr'>imponere</span> <span class='ocrx_word' id='word_1_325' title='bbox 1017 2282 1164 2320; x_wconf 89' lang='lat' dir='ltr'>debent</span> <span class='ocrx_word' id='word_1_326' title='bbox 1193 2312 1200 2320; x_wconf 92' lang='lat'>.</span> <span class='ocrx_word' id='word_1_327' title='bbox 1225 2311 1232 2319; x_wconf 96' lang='lat'>.</span> <span class='ocrx_word' id='word_1_328' title='bbox 1256 2310 1263 2318; x_wconf 92' lang='lat'>.</span> <span class='ocrx_word' id='word_1_329' title='bbox 1291 2286 1484 2330; x_wconf 88' lang='lat' dir='ltr'>quantum</span> <span class='ocrx_word' id='word_1_330' title='bbox 1513 2279 1608 2316; x_wconf 89' lang='lat' dir='ltr'>alias</span> 
     </span>
     <span class='ocr_line' id='line_1_42' title="bbox 218 2335 1293 2389; baseline -0.006 -11"><span class='ocrx_word' id='word_1_331' title='bbox 218 2352 289 2389; x_wconf 92' lang='lat' dir='ltr'>pro</span> <span class='ocrx_word' id='word_1_332' title='bbox 309 2338 480 2388; x_wconf 89' lang='lat' dir='ltr'>ipsarum</span> <span class='ocrx_word' id='word_1_333' title='bbox 500 2335 781 2374; x_wconf 88' lang='lat' dir='ltr'>consecutione</span> <span class='ocrx_word' id='word_1_334' title='bbox 801 2349 995 2386; x_wconf 83' lang='lat' dir='ltr'>exponere</span> <span class='ocrx_word' id='word_1_335' title='bbox 1016 2335 1206 2373; x_wconf 87' lang='lat' dir='ltr'>haberent</span> <span class='ocrx_word' id='word_1_336' title='bbox 1223 2366 1230 2373; x_wconf 94' lang='lat'>.</span> <span class='ocrx_word' id='word_1_337' title='bbox 1254 2365 1261 2372; x_wconf 97' lang='lat'>.</span> <span class='ocrx_word' id='word_1_338' title='bbox 1286 2365 1293 2372; x_wconf 93' lang='lat'>.</span> 
     </span>
    </p>

    <p class='ocr_par' dir='ltr' id='par_1_9' title="bbox 219 2384 1608 2493">
     <span class='ocr_line' id='line_1_43' title="bbox 274 2384 1608 2441; baseline -0.004 -12"><span class='ocrx_word' id='word_1_339' title='bbox 274 2392 405 2430; x_wconf 90' lang='lat' dir='ltr'>Prima</span> <span class='ocrx_word' id='word_1_340' title='bbox 433 2390 548 2441; x_wconf 90' lang='lat' dir='ltr'>igitur</span> <span class='ocrx_word' id='word_1_341' title='bbox 570 2398 628 2428; x_wconf 90' lang='lat' dir='ltr'>est</span> <span class='ocrx_word' id='word_1_342' title='bbox 648 2397 827 2428; x_wconf 86' lang='lat' dir='ltr'>votorum</span> <span class='ocrx_word' id='word_1_343' title='bbox 849 2390 1025 2428; x_wconf 88' lang='lat' dir='ltr'>omnium</span> <span class='ocrx_word' id='word_1_344' title='bbox 1049 2419 1056 2426; x_wconf 86' lang='lat'>.</span> <span class='ocrx_word' id='word_1_345' title='bbox 1080 2419 1087 2426; x_wconf 93' lang='lat'>.</span> <span class='ocrx_word' id='word_1_346' title='bbox 1112 2419 1118 2426; x_wconf 89' lang='lat'>.</span> <span class='ocrx_word' id='word_1_347' title='bbox 1142 2390 1182 2426; x_wconf 90' lang='lat' dir='ltr'>in</span> <span class='ocrx_word' id='word_1_348' title='bbox 1209 2401 1322 2426; x_wconf 90' lang='lat' dir='ltr'>usum</span> <span class='ocrx_word' id='word_1_349' title='bbox 1347 2386 1478 2429; x_wconf 86' lang='lat' dir='ltr'>dictae</span> <span class='ocrx_word' id='word_1_350' title='bbox 1496 2384 1608 2424; x_wconf 87' lang='lat' dir='ltr'>fabri-</span> 
     </span>
     <span class='ocr_line' id='line_1_44' title="bbox 219 2452 658 2493; baseline -0.009 -8"><span class='ocrx_word' id='word_1_351' title='bbox 219 2459 289 2493; x_wconf 84' lang='lat' dir='ltr'>cae</span> <span class='ocrx_word' id='word_1_352' title='bbox 309 2452 566 2484; x_wconf 82' lang='lat' dir='ltr'>commutatio</span> <span class='ocrx_word' id='word_1_353' title='bbox 587 2474 595 2482; x_wconf 94' lang='lat'>.</span> <span class='ocrx_word' id='word_1_354' title='bbox 619 2474 626 2481; x_wconf 94' lang='lat'>.</span> <span class='ocrx_word' id='word_1_355' title='bbox 650 2473 658 2481; x_wconf 92' lang='lat'>.</span> 
     </span>
    </p>
   </div>
  </div>
 </body>
</html>
