1715 2780
155 102 232 148 164
360 99 601 138 ZWINGLI
632 99 752 136 THE
785 98 1104 143 HUMANIST,
1135 97 1210 135 To
1248 107 1345 146 1519
1477 98 1553 145 383

155 203 263 241 nullo
283 210 400 252 pacto
429 201 578 241 eisdem
607 201 786 241 obsistas.
846 200 954 250 Quin
975 202 1156 239 voluntas
1182 202 1219 238 S.
1239 201 1287 237 D.
1306 201 1354 237 N.
1378 200 1475 237 haec
1497 208 1554 238 est

154 263 196 294 ut
226 255 299 294 illis
320 255 515 303 Dominis,
539 270 632 295 suae
653 255 877 294 Sanctitatis
898 254 1162 294 dilectissimis
1184 253 1271 291 filiis
1298 253 1337 291 in
1366 253 1425 291 his
1453 267 1554 303 quae

153 311 204 349 ad
224 309 465 361 spiritualem
486 310 799 349 consolationem
820 310 1062 356 conducunt,
1085 309 1242 359 penitus
1265 321 1415 346 morem
1431 321 1552 358 geras.

155 366 384 403 Praesentes
404 364 533 403 literas
553 366 736 403 ostendet
752 371 879 403 vestra
897 362 1109 413 paternitas
1128 361 1351 413 Magnificis
1369 361 1554 400 Dominis

156 418 440 458 Helvetiorum.
503 421 561 457 Ex
581 426 778 458 conventu
800 420 879 457 Ara
899 417 1011 458 Coeli
1037 432 1050 455 1
1078 417 1171 467 May
1196 428 1309 467 1519.

306 491 361 544 (b)
394 493 481 531 The
512 493 651 543 Pope's
680 494 811 531 Letter
838 497 873 529 to
902 491 963 529 tlze
990 492 1097 538 Diet,
1124 490 1176 540 by
1200 491 1266 529 the
1296 503 1413 529 same.

208 556 411 607 Magnifici
440 564 478 596 et
507 556 756 596 honorabiles
786 555 960 604 Domini,
982 563 1070 607 post
1100 555 1275 595 debitam
1303 556 1555 594 commenda-

153 612 301 650 tionem
332 618 369 650 et
399 613 576 650 salutem.
638 613 773 660 Quum
804 612 840 650 S.
867 613 915 649 D.
940 612 989 649 N.
1020 619 1102 649 tum
1128 624 1198 660 pro
1228 609 1351 649 divini
1382 609 1553 648 nominis

153 665 445 716 propagatione,
461 673 545 703 tum
562 679 633 715 pro
646 666 867 703 animarum
885 666 1020 711 salute,
1040 672 1123 702 tum
1145 665 1263 703 etiam
1280 677 1351 714 pro
1368 663 1553 703 basilicae

153 718 344 770 Principis
386 721 669 770 Apostolorum
711 720 761 758 de
809 719 906 757 urbe
953 718 1246 765 restauratione,
1297 732 1364 768 per
1409 717 1552 757 divisas

152 773 371 824 provincias
418 773 681 824 indulgentias
724 773 916 823 plenarias
958 774 1133 823 aliasque
1175 773 1316 823 gratias
1351 771 1391 810 in
1433 771 1554 811 literis

150 827 377 878 apostolicis
398 828 567 878 desuper
587 827 778 867 confectis
800 834 1006 866 contentas
1028 826 1249 874 destinavit,
1272 827 1398 864 noluit
1419 834 1552 865 tamen

152 895 222 921 sua
241 881 435 922 Sanctitas
456 881 666 921 tresdecim
685 881 960 920 Helvetiorum
978 881 1181 921 Cantones
1202 881 1252 919 ab
1270 880 1420 919 illarum
1439 879 1554 931 parti-

151 936 349 986 cipatione
362 949 448 975 esse
463 938 639 976 desertos
655 952 662 976 :
690 949 790 986 quos
805 935 978 986 quidem,
995 942 1036 973 ut
1053 934 1292 986 experientia
1306 934 1550 984 comprobat,

151 1004 240 1029 vere
260 990 476 1030 catholicos
498 989 736 1040 sanctaeque
758 992 806 1028 R.
832 992 876 1028 E.
901 989 1150 1029 fidelissimos
1173 988 1274 1028 filios
1294 1002 1340 1027 ac
1369 989 1420 1027 ad
1450 987 1552 1026 illius

151 1045 425 1084 defensionem
455 1044 769 1096 promptissimos
800 1044 909 1083 novit
929 1060 935 1082 :
965 1045 1035 1083 sed
1055 1044 1107 1082 ad
1128 1044 1213 1082 illos
1235 1057 1350 1082 suum
1371 1044 1554 1081 commis-

151 1099 306 1147 sarium,
343 1102 498 1138 Patrem
531 1106 569 1138 et
602 1101 644 1138 F.
681 1098 997 1137 Bernhardinum
1030 1097 1278 1144 Samonium,
1317 1097 1412 1136 Ord.
1448 1098 1550 1134 Frat.

152 1155 297 1192 Minor.
322 1154 504 1204 Regular.
520 1153 768 1201 Observant.,
785 1166 876 1191 cum
891 1153 1008 1202 plena
1024 1151 1319 1202 praedicatione
1338 1152 1552 1201 Indulgen-

150 1207 291 1246 tiarum
306 1206 588 1248 Commissioni
610 1206 831 1246 destinavit.
892 1208 929 1244 N
934 1220 978 1245 ec
999 1205 1121 1253 illum,
1146 1204 1351 1256 Magnifici
1373 1203 1548 1250 Domini,

151 1275 222 1311 pro
256 1261 415 1312 negotio
446 1269 526 1300 tam
555 1262 680 1300 arduo
710 1268 870 1311 tamque
900 1260 1045 1299 salubri
1079 1261 1130 1298 ad
1162 1273 1230 1298 vos
1264 1258 1443 1306 misisset,
1476 1257 1550 1297 nisi

151 1317 257 1355 hunc
277 1315 439 1355 scientia
460 1315 715 1365 moribusque
734 1316 916 1353 refertum
936 1328 1006 1353 sua
1026 1313 1220 1352 Sanctitas
1240 1312 1549 1363 comprobasset.

150 1371 298 1409 Verum
329 1369 389 1408 his
420 1371 561 1409 diebus
593 1369 699 1408 idem
735 1371 772 1408 S.
803 1371 851 1407 D.
882 1370 931 1407 N.
966 1382 1034 1419 per
1065 1367 1194 1407 literas
1229 1375 1376 1406 vestras
1411 1366 1551 1406 certior

151 1425 275 1463 factus
297 1431 355 1462 est
375 1425 547 1463 eundem
563 1425 602 1462 F.
621 1422 950 1469 Bernhardinum,
967 1423 1006 1460 in
1028 1421 1270 1473 praefatione
1287 1422 1549 1472 praefatarum

150 1477 493 1529 indulgentiarum,
518 1479 557 1516 in
586 1479 781 1528 quosdam
803 1490 950 1516 errores
982 1476 1042 1527 (ut
1069 1476 1206 1528 fertur)
1233 1475 1446 1515 incidisse:
1481 1488 1551 1525 pro

151 1532 294 1582 quibus
324 1545 394 1570 sua
423 1531 628 1579 Sanctitas,
669 1545 787 1582 quam
822 1530 1034 1581 plurimum
1068 1530 1271 1578 admirata,
1305 1531 1401 1568 mihi
1440 1528 1550 1568 vivae

150 1585 257 1625 vocis
278 1587 437 1624 oraculo
459 1585 657 1625 commisit
678 1594 719 1624 ut
739 1585 852 1625 vobis
873 1598 944 1624 suo
966 1584 1128 1624 nomine
1153 1583 1428 1623 denuntiarem
1451 1590 1493 1621 ut
1518 1584 1547 1621 si

150 1639 276 1680 isdem
299 1642 340 1678 F.
365 1639 660 1679 Bernhardinus
682 1639 720 1677 in
742 1653 812 1678 sua
828 1639 1121 1689 praedicatione
1143 1638 1190 1676 sit
1212 1637 1324 1676 vobis
1346 1638 1547 1684 molestus,

150 1707 241 1732 cum
262 1694 368 1733 bona
389 1707 486 1744 pace
516 1695 805 1744 tranquilloque
835 1694 969 1732 animo
999 1707 1021 1731 a
1049 1692 1162 1731 vobis
1187 1692 1225 1730 in
1253 1691 1408 1730 Italiam
1430 1699 1549 1729 trans-

150 1747 334 1786 mittatur.
405 1747 444 1786 Si
475 1755 606 1786 autem
638 1749 747 1785 illum
782 1748 914 1786 adhuc
946 1746 1138 1785 sustinere
1167 1759 1213 1784 ac
1246 1746 1382 1784 audire
1422 1745 1547 1790 vultis,

150 1802 278 1851 placet
312 1801 442 1840 eidem
474 1815 567 1840 suae
599 1801 803 1840 Sanctitati
836 1809 877 1839 ut
912 1800 1116 1840 vobiscum
1161 1807 1240 1838 tam
1285 1798 1353 1838 diu
1397 1811 1548 1837 moram

150 1857 277 1894 trahat
305 1869 424 1906 quam
451 1856 519 1894 diu
546 1868 640 1894 suae
665 1854 956 1894 commissionis
979 1862 1136 1904 tempus
1157 1854 1399 1892 extendetur.
1452 1854 1549 1890 Vult

150 1909 256 1948 enirn
291 1923 361 1948 sua
395 1911 430 1948 S.
463 1910 502 1947 in
537 1909 722 1948 omnibus
753 1923 854 1959 quae
884 1908 996 1947 vobis
1026 1910 1078 1948 ad
1120 1909 1339 1946 animarum
1381 1907 1547 1945 salutem

150 1965 379 2002 conducunt
415 1977 563 2002 morem
603 1977 745 2014 gerere.
817 1965 1078 2014 Quapropter,
1121 1961 1323 2013 Magnifici
1370 1960 1545 2007 Domini,

150 2030 219 2056 vos
248 2030 387 2056 omnes
417 2025 572 2068 rogatos
601 2031 687 2057 esse
716 2017 833 2056 velim
868 2025 908 2056 ut
938 2018 1111 2056 eundem
1142 2019 1184 2055 F.
1217 2014 1545 2060 Bernhardinum,

151 2071 181 2109 si
205 2071 245 2109 in
273 2071 426 2110 Italiam
453 2079 691 2110 transmeare
718 2071 899 2110 mavultis
920 2085 1038 2121 quam
1061 2070 1267 2110 vobiscum
1288 2071 1441 2120 degere,
1464 2068 1548 2106 sine

150 2125 280 2175 aliqua
295 2125 475 2164 molestia
488 2126 691 2164 discedere
705 2125 948 2176 permittatis.
993 2125 1073 2174 Qui
1089 2124 1252 2174 quidem
1269 2123 1301 2161 si
1317 2123 1356 2162 in
1373 2123 1547 2162 dicendo

151 2180 299 2225 erravit,
333 2186 489 2230 paratus
524 2179 595 2218 erit
625 2179 743 2218 etiam
777 2193 909 2217 coram
951 2181 986 2218 S.
1025 2181 1071 2216 D.
1108 2180 1157 2217 N.
1193 2179 1244 2217 de
1278 2191 1319 2215 se
1354 2177 1545 2214 rationem

151 2234 326 2279 reddere,
358 2246 608 2283 poenamque
638 2247 708 2283 pro
742 2233 875 2272 erratis
908 2234 1110 2272 sustinere.
1143 2262 1149 2270 .
1183 2261 1190 2269 .
1224 2261 1231 2269 .
1269 2233 1326 2269 Io.
1358 2232 1468 2279 Bapt.
1496 2229 1546 2267 de

152 2286 317 2337 Puppio,
346 2287 442 2326 Ord.
477 2288 577 2325 Min.
612 2289 708 2337 Reg.
743 2287 853 2334 Obs.‚
887 2288 923 2325 S.
958 2288 1006 2324 D.
1038 2288 1086 2325 N.
1119 2286 1158 2324 in
1190 2283 1439 2323 facultatibus
1467 2295 1545 2320 sac.

153 2339 316 2378 Iubilaei
338 2352 408 2389 pro
428 2339 575 2379 fabrica
596 2339 721 2379 Princ.
745 2342 882 2390 Apost.
903 2341 952 2379 de
974 2339 1070 2378 urbe
1091 2337 1409 2379 Commissarius.
