1715 2780
139 122 214 162 277
272 114 457 152 FAREL
486 116 604 154 AND
638 115 852 155 CALVIN
885 117 947 155 IN
977 116 1222 164 GENEVA,
1251 119 1404 167 1536-s
1465 129 1539 167 549

170 211 259 255 No.
294 222 392 267 277.
447 213 626 256 Bern’s
657 224 928 257 summons
960 213 1037 257 for
1068 214 1156 259 the
1186 214 1512 270 Disputation

475 274 530 315 at
560 272 846 324 Lausanne,
877 273 929 315 16
958 272 1079 328 July
1108 275 1235 327 1536.

194 353 308 391 Nous
327 352 548 402 l’Advoyer,
568 353 670 391 Petit
683 360 721 391 et
739 353 874 392 Grand
896 352 1069 401 Conseil,
1088 353 1309 407 nomme'[s]
1333 356 1389 394 les
1411 357 1540 394 Deux-

141 406 263 446 Cents
280 407 350 445 des
368 407 594 456 Bourgeoys
615 407 665 445 de
680 408 817 454 Berne,
836 406 982 446 faisons
999 410 1126 446 savoir
1142 416 1179 447 et
1200 409 1388 448 notifions
1409 410 1431 448 a
1451 418 1540 449 tous

139 460 233 510 qu'il
253 459 538 511 appartiendra‚
563 468 600 499 et
621 468 747 500 cestes
767 475 836 511 par
860 469 992 501 nostre
1023 463 1387 503 Commandement
1409 472 1540 503 seront

139 513 467 564 communiquees
481 521 519 553 et
534 514 725 565 publiees.
758 517 927 555 Comme
944 516 1043 555 ainsi
1063 516 1137 556 soit
1154 531 1231 568 que
1247 531 1298 556 en
1313 532 1386 557 nos
1406 526 1537 567 terres,

140 582 217 619 que
235 570 451 619 justement
470 582 540 619 par
560 570 596 607 la
615 569 729 619 grace
759 571 809 608 de
831 571 934 609 Dieu
954 584 1077 609 avons
1101 572 1373 622 conqueste‘es,
1396 575 1539 623 grands

139 622 339 662 differents
371 630 409 661 et
440 623 644 672 questions
678 637 719 662 se
754 623 881 663 soient
912 624 1042 663 levees
1077 634 1185 665 entre
1217 640 1289 665 nos
1320 628 1493 677 subjects
1518 628 1540 666 a

139 690 257 717 cause
277 678 327 716 de
351 678 388 715 la
412 678 478 725 foi,
499 691 644 727 pource
669 691 746 728 que
777 679 831 717 les
860 692 933 717 uns
954 681 1112 718 veulent
1140 680 1245 719 vivre
1278 683 1389 720 selon
1419 683 1455 721 16
1483 683 1536 721 St.

141 731 331 782 Evangile
352 732 403 770 de
422 730 538 781 Je'sus
566 739 604 770 et
628 733 683 771 les
704 739 833 771 autres
860 733 883 771 a
907 734 944 771 la
968 734 1142 773 maniere
1163 737 1443 775 accoustumee
1464 767 1472 775 .
1498 767 1504 774 .
1530 767 1536 774 .

138 798 261 824 avons
283 784 461 824 ordonne
482 798 559 836 que
583 792 672 824 tous
702 787 757 825 les
788 788 972 835 Prestres‚
998 789 1167 838 Moynes
1189 796 1226 828 et
1247 803 1342 839 gens
1364 804 1441 840 que
1461 792 1536 828 l'on

138 841 292 890 appelle
312 839 496 890 d'Einse,
515 841 807 891 quelsconques
828 843 940 891 qu'ils
961 850 1109 892 soyent‚
1128 851 1259 882 estans
1281 857 1330 883 en
1353 858 1424 883 nos
1438 844 1539 883 dites

138 896 289 941 Terres,
312 901 350 933 et
370 895 425 932 les
448 895 683 934 Prescheurs
704 894 819 943 aussi,
842 903 958 945 ayent
979 897 1001 934 a
1022 899 1243 947 comparoir
1264 906 1301 936 et
1323 911 1363 937 se
1385 906 1539 938 trouver

137 949 160 986 a
181 950 392 988 Lausanne
413 949 448 987 16
468 950 636 999 premier
658 950 747 999 jour
771 951 824 988 du
850 949 950 988 mois
975 951 1192 990 d'Octobre
1213 952 1539 1002 prochainement

138 1011 282 1041 venant
303 1016 402 1054 pour
428 1004 568 1042 rendre
588 1002 717 1042 raison
742 1005 792 1042 de
817 1005 900 1042 leur
931 1004 995 1053 foi,
1020 1018 1118 1055 pour
1146 1006 1354 1045 maintenir
1375 1015 1412 1046 et
1433 1021 1538 1045 sous-

137 1057 238 1096 tenir
257 1070 326 1107 par
346 1058 382 1095 la
403 1056 537 1096 Sainte
558 1057 800 1108 Escripture‚
820 1065 904 1097 tant
931 1060 983 1097 du
1006 1061 1148 1098 Vieulx
1170 1074 1246 1110 que
1268 1062 1321 1099 du
1344 1063 1537 1101 Nouveau

138 1113 382 1158 Testament‚
398 1123 443 1150 66
465 1111 577 1161 qu'ils
599 1111 842 1162 enseignent,
860 1114 944 1151 sont
966 1121 1003 1151 et
1023 1113 1203 1153 tiennent
1224 1128 1273 1153 en
1294 1116 1538 1155 l'assemblee

138 1166 192 1204 du
222 1166 375 1216 peuple.
400 1196 407 1203 .
430 1196 437 1203 .
461 1195 470 1204 .
494 1167 544 1203 Et
565 1179 646 1204 non
670 1168 890 1205 seulement
915 1168 938 1205 a
962 1180 1060 1206 ceux
1081 1169 1131 1207 de
1152 1182 1224 1206 nos
1245 1177 1376 1217 terres,
1399 1170 1496 1209 mais
1516 1172 1537 1208 a

137 1227 226 1258 tous
247 1221 370 1258 allans
395 1226 433 1258 et
454 1232 601 1259 venans
629 1221 679 1259 de
703 1222 875 1271 quelque
902 1234 996 1272 pays
1024 1222 1136 1272 qu'ils
1164 1222 1292 1261 soient
1309 1238 1320 1271 ,-
1348 1226 1537 1274 auxquels

137 1281 175 1312 et
196 1275 218 1312 a
239 1281 338 1322 tous,
361 1275 547 1313 donnons
571 1287 792 1320 assurance,
816 1276 1079 1323 saufconduit‚
1104 1284 1141 1315 et
1166 1279 1417 1327 sauvegarde,
1439 1292 1538 1328 pour

135 1329 240 1375 aller,
265 1327 382 1375 venir,
405 1341 574 1378 opposer
594 1342 645 1367 ou
667 1330 881 1379 respondre
902 1343 951 1368 en
973 1331 1008 1368 la
1029 1330 1127 1370 ditte
1155 1332 1410 1382 disputation‚
1433 1340 1471 1371 et
1492 1346 1537 1371 ce

135 1395 204 1432 par
220 1383 255 1420 la
272 1384 308 1421 S.
329 1382 554 1433 Escripture
573 1413 579 1420 .
597 1413 604 1421 .
624 1413 630 1421 .
650 1396 718 1433 par
738 1385 906 1434 laquelle
921 1386 1088 1424 voulons
1109 1393 1218 1424 toute
1240 1387 1277 1425 la
1293 1387 1535 1437 disputation

136 1444 237 1476 estre
258 1437 372 1476 faicte
393 1444 431 1476 et
452 1438 617 1475 conclu'e
640 1468 646 1475 .
670 1467 678 1475 .
702 1468 709 1476 .

212 1518 302 1562 No.
336 1519 435 1572 278.
481 1518 589 1563 The
619 1519 944 1573 Disputation
978 1521 1036 1563 of
1058 1521 1345 1573 Lausanne‚
1377 1524 1458 1566 1-8

648 1577 868 1622 October
896 1580 1023 1632 1536.

188 1633 248 1686 (a)
285 1635 362 1673 lee
387 1636 598 1673 These-v:—

190 1689 249 1740 (1)
278 1690 475 1739 Scriptura
491 1703 600 1728 sacra
615 1691 730 1728 aliam
753 1690 990 1730 iustificandi
1012 1692 1114 1730 viam
1138 1693 1261 1731 nescit
1279 1694 1411 1740 ullam,
1429 1707 1535 1744 prae-

135 1750 192 1781 ter
212 1756 298 1781 eam
320 1757 420 1793 quae
442 1752 499 1782 est
519 1756 587 1793 per
609 1745 726 1782 sidem
749 1744 788 1782 in
811 1745 1011 1784 Christum
1036 1748 1167 1785 Iesum
1190 1749 1311 1785 semel
1342 1747 1532 1793 oblatum,

134 1797 302 1847 amplius
330 1810 532 1847 nunquam
555 1799 801 1837 offerendum
819 1814 824 1836 z
847 1807 889 1837 ut
911 1800 1056 1838 Christi
1078 1802 1155 1839 vim
1183 1815 1340 1851 prorsus
1361 1811 1530 1850 enervet,

135 1853 202 1901 qui
231 1852 346 1889 aliam
377 1865 446 1902 pro
481 1860 731 1902 peccatorum
771 1853 1001 1892 remissione
1034 1856 1092 1894 vel
1133 1855 1439 1895 satisfactionem
1473 1859 1531 1895 rel

133 1905 375 1944 oblationem
397 1907 459 1944 vel
479 1908 752 1956 purgationem
774 1906 938 1946 inducit.
1486 1940 1496 1949 .

190 1959 249 2011 (2)
281 1961 466 1998 Eundem
495 1960 696 2000 Christum
728 1975 751 1999 a
782 1970 908 2001 morte
940 1962 1183 2011 suscitatum,
1216 1964 1253 2001 in
1289 1966 1445 2003 coelum
1476 1980 1532 2003 as-

134 2022 347 2064 sumptum,
366 2021 404 2052 et
424 2015 474 2053 ad
496 2015 695 2053 dexteram
719 2015 842 2054 Patris
864 2017 1081 2064 sedentem,
1104 2019 1232 2056 solum
1254 2026 1382 2068 caput,
1406 2020 1531 2070 ponti-

134 2069 249 2106 ficem
263 2081 351 2107 vere
368 2082 578 2116 summum,
596 2069 852 2108 mediatorem
868 2079 905 2109 et
921 2070 1218 2110 intercessorem
1233 2073 1423 2112 ecclesiae
1437 2088 1530 2112 suae

133 2123 322 2171 agnoseit.

188 2175 246 2226 (3)
279 2178 398 2214 Hanc
418 2190 510 2215 vero
531 2177 739 2216 ecclesiam
764 2178 838 2217 Dei
860 2192 944 2218 esse
966 2180 1165 2230 Scriptura
1186 2194 1295 2219 sacra
1316 2181 1526 2231 praedicat,

133 2237 329 2279 quotquot
350 2244 390 2269 se
415 2232 500 2268 solo
522 2231 666 2270 Christi
696 2232 886 2282 sanguine
915 2235 1142 2284 redemptos
1172 2236 1338 2273 credunt
1365 2235 1528 2285 eiusque

133 2283 253 2322 solius
266 2284 386 2323 verbo
408 2284 642 2324 inconcusse
663 2287 829 2325 credunt
850 2295 887 2325 et
909 2289 1085 2326 nituntur
1106 2288 1184 2338 qui,
1200 2288 1315 2326 nobis
1336 2292 1527 2339 corporali

134 2337 353 2387 praesentia
373 2338 603 2386 subductus,
627 2340 792 2390 Spiritus
814 2341 872 2379 sui
894 2341 1035 2380 virtute
1063 2342 1197 2380 omnia
1222 2342 1393 2392 impleat,
1417 2345 1528 2382 susti-

134 2399 236 2438 neat,
260 2400 365 2442 regat
386 2405 431 2430 ac
452 2392 631 2432 vivificet.

187 2444 246 2496 (4)
278 2447 391 2494 Quae
412 2446 572 2496 quidem
590 2448 766 2495 ecclesia,
783 2449 854 2487 etsi
876 2449 1000 2487 oculis
1019 2449 1092 2487 Dei
1116 2449 1236 2488 solius
1253 2458 1347 2489 nota
1362 2450 1421 2499 sit,
1437 2465 1526 2491 suas

133 2507 266 2538 tamen
287 2499 406 2538 habet
427 2501 669 2540 ceremonias
691 2516 712 2540 a
729 2503 887 2542 Christo
909 2503 1115 2551 institutas,
1134 2503 1278 2554 quibus
1300 2513 1337 2544 et
1357 2505 1527 2544 cernitur
