1715 2780
110 102 161 139 33
206 91 445 130 LUTHER
475 91 594 127 AND
626 89 849 128 ULRICH
881 88 998 126 VON
1032 88 1286 134 HUTTEN,
1313 99 1414 136 1520
1466 100 1512 135 59

110 194 286 234 ostendis
326 195 477 233 mundo
516 195 584 231 te?
642 193 773 238 Quem
806 192 983 242 oportuit
1021 193 1072 230 ad
1112 191 1282 241 primum
1314 204 1513 240 quemque

111 263 244 288 meum
299 255 440 287 nutum
492 249 724 294 elucescere,
778 246 895 284 solito
947 245 1065 284 etiam
1113 244 1255 284 clarius
1304 253 1342 283 et
1390 244 1513 294 magis

111 303 348 354 splendide?

165 359 255 397 SOL.
306 359 400 396 Non
421 356 538 396 video
559 356 655 406 quid
676 354 882 406 peccarim.

165 413 422 452 CAIETANUS.
474 413 567 450 Non
599 410 738 449 vides?
779 409 846 460 qui
878 410 1018 448 decem
1051 422 1157 446 nunc
1197 416 1301 447 totos
1341 407 1425 446 dies
1465 421 1514 446 ne

110 480 234 505 unum
250 466 413 517 quidem
430 465 583 504 radium
601 464 808 503 ostendisti
829 463 938 511 mihi,
956 463 1009 502 ita
1025 464 1232 502 obducens
1253 464 1303 501 de
1324 462 1515 501 industria

111 534 249 560 omnes
270 520 342 559 tibi
363 520 500 567 nubes,
523 533 569 558 ac
590 519 621 557 si
643 519 819 558 invideas
842 519 993 557 mundo
1014 519 1156 556 lucem.

165 577 256 614 SOL.
307 577 360 613 At
381 576 665 624 astrologorum
688 581 745 612 est
767 587 813 611 ea
832 574 960 623 culpa,
983 572 1095 622 siqua
1119 580 1188 619 est,
1211 585 1303 610 nam
1330 571 1369 610 hi
1390 573 1516 610 calcu-

111 630 230 668 lando
251 629 485 668 invenerunt
505 630 581 667 tale
603 629 679 666 hoc
701 629 782 666 fore
803 636 971 678 tempus.

166 684 424 723 CAIETANUS.
473 685 526 721 At
553 682 676 733 magis
707 681 880 732 oportuit
901 681 1032 720 videre
1060 689 1098 719 te
1125 680 1222 731 quid
1249 682 1366 720 vellet
1391 680 1518 731 ponti-

113 737 195 777 ficis
235 740 417 788 Legatus,
453 750 572 787 quam
606 736 810 786 astrologis
849 735 945 785 quid
985 735 1206 774 conveniat.
1266 734 1369 774 Scin'
1403 734 1517 773 Italia

113 792 245 831 exiens
277 806 379 842 quae
408 791 682 830 interminatus
718 804 805 829 sum
840 790 922 837 tibi,
957 790 997 828 ni
1031 789 1257 829 vehementi
1289 791 1429 828 ardore
1464 789 1519 826 in-

113 846 345 897 tempestive
365 846 639 897 frigescentem
657 844 911 884 Germaniam
928 845 1180 883 recalfaceres
1201 857 1247 882 ac
1267 843 1515 882 aestiviorem

115 901 210 939 mihi
230 902 425 948 redderes,
448 914 498 939 ne
521 900 659 938 Italiae
681 899 902 938 necessario
924 906 1074 938 teneret
1096 912 1159 937 me
1180 898 1452 937 desiderium?

169 957 260 994 SOL.
309 957 453 1005 Neque
478 956 554 993 hoc
578 953 838 993 animadverti
859 953 956 1003 quid
983 953 1227 1004 praeciperes
1256 952 1363 999 mihi,
1387 966 1517 1002 neque

114 1023 290 1060 unquam
311 1009 406 1048 scivi
426 1022 669 1060 quemquam
690 1009 896 1047 mortalem
918 1007 990 1046 soli
1012 1009 1214 1058 imperare.

169 1065 426 1104 CAIETANUS.
477 1065 571 1102 Non
592 1062 737 1101 scivisti
765 1064 836 1100 tu?
864 1070 984 1112 atque
1004 1063 1081 1100 hoc
1106 1061 1261 1111 ignoras
1285 1060 1518 1111 episcopum

117 1121 346 1157 Romanum
387 1118 470 1169 (qui
510 1131 616 1156 nunc
654 1130 815 1155 Omnem
855 1130 966 1154 suam
1006 1116 1045 1154 in
1086 1129 1149 1154 me
1187 1116 1266 1154 vim
1310 1115 1519 1154 transfudit

115 1174 287 1223 legatum
307 1186 329 1211 a
350 1171 485 1223 latere)
508 1179 545 1210 et
566 1173 676 1210 caelo
703 1184 804 1221 quae
825 1172 917 1209 velit
938 1179 975 1208 et
1004 1178 1103 1209 terra
1124 1170 1241 1219 ligare
1266 1177 1448 1219 potenter
1474 1183 1519 1207 ac

116 1229 294 1266 solvere?

171 1283 264 1320 SOL.
313 1281 541 1328 Audieram,
564 1282 634 1319 sed
654 1293 735 1319 non
758 1280 968 1318 credebam
991 1292 1076 1318 esse
1101 1280 1210 1329 quod
1232 1278 1295 1317 ille
1317 1278 1519 1325 iactitaret‚

117 1349 246 1386 neque
276 1335 382 1375 enim
416 1336 547 1374 adhuc
577 1347 820 1385 quemquam
852 1333 1075 1373 mortalium
1111 1334 1324 1383 quicquam
1357 1332 1420 1371 hic
1453 1332 1521 1370 im-

118 1398 268 1429 mutare
297 1389 387 1429 vidi.

175 1445 435 1484 CAIETANUS.
484 1443 615 1483 Etiam
637 1457 717 1482 non
739 1443 878 1490 credis,
902 1444 1004 1481 male
1032 1441 1269 1489 Christiane,
1299 1443 1370 1480 tu?
1400 1455 1518 1491 quem

119 1506 284 1550 oportet,
308 1498 394 1538 talis
414 1512 505 1537 cum
527 1498 589 1545 sis,
611 1497 998 1537 excommunicatum
1020 1496 1151 1535 statim
1174 1497 1342 1535 Satanae
1363 1495 1473 1534 tradi.

174 1555 265 1592 SOL.
315 1555 484 1592 Satanae
504 1560 545 1591 tu
566 1554 695 1592 trades
717 1566 781 1591 me
802 1554 912 1590 caelo
933 1551 1131 1590 deiectum
1149 1553 1165 1589 ?
1195 1558 1232 1589 et
1253 1552 1390 1597 solem,
1413 1551 1521 1600 quod

119 1607 240 1655 aiunt,
263 1621 284 1647 e
305 1608 457 1646 mundo
477 1609 661 1646 auferes?

175 1663 432 1702 CAIETANUS.
483 1663 682 1712 Equidem
710 1661 864 1708 faciam,
887 1660 960 1698 nisi
988 1660 1143 1698 veniam
1172 1667 1280 1710 petes
1305 1673 1327 1697 a
1349 1673 1412 1697 me
1433 1671 1522 1696 con-

122 1716 291 1755 fessione
312 1716 442 1755 statim
464 1717 566 1755 facta
587 1716 655 1754 uni
675 1730 721 1754 ex
742 1714 918 1766 copiistis
940 1714 1050 1753 meis.

177 1772 269 1810 SOL.
320 1773 373 1809 At
393 1770 461 1809 ubi
482 1772 686 1809 confessus
708 1784 786 1817 ero,
809 1770 905 1819 quid
926 1777 1009 1807 tum
1033 1770 1154 1807 fiam?

178 1825 436 1865 CAIETANUS.
486 1827 662 1863 Poenam
697 1824 768 1863 tibi
798 1823 971 1873 infligam
1003 1823 1087 1862 dies
1114 1822 1265 1873 aliquot
1291 1821 1432 1860 iubens
1457 1828 1524 1859 aut

123 1879 270 1918 ieiunio
301 1892 498 1918 macerare
530 1887 579 1926 te,
609 1886 676 1917 aut
710 1879 886 1917 laborem
917 1877 1146 1928 quempiam
1180 1878 1288 1923 ferre,
1320 1884 1387 1914 aut
1417 1889 1524 1925 pere-

123 1933 407 1984 grinationibus
424 1933 584 1983 fatigari,
601 1941 669 1972 aut
686 1934 979 1982 eleemosynam
996 1932 1233 1982 expendere,
1248 1938 1315 1969 aut
1330 1929 1524 1969 verberari

123 1987 240 2026 etiam
262 2001 332 2039 pro
353 1987 518 2027 delictis.

179 2043 270 2081 SOL.
320 2044 431 2080 Dura
450 2041 650 2081 conditio:
681 2050 770 2092 post
791 2055 883 2080 vero
904 2041 1000 2091 quid
1022 2041 1164 2079 dabis?

180 2096 436 2136 CAIETANUS.
488 2099 751 2135 Innocentem
773 2095 903 2134 dicam
925 2096 1099 2142 tandem,
1123 2103 1160 2133 et
1182 2107 1323 2145 purum
1346 2094 1522 2132 reddam.

179 2151 270 2189 SOL.
320 2153 373 2189 At
393 2150 465 2189 soli
485 2153 620 2189 lumen
641 2150 782 2189 inferes
803 2158 845 2188 tu
866 2149 1044 2188 scilicet?

180 2205 436 2244 CAIETANUS.
487 2206 526 2244 Si
551 2205 759 2251 videbitur,
782 2204 898 2243 etiam
925 2206 1001 2242 hoc
1022 2204 1153 2254 vigore
1177 2204 1408 2242 facultatum
1430 2215 1527 2252 quas

128 2257 223 2296 mihi
243 2260 426 2298 concedit
446 2262 495 2298 X.
519 2261 613 2298 Leo.

182 2313 274 2351 SOL.
305 2315 468 2364 Nugae!
512 2313 567 2351 sic
600 2313 795 2351 arbitraris
830 2314 980 2351 fatuum
1021 2325 1261 2363 quemquam
1303 2310 1525 2349 mortalium

128 2367 246 2404 etiam
275 2367 438 2405 istorum
468 2376 510 2406 ut
540 2369 638 2406 haec
667 2375 705 2406 te
737 2380 853 2417 posse
883 2368 1029 2414 credat,
1061 2367 1208 2405 nedum
1240 2367 1362 2404 solem
1393 2363 1527 2402 onmia

130 2421 297 2470 desuper
335 2421 584 2460 intuentem?
627 2421 793 2471 proinde
818 2422 1040 2459 'elleborum
1082 2420 1185 2467 bibe,
1224 2420 1392 2457 insanire
1432 2417 1527 2455 mihi

132 2473 236 2511 enim
266 2474 418 2513 videris.
