1715 2780
145 135 194 182 38
643 133 908 182 CAJETAN,
947 146 960 170 1
971 143 990 182 5
1000 134 1045 170 18
1497 133 1540 170 18

144 235 310 274 ecclesia
345 237 584 286 praeceperit
608 267 614 275 .
638 267 644 274 .
669 267 675 274 .
699 244 741 274 ut
776 249 857 274 non
891 235 1165 286 permittantur
1195 243 1422 285 quaestores
1456 248 1541 285 pro-

145 302 291 339 ponere
311 291 459 340 populo
479 289 585 328 aliud
606 303 724 340 quam
742 291 850 339 quod
873 291 912 327 in
932 289 1052 328 literis
1074 303 1210 328 eorum
1231 289 1464 328 continetur.

199 343 384 392 Quibus.
410 375 447 383 ..
478 343 695 394 praeceptis
729 343 852 391 nixus,
888 344 1167 394 disputandam
1201 344 1304 381 hanc
1335 343 1538 382 materiam

145 399 310 447 suscepi,
347 405 477 436 motus
511 397 869 436 immodestissimis
908 397 1264 436 declamationibus
1289 426 1297 434 .
1324 427 1331 434 .
1359 427 1368 436 .
1394 396 1539 447 quibus

144 451 407 501 indulgentias
424 452 679 502 divulgabant
692 453 853 502 quidam
870 450 911 489 in
931 451 1072 490 nostris
1088 451 1313 501 regionibus
1333 450 1540 501 apostolici

146 504 205 555 (ut
225 506 468 553 asserebant)
490 505 747 544 commissarii
767 513 805 544 et
826 512 1052 555 quaestores
1073 536 1079 543 .
1105 537 1112 544 .

201 561 252 597 Et
272 560 362 598 licet
383 572 456 610 ego
477 573 557 598 non
578 561 628 598 de
652 561 740 607 fide,
763 573 844 598 non
865 561 915 598 de
940 559 1125 606 moribus,
1149 572 1229 598 non
1250 560 1300 598 de
1320 558 1538 609 praeceptis

146 614 221 651 Dei
242 621 309 651 aut
329 613 529 661 ecclesiae,
551 615 620 652 sed
641 615 691 652 de
711 613 964 663 indulgentiis
986 613 1046 664 (ut
1066 612 1162 664 dixi)
1177 612 1417 664 disputarem
1440 643 1447 651 .
1471 641 1478 648 .
1502 643 1509 650 .

200 667 468 705 Nihilominus
503 667 664 717 quidam
700 681 950 706 mammonae
989 669 1185 706 cultores.
1210 698 1217 705 .
1241 698 1248 706 .
1272 667 1455 706 timentes
1490 681 1539 705 ne

144 721 261 760 huius
282 721 559 771 disputationis
581 721 834 760 occasione..
852 753 859 759 .
879 729 1064 771 quaestus
1085 721 1259 771 ipsorum
1278 752 1284 759 .
1304 751 1311 758 .
1332 752 1339 759 .
1362 720 1538 759 funditus

145 775 296 826 periret,
321 783 545 814 exarserunt
573 775 672 813 sicut
703 775 802 825 ignis
832 775 870 813 in
900 775 1034 825 spinis.
1090 777 1223 825 Atque
1251 789 1342 813 cum
1370 774 1472 825 ipsi.
1496 805 1503 813 .
1529 805 1536 813 .

145 831 411 880 praedicando
435 830 669 876 aberrarent,
692 830 809 867 etiam
837 831 912 868 hoc
943 829 1035 867 mali
1061 829 1300 877 adiecerunt,
1324 836 1366 867 ut
1394 828 1539 867 frivolis

145 884 383 934 quibusdam
401 914 407 921 .
428 915 434 922 .
453 914 460 922 .
479 883 754 931 delationibus,
777 885 878 922 adeo
900 897 962 922 me
983 884 1090 933 apud
1110 884 1147 922 S.
1164 885 1214 922 D.
1235 885 1282 921 N.
1307 884 1485 922 Leonem
1502 885 1538 920 X

146 969 152 976 .
178 969 184 975 .
209 968 215 975 .
240 937 423 976 odiosum
452 939 627 976 fecerunt
648 969 655 976 .
681 968 687 975 .
712 968 719 975 .
742 945 785 975 ut
806 969 814 978 .
840 968 846 974 .
872 968 879 976 .
902 951 1060 976 causam
1089 945 1226 976 contra
1252 951 1329 985 me,
1349 944 1538 987 tanquam

146 992 195 1030 de
223 992 372 1031 haeresi
400 1000 626 1041 suspectum
649 1022 657 1030 .
680 1021 688 1030 .
712 1022 718 1029 .
743 991 1075 1030 reverendissimis
1103 991 1141 1028 in
1168 991 1326 1030 Christo
1349 990 1537 1041 patribus,

145 1045 309 1084 domino
331 1046 575 1096 Hieronymo
589 1047 638 1084 de
652 1045 863 1093 Ghinutiis‚
878 1045 1065 1096 episcopo
1081 1044 1355 1091 Asculanensi,
1371 1045 1537 1083 auditori

147 1101 348 1146 Gamerae,
383 1102 464 1148 &c.,
502 1108 540 1138 et
577 1101 772 1149 Sylvestro
808 1099 996 1147 Prieriati,
1031 1099 1178 1138 ordinis
1211 1100 1538 1149 praedicatorum,

146 1154 278 1203 palatii
326 1154 531 1204 apostolici
580 1153 775 1204 magistro,
825 1153 1088 1192 committeret
1121 1184 1129 1191 .
1162 1183 1170 1191 .
1204 1183 1212 1192 .
1249 1153 1330 1202 Qui
1377 1152 1539 1203 quidem

147 1208 295 1246 iudices
313 1239 319 1246 .
341 1240 346 1246 .
367 1239 373 1246 .
394 1208 489 1246 mihi
516 1207 670 1258 utrique
695 1207 977 1258 suspectissimi
1000 1220 1063 1246 me
1083 1209 1190 1246 citari
1211 1208 1389 1246 fecerunt
1407 1237 1415 1245 .
1438 1236 1469 1245 ..
1487 1208 1539 1246 ad

146 1263 457 1312 comparendum
480 1263 735 1312 personaliter
756 1264 921 1310 Romae,
944 1261 984 1299 in
1005 1263 1093 1300 loco
1115 1292 1121 1299 .
1147 1292 1154 1299 .
1178 1292 1185 1300 .
1207 1274 1288 1300 non
1310 1268 1395 1299 tuto
1417 1291 1424 1298 .
1448 1291 1455 1299 .
1478 1291 1485 1298 .

202 1318 304 1355 Cum
325 1316 458 1366 itaque
483 1323 590 1355 metu
614 1316 841 1355 huiusmodi
864 1346 872 1354 .
894 1346 902 1355 .
927 1347 934 1354 .
956 1315 1169 1366 impeditus
1192 1317 1361 1354 Romam
1384 1316 1437 1353 ire
1458 1328 1538 1353 non

147 1384 315 1420 possem,
353 1370 556 1408 sollicitavi
591 1384 658 1420 per
697 1369 999 1408 illustrissimum
1040 1368 1262 1419 Principem
1297 1367 1538 1407 Fridericum

149 1426 184 1462 S.
210 1426 257 1462 R.
282 1426 312 1462 I.
341 1426 574 1471 Hectorem,
601 1424 793 1463 Saxoniae
820 1426 973 1462 Ducem
998 1454 1005 1462 .
1031 1453 1038 1461 .
1060 1454 1067 1462 .
1091 1430 1132 1462 ut
1159 1437 1181 1461 a
1205 1423 1299 1462 sede
1323 1422 1540 1473 apostolica

148 1492 265 1516 causa
294 1478 382 1516 viris
403 1508 410 1516 .
435 1509 441 1516 .
464 1509 471 1517 .
497 1479 806 1517 committeretur
827 1509 834 1516 .
859 1509 865 1516 .
889 1508 897 1516 .
919 1478 958 1515 in
990 1479 1079 1516 loco
1109 1484 1205 1524 tuto,
1233 1490 1364 1516 coram
1397 1476 1540 1527 quibus

148 1562 155 1569 .
180 1563 186 1569 .
211 1563 217 1570 .
242 1546 467 1582 comparere
490 1564 495 1570 .
521 1564 527 1570 .
554 1564 559 1570 .
582 1533 848 1582 paratissimus
870 1545 1008 1571 essem.

204 1588 324 1634 Ouod
346 1600 435 1624 cum
458 1588 493 1625 S.
514 1589 562 1625 1).
582 1588 631 1625 N
656 1589 738 1625 Leo
759 1588 795 1624 X
816 1594 857 1624 ut
873 1586 984 1624 cuius
1004 1585 1214 1624 clementia
1233 1593 1300 1624 et.
1345 1583 1540 1623 .iustitiae

149 1640 289 1678 observ
291 1641 396 1678 antia
416 1654 484 1690 per
504 1649 631 1679 totum
654 1641 789 1679 orbem
815 1639 1043 1691 dignissime
1071 1640 1301 1683 celebratur
1321 1652 1389 1689 per
1408 1639 1541 1677 adv-er

149 1694 268 1732 sarios
289 1708 381 1733 suae
402 1708 543 1733 causae
564 1695 757 1741 timentes,
780 1703 822 1732 ut
843 1694 882 1732 in
904 1707 1112 1744 personam
1135 1695 1182 1732 R.
1206 1695 1249 1731 Ρ
1274 1695 1322 1731 D.
1345 1693 1536 1739 Thomae,

149 1749 268 1785 Tituli
292 1750 326 1786 S.
352 1748 445 1786 Sixti
468 1749 686 1798 Presbyteri
713 1748 943 1795 Cardinalis,
967 1755 1124 1786 sanctae
1149 1746 1260 1786 Sedis
1288 1745 1541 1797 Apostolicae

150 1815 217 1851 per
239 1802 489 1840 Germaniam
519 1804 568 1841 de
593 1804 711 1841 latere
740 1803 885 1852 Legati,
910 1803 1189 1849 transferretur,
1212 1808 1411 1851 sperantes
1432 1801 1540 1850 quod

149 1869 239 1893 cum
270 1855 375 1894 idem
399 1858 446 1893 R.
478 1858 524 1893 D.
555 1857 605 1895 de
636 1856 786 1895 Ordine
815 1869 951 1894 eorum
980 1855 1104 1902 fuerit,
1130 1856 1311 1893 ruinosae
1340 1861 1378 1893 et
1403 1867 1540 1904 aegrae

150 1923 242 1947 suae
274 1923 423 1955 causae,
458 1909 608 1948 facilius
643 1911 719 1948 hoc
754 1909 910 1960 ingenio
945 1911 1204 1948 mederentur.
1264 1908 1344 1958 Qui
1378 1907 1538 1958 quidem

152 1965 199 2001 R.
230 1965 279 2001 D.
305 1963 376 2001 etsi
406 1972 610 2012 suspectus
641 1966 779 2002 merito
809 1963 930 2002 videri
959 1971 1121 2014 poterat,
1151 1964 1259 2013 quod
1289 1963 1339 2001 de
1368 1969 1476 2012 parte
1502 1969 1541 2000 et

150 2017 335 2068 opinione
355 2017 663 2055 adversariorum
685 2017 733 2055 sit
750 2047 758 2056 ,
778 2048 785 2055 .
804 2048 811 2055 .
831 2026 961 2055 tamen
983 2025 1024 2055 ut
1045 2019 1100 2055 vir
1120 2026 1178 2055 est
1199 2047 1205 2054 .
1230 2047 1236 2054 .
1261 2047 1269 2055 .
1291 2017 1540 2055 doctissimus

151 2079 188 2109 et
227 2070 544 2116 humanissimus,
586 2079 745 2119 paterne
775 2101 781 2108 .
811 2101 818 2109 .
849 2101 854 2108 .
891 2084 974 2109 sese
1011 2070 1105 2108 mihi
1140 2070 1316 2109 exhibuit
1343 2100 1350 2107 .
1381 2100 1387 2107 .
1420 2099 1428 2107 .
1461 2070 1539 2108 Sed

151 2125 401 2175 simpliciter.
421 2155 428 2162 .
448 2155 454 2162 .
476 2138 537 2162 me
557 2126 606 2162 ad
630 2124 918 2163 revocationem
939 2126 1095 2174 adigere
1116 2124 1247 2170 voluit,
1268 2123 1480 2162 minando.
1500 2153 1507 2160 .
1529 2153 1536 2160 .

154 2193 215 2217 me
242 2178 437 2217 sententia
461 2177 880 2217 excommunicationis
909 2179 1098 2216 innodare
1121 2207 1128 2214 .
1153 2208 1159 2214 .
1183 2207 1190 2215 .
1216 2179 1273 2215 Ex
1303 2177 1446 2226 quibus
1476 2190 1539 2214 me

151 2240 351 2283 gravatum
373 2234 625 2281 laesumque.
644 2262 650 2269 .
666 2262 673 2269 .
690 2231 828 2278 sentio,
844 2245 933 2269 cum
956 2239 993 2269 et
1009 2230 1127 2269 hodie
1149 2232 1268 2268 fatear
1288 2230 1540 2268 solummodo

153 2300 215 2325 me
254 2286 486 2336 disputasse,
519 2294 556 2324 et
595 2286 727 2323 omnia
766 2285 838 2322 sub
877 2284 1044 2334 pedibus
1079 2285 1116 2321 S.
1153 2286 1201 2321 D.
1239 2285 1288 2321 N.
1326 2283 1469 2322 Leonis
1503 2285 1540 2320 X

153 2341 376 2389 subiecisse,
422 2348 463 2378 ut
511 2340 676 2385 occidat,
720 2338 898 2384 vivificet,
949 2339 1143 2387 reprobet,
1189 2337 1392 2387 approbet,
1441 2336 1541 2375 sicut

153 2396 351 2446 placuerit
413 2396 464 2432 Et
492 2407 630 2432 vocem
659 2392 741 2432 eius
768 2405 906 2431 vocem
934 2393 1078 2431 Christi
1104 2391 1143 2429 in
1170 2391 1255 2440 ipso
1282 2389 1540 2440 praesidentis

152 2462 374 2499 agnoscam.
435 2450 484 2486 Et
514 2447 684 2497 legitime
716 2454 908 2506 protestor
938 2459 999 2484 me
1030 2445 1125 2483 nihil
1154 2444 1283 2483 dicere
1311 2451 1378 2482 aut
1407 2458 1540 2494 sapere

154 2505 262 2550 10110,
286 2504 395 2553 quod
416 2516 495 2540 non
521 2502 559 2539 in
587 2509 624 2540 et
652 2515 697 2539 ex
724 2500 839 2539 sacris
861 2500 978 2538 literis
999 2507 1035 2539 et
1061 2498 1332 2538 ecclesiasticis
1352 2498 1538 2548 patribus,
