1715 2780
186 89 263 140 360
464 90 585 129 THE
617 87 867 129 INTERIM
898 90 970 129 OF
998 86 1307 130 AUGSBURG
1504 87 1576 138 148

185 205 356 243 eumque
382 194 531 244 populo
558 207 604 232 ex
635 193 873 244 praescripto
900 194 950 232 de
977 206 1057 243 quo
1084 192 1202 232 etiam
1229 193 1448 242 conveniat,
1471 206 1576 233 com-

185 248 346 285 mendet
366 260 436 297 pro
457 247 607 286 ratione
628 249 678 286 de
698 261 809 286 sacro
830 249 906 286 hoc
927 248 1103 297 superius
1124 247 1326 297 explicata.

239 312 274 350 5.
307 302 448 341 Canon
482 301 588 349 item,
620 301 659 339 in
690 315 770 352 quo
802 301 899 339 nihil
932 308 1114 348 mutetur,
1145 301 1289 340 habeat
1317 299 1435 340 etiam
1464 315 1575 340 suam

184 356 424 393 succinctam
456 363 493 394 et
523 355 737 394 dilucidam
768 355 1144 406 interpretationem,
1169 362 1212 394 ut
1240 354 1334 394 inde
1363 355 1577 406 presbyteri

183 415 221 447 et
241 409 486 448 functionem
503 409 619 448 officii
641 410 698 448 sui
716 422 764 448 eo
781 409 921 448 melius
941 409 1156 459 intelligere
1172 416 1210 448 et
1225 410 1335 459 quod
1355 408 1577 460 intelligunt

183 464 330 513 populo
351 463 543 513 explicare
564 463 725 513 possint.

239 519 272 554 6.
305 517 589 556 Caeremoniae
609 519 782 568 reliquae
801 524 1147 564 sacramentorum,
1170 516 1276 555 iuxta
1295 518 1576 568 praescriptum

184 571 437 620 Agendarum
472 579 658 618 veterum,
694 572 982 610 adhibeantur:
1026 571 1065 609 in
1105 584 1202 621 quas
1239 578 1372 609 tamen
1411 571 1442 609 si
1480 571 1576 621 quid

183 623 344 674 irrepsit,
368 625 476 674 quod
497 638 656 664 causam
677 626 770 664 dare
791 625 914 675 possit
935 624 1211 675 superstitioni,
1233 626 1401 664 tollatur.

241 690 272 726 7.
305 678 466 726 Altaria,
495 686 622 718 vestes
657 680 917 725 sacerdotum,
949 693 1040 717 vasa
1069 678 1268 727 ecclesiae,
1300 678 1449 726 vexilla,
1481 677 1575 718 item

182 745 331 780 cruces,
363 734 566 781 candelae,
596 733 798 783 imagines,
833 734 1071 772 retineantur
1104 732 1144 771 in
1176 732 1351 772 ecclesia.
1411 734 1490 772 Sed
1525 732 1577 771 ita

182 793 314 824 tamen
348 794 390 824 ut
422 786 498 825 sint
533 795 814 826 monumenta:
857 800 930 825 nec
959 789 1087 825 cultus
1117 787 1250 825 latriae
1279 786 1319 824 in
1348 787 1425 825 hoc
1453 800 1577 837 genus

182 841 458 878 transferatur:
503 854 577 879 nec
615 842 665 879 ad
700 841 889 891 imagines
924 848 962 879 et
1000 848 1147 879 statuas
1185 839 1453 891 superstitiose
1487 854 1577 880 con-

182 906 317 932 cursus
347 895 424 932 fiat.

237 949 272 985 8.
305 950 442 987 Horae
463 956 595 987 autem
612 948 852 996 Canonicae,
871 955 909 987 et
930 947 995 986 illa
1011 947 1074 998 pia
1090 947 1310 998 psalmodia
1326 961 1444 998 quam
1462 948 1577 987 nobis

182 1003 399 1051 Apostolus
420 1002 503 1052 ipse
523 1003 829 1050 commendavit,
852 1016 899 1041 ex
920 1003 1095 1041 ecclesiis
1117 1001 1280 1040 minime
1301 1003 1508 1041 tollantur:
1539 1010 1577 1041 et

182 1056 248 1093 ubi
284 1056 462 1094 sublatae
496 1064 587 1094 sunt
620 1056 883 1104 restituantur,
918 1055 1087 1094 maxime
1118 1069 1210 1094 vero
1244 1056 1295 1095 de
1328 1063 1505 1106 ternpore
1539 1067 1578 1095 et

184 1109 395 1147 Dominica
417 1118 454 1148 et
474 1110 558 1148 aliis
579 1111 742 1148 vetustis
764 1118 801 1149 et
822 1109 1126 1149 solemnioribus
1147 1109 1266 1148 festis.

237 1177 270 1212 9.
304 1165 417 1213 Quae
438 1172 569 1203 autem
592 1165 642 1202 de
663 1164 816 1203 Sanctis
838 1164 992 1203 adiecta
1012 1171 1114 1211 sunt,
1137 1165 1188 1202 ad
1209 1177 1255 1202 ea
1274 1177 1376 1214 quae
1396 1163 1436 1201 in
1457 1163 1577 1202 veteri

182 1218 231 1255 de
253 1218 405 1256 Sanctis
431 1218 633 1256 communi
654 1218 783 1268 posita
809 1226 900 1256 sunt
926 1219 1171 1257 revocanda:
1202 1225 1240 1257 et
1264 1217 1389 1257 sicubi
1412 1219 1576 1257 modum

182 1273 388 1319 excedunt,
412 1272 642 1322 corrigenda
662 1272 855 1311 videntur.

240 1339 297 1363 10.
330 1325 496 1376 vigiliae
523 1326 617 1364 item
645 1333 683 1364 et
711 1326 919 1376 exsequiae
948 1333 1193 1364 mortuorum
1221 1326 1271 1364 de
1301 1338 1410 1364 more
1437 1324 1577 1364 veteris

183 1378 384 1418 Ecclesiae
408 1380 678 1418 celebrentur:
709 1388 810 1418 esset
838 1379 942 1418 enim
973 1379 1146 1418 immane
1172 1379 1210 1417 in
1236 1379 1402 1417 ecclesia
1428 1380 1575 1417 nullam

181 1434 333 1470 illorum
370 1433 601 1472 memoriam
636 1435 812 1480 retinere,
846 1433 956 1483 quasi
988 1434 1142 1471 animae
1172 1433 1345 1483 ipsorum
1376 1446 1456 1471 una
1484 1446 1574 1471 cum

181 1486 410 1536 corporibus
432 1487 658 1526 interierint.

241 1555 297 1578 11.
330 1541 435 1579 Festi
463 1541 556 1579 item
584 1541 668 1580 dies
696 1542 746 1579 ab
774 1540 950 1579 Ecclesia
980 1542 1125 1591 recepti
1155 1540 1405 1588 retineantur,
1435 1540 1465 1579 si
1494 1554 1575 1579 non

182 1607 320 1633 omnes
359 1603 492 1634 tamen
532 1595 754 1645 praecipui:
800 1594 1035 1634 Dominicae
1074 1594 1168 1642 dies,
1207 1594 1358 1633 Natalis
1398 1594 1574 1642 Domini,

183 1648 442 1688 Circumcisio
465 1649 639 1696 Domini,
664 1648 901 1700 Epiphania,
921 1650 1156 1696 Palmarum,
1181 1649 1333 1687 Pascha
1361 1662 1452 1687 cum
1482 1649 1577 1687 duo-

182 1702 254 1740 bus
294 1703 435 1742 diebus
474 1703 743 1753 sequentibus,
776 1703 970 1741 Ascensio
1004 1702 1177 1749 Domini,
1212 1705 1446 1741 Pentecoste
1484 1716 1575 1740 cum

181 1757 339 1795 duobus
370 1757 510 1795 diebus
541 1757 808 1807 sequentibuS,
837 1758 1022 1806 Corporis
1048 1756 1204 1804 Christi,
1233 1756 1338 1795 Festi
1366 1756 1461 1795 item
1491 1755 1575 1794 dies

184 1811 320 1848 beatae
365 1811 515 1849 Mariae
554 1811 711 1860 virginis
756 1820 793 1849 et
838 1819 1063 1849 sanctorum
1104 1812 1400 1860 Apostolorum,
1442 1809 1575 1848 Sancti

184 1864 343 1901 Ioannis
384 1865 594 1913 Baptistae,
631 1865 781 1903 Mariae
818 1866 1090 1914 Magdalenae,
1127 1863 1326 1914 Stephani,
1361 1863 1572 1911 Laurentii,

183 1917 355 1964 Martini,
399 1918 618 1965 Michaelis,
659 1920 849 1957 Omnium
891 1921 1135 1965 Sanctorum,
1177 1926 1215 1956 et
1257 1919 1363 1967 apud
1404 1917 1574 1967 singulas

181 1971 364 2009 ecclesias
408 1985 544 2010 eorum
584 1974 816 2010 Sanctorum
862 1972 929 2021 qui
972 1972 1121 2010 ibidem
1164 1973 1377 2021 singulares
1420 1973 1573 2020 patroni

183 2025 386 2072 habentur,
423 2033 465 2063 ut
504 2025 543 2062 in
578 2027 726 2064 eisdem
764 2026 995 2063 Sanctorum
1033 2025 1138 2063 festis
1175 2027 1306 2063 Deum
1346 2024 1386 2062 in
1420 2026 1573 2063 Sanctis

181 2079 431 2126 honoremus,
455 2092 608 2128 nosque
634 2080 684 2117 ad
712 2078 970 2117 imitationem
998 2078 1171 2129 ipsorum
1193 2078 1407 2116 excitemur
1426 2085 1464 2117 et
1485 2091 1575 2117 con-

181 2132 397 2170 sideremus
419 2132 661 2171 orationibus
683 2134 856 2182 ipsorum
877 2132 1049 2170 adiuvari
1072 2141 1109 2170 et
1131 2131 1276 2171 meritis
1296 2131 1491 2171 associari.

240 2200 298 2225 12.
340 2187 435 2225 Dies
476 2186 569 2224 item
603 2186 868 2236 Rogationum
902 2195 993 2224 ante
1023 2188 1310 2225 Ascensionem
1342 2185 1506 2224 Domini
1536 2193 1573 2224 et

181 2239 335 2278 Litania
361 2241 400 2278 in
422 2240 485 2279 die
511 2240 634 2278 sancti
657 2239 793 2286 Marci,
818 2248 855 2277 et
880 2253 947 2289 per
967 2253 1114 2278 annum
1137 2242 1234 2279 aliae
1255 2247 1469 2279 consuetae
1488 2253 1573 2290 pro-

179 2294 376 2332 cessiones
394 2308 465 2345 pro
486 2296 604 2333 veteri
627 2307 735 2332 more
755 2294 1022 2332 observentur.

238 2362 296 2397 13.
328 2348 512 2387 Similiter
533 2348 571 2386 in
593 2348 847 2386 hebdomada
868 2356 1001 2386 sancta
1022 2355 1060 2386 et
1081 2347 1182 2386 circa
1202 2349 1351 2398 reliqua
1371 2346 1573 2386 Ecclesiae

180 2402 277 2440 festa
297 2403 454 2441 debitae
476 2402 743 2441 solemnitates
771 2401 1043 2449 adhibeantur,
1066 2409 1104 2440 et
1130 2401 1169 2439 in
1189 2401 1319 2452 vigilia
1339 2402 1513 2440 Paschae
1534 2407 1573 2439 et

179 2457 432 2495 Pentecostes
460 2470 561 2506 aqua
586 2455 829 2506 baptismalis
857 2468 924 2505 per
950 2469 1087 2494 omnes
1116 2455 1300 2494 ecclesias
1327 2454 1571 2506 parochiales

178 2511 344 2548 solemni
368 2511 646 2549 benedictione
669 2517 927 2560 praeparetur.
