1715 2780
12 2357 35 2580 fflffl'fiu*
15 2331 18 2341 “

158 86 229 114 122
419 74 540 111 THE
570 73 708 110 DIET
738 72 810 111 OF
839 71 1156 117 AUGSBURG‚
1194 81 1294 120 1530
1479 81 1552 118 297

157 176 338 224 vellano,1
376 175 639 224 Τ1110005510,2
676 189 744 227 per
783 174 1035 214 Fredericum
1085 172 1333 212 Palatinum3
1372 173 1411 210 in
1451 173 1553 210 hanc

158 232 393 271 sententiam
413 231 534 270 verba
553 231 645 269 facit
660 245 722 269 :—

210 284 388 325 Omnino
420 298 596 336 sperasse
625 286 799 323 futurum
829 291 871 322 ut
905 291 985 322 tam
1017 289 1195 321 amanter
1228 288 1347 331 atque
1382 279 1551 330 benigne

157 354 181 379 a
200 353 241 379 se
261 340 566 378 commonefacti
586 347 675 390 post
691 338 906 378 exhibitam
923 338 1226 378 Confessionem
1246 337 1297 374 ad
1319 348 1408 373 suas
1424 342 1552 385 partes

158 393 375 441 transirent,
405 401 444 432 et
469 407 696 444 quanquam
724 394 764 432 id
792 394 932 431 frustra
958 392 1120 442 sperarit
1145 398 1289 437 tamen,
1318 403 1409 428 cum
1440 390 1553 427 inter-

157 449 342 488 cederent
386 447 595 498 principes,
635 448 847 486 assensisse
886 454 928 485 ut
967 460 1013 485 ex
1051 444 1160 484 omni
1191 458 1358 483 numero
1390 442 1552 494 quidam

157 502 419 562 deligerentur
449 501 736 541 conciliationis
775 514 904 548 causa,
944 509 982 539 et
1021 513 1151 539 rursus
1183 498 1224 537 in
1262 511 1407 537 novam
1441 511 1552 548 spem

157 556 310 596 venisse
353 558 506 596 futurae
552 557 818 604 concordiae3
865 568 972 593 nunc
1009 562 1142 593 autem
1185 566 1266 592 non
1315 552 1399 591 sine
1446 552 1551 601 gravi

158 610 337 650 molestia
366 623 605 661 cognoscere
642 612 748 661 ipsos
778 624 801 648 a
830 609 989 659 reliquis
1021 609 1228 647 dissentire
1259 607 1300 645 in
1332 606 1552 665 praecipuis

157 664 362 716 dogmatis,
399 666 508 715 quod
539 666 656 715 plane
696 664 770 703 sibi
804 672 956 725 praeter
990 662 1306 713 expectationem
1338 659 1552 707 acciderit,

158 733 230 758 nec
251 720 356 758 enim
377 719 619 758 existimasse
640 720 723 757 fore
753 726 795 757 ut
822 718 906 768 ipsi,
930 717 997 768 qui
1026 725 1118 755 sunt
1146 729 1311 754 numero
1341 714 1468 765 pauci,
1492 728 1552 753 res

157 786 278 812 novas
313 773 608 812 introducerent
638 781 775 811 contra
805 780 1001 811 vetustum
1034 779 1072 810 et
1106 777 1401 810 sacrosanctum
1432 770 1551 807 totius

159 827 360 866 Ecclesiae
381 841 543 875 morem,
562 836 629 866 aut
657 827 852 878 singulare
875 826 1038 876 aliquod
1069 826 1273 864 doctrinae
1297 837 1421 874 genus
1447 837 1553 861 usur-

157 890 303 932 parent,
335 895 358 920 a
387 881 603 930 Pontificis,
634 896 657 919 a
687 895 770 928 suo,
801 895 824 919 a
855 880 1096 919 Ferdinandi
1127 879 1259 930 Regis,
1290 879 1341 916 ab
1371 877 1550 916 omnium

158 935 317 996 Imperii
353 935 581 987 Principum
614 942 652 974 et
683 912 892 983 Ordinum,
924 948 947 973 a
979 934 1097 973 totius
1133 934 1240 972 orbis
1267 946 1402 983 regum
1434 940 1553 982 atque

157 989 349 1029 maiorum
370 989 549 1029 instituto
569 991 754 1029 alienum.
815 991 900 1028 Iam
931 1002 1022 1028 vero
1042 988 1134 1039 quia
1164 996 1202 1026 et
1229 986 1444 1026 concilium
1465 999 1553 1035 cogi

157 1052 194 1083 et
215 1045 419 1083 decretum
440 1044 504 1082 hic
526 1043 608 1082 fieri
628 1043 838 1094 pacificum
860 1051 1006 1093 petant,
1031 1056 1082 1089 se,
1107 1041 1174 1093 qui
1194 1055 1331 1092 pacem
1361 1039 1552 1090 imprimis

156 1105 276 1148 optet,
300 1099 530 1137 effecturum
551 1099 657 1148 apud
683 1097 917 1136 Pontificem
947 1106 985 1136 et
1009 1096 1180 1147 reliquos
1207 1095 1312 1134 orbis
1339 1094 1551 1134 Christiani

158 1152 358 1203 Principes
380 1160 433 1200 ut,
457 1152 524 1191 ubi
546 1154 715 1203 primum
737 1152 965 1190 convenerit
987 1152 1036 1190 de
1052 1152 1153 1197 loco,
1169 1149 1382 1188 concilium
1404 1150 1553 1187 denun-

156 1207 289 1254 cietur,
320 1208 396 1245 hoc
421 1220 462 1246 se
488 1208 661 1266 recipere
689 1207 782 1257 ipsis
811 1214 931 1256 atque
958 1206 1202 1250 confirmare,
1229 1217 1364 1242 verum
1394 1216 1440 1241 ea
1470 1204 1554 1253 lege

157 1268 288 1299 tamen
328 1268 368 1299 ut
407 1260 562 1300 interim
601 1262 782 1308 eandem,
823 1274 941 1310 quam
990 1259 1084 1310 ipse,
1126 1272 1246 1309 quam
1284 1257 1348 1296 alii
1393 1270 1554 1307 quoque

156 1314 362 1365 principes,
388 1314 616 1374 religionem
639 1322 862 1365 sequantur.
924 1315 1028 1353 Nam
1056 1320 1099 1351 ut
1125 1311 1337 1351 concilium
1369 1319 1493 1361 cogat,
1517 1319 1554 1349 et

156 1368 412 1407 nihilominus
443 1383 524 1408 rem
561 1368 612 1407 ita
643 1370 830 1407 fluctuare
858 1368 958 1406 sinat
993 1381 1123 1417 neque
1153 1365 1408 1405 novationem
1439 1364 1552 1403 istam

156 1431 345 1470 coerceat,
380 1425 466 1474 quis
506 1436 586 1462 non
619 1423 749 1462 videat
781 1436 899 1473 quam
934 1424 973 1461 id
1005 1421 1078 1460 sibi
1115 1420 1353 1471 reliquisque
1380 1421 1551 1458 futurum

156 1476 204 1515 sit
223 1479 367 1527 grave?

211 1531 272 1569 Illi
300 1544 389 1570 vero
418 1545 509 1570 cum
540 1531 834 1579 deliberassent,
859 1532 1006 1569 nullam
1034 1543 1075 1569 se
1103 1543 1246 1568 novam
1273 1536 1419 1567 sectam
1450 1528 1553 1565 insti

156 1585 287 1633 tuisse,
305 1599 435 1636 neque
456 1585 720 1625 secessionem
741 1586 792 1624 ab
813 1585 978 1624 ecclesia
1000 1584 1223 1624 Christiana
1244 1582 1382 1622 fecisse
1403 1582 1551 1620 dicunt

158 1641 279 1688 Quod
318 1639 530 1678 concilium
572 1654 653 1678 non
693 1648 857 1687 recuset,
893 1652 1009 1689 agere
1051 1651 1284 1688 permagnas
1326 1635 1479 1687 gratias,
1515 1644 1552 1674 et

157 1701 289 1742 petere
306 1702 348 1732 ut
369 1695 496 1744 primo
517 1707 677 1754 quo-que
704 1702 882 1744 tempore
913 1693 1020 1743 pium
1046 1700 1166 1751 atque
1197 1691 1364 1729 liberum
1393 1691 1432 1728 in
1459 1691 1552 1728 Ger

159 1747 289 1786 mania
336 1756 505 1798 cogatur,
547 1748 603 1786 uti
648 1747 826 1797 proximo
869 1755 906 1785 et
951 1760 1141 1797 superiorl
1180 1753 1379 1784 conventu
1419 1743 1553 1794 Spirae

158 1803 361 1840 decretum
393 1803 454 1841 sit.
514 1804 571 1841 Ut
602 1810 735 1840 autem
770 1801 940 1840 abolitos
981 1801 1171 1839 e‹cles1ac
1211 1801 1420 1837 Romanae
1458 1799 1553 1836 litus

157 1863 277 1905 atque
293 1857 479 1906 dogmata
500 1855 700 1906 recipiant,
724 1869 804 1894 non
826 1869 867 1894 se
888 1868 1004 1906 posse
1026 1855 1132 1893 bona
1152 1868 1244 1892 cum
1266 1853 1520 1893 conscientia.

214 1911 358 1949 Caesar
387 1924 410 1949 a
445 1911 568 1948 multa
601 1911 902 1957 consultatione,
938 1923 1006 1960 per
1034 1907 1324 1955 Truccessium,
1356 1906 1555 1945 actionem

159 1976 318 2003 omnem
341 1964 414 2003 sibi
439 1966 581 2003 lectam
611 1977 698 2003 esse
725 1963 931 2014 diligenter
954 1972 992 2002 et
1017 1964 1300 2012 perlustratam,
1324 1969 1361 2000 et
1389 1961 1555 2011 reperire

157 2017 220 2064 ait,
253 2020 491 2068 permultum
519 2018 626 2068 ipsos
656 2019 708 2057 ab
743 2019 910 2057 ecclesia
941 2016 1167 2057 Christiana
1191 2016 1393 2063 dissidere,
1426 2016 1555 2052 mirari

159 2070 276 2110 etiam
292 2073 535 2112 delectorum
550 2072 752 2111 lenitatem
767 2074 835 2122 qui
849 2080 929 2111 tam
945 2073 1067 2110 multa
1082 2070 1362 2117 concesserint,
1380 2071 1554 2120 ipsorum

159 2138 249 2164 vero
286 2126 469 2165 duritiem
509 2126 577 2177 qui
610 2140 691 2165 non
722 2126 947 2177 acceperint
986 2126 1130 2164 oblata.
1191 2125 1313 2173 Ouod
1348 2132 1478 2162 autem
1510 2136 1555 2161 ex

158 2179 323 2219 decretis
346 2180 507 2240 Imperii
527 2180 740 2220 concilium
763 2188 909 2231 petant,
932 2194 1013 2218 non
1044 2180 1190 2218 habere
1215 2181 1346 2217 locum
1369 2190 1442 2215 nec
1462 2176 1555 2226 ipsis

158 2232 284 2282 licere,
325 2235 392 2285 qui
430 2242 674 2285 postremum
714 2236 810 2273 illud
850 2234 1033 2284 Spirense
1072 2235 1273 2272 decretum
1315 2230 1555 2281 repudiarint

159 2295 373 2338 contraque
403 2296 493 2327 sunt
520 2288 723 2339 protestati
754 2297 791 2327 et
818 2289 868 2327 ab
893 2302 941 2327 00
970 2287 1240 2338 provocarint:
1276 2301 1342 2336 qu
1332 2299 1394 2323 1111
1424 2293 1554 2323 tamen

202 2396 212 2415 ¹
239 2397 377 2429 Nicolas
394 2398 434 2430 de
451 2399 638 2438 Granvclla,
660 2399 898 2439 1486—l⁴1550;
926 2398 1137 2434 t‘lianccllor,
1163 2406 1254 2436 1530.
1386 2396 1396 2413 ²
1422 2397 1552 2435 tieorge

160 2439 344 2480 Truehscss,
368 2442 593 2482 1488—†1531.
729 2442 740 2459 ¹¹
767 2442 935 2474 lsredrriek
956 2443 1000 2480 11,
1022 2442 1152 2472 Elector
1173 2441 1326 2480 Palatino,
1352 2449 1430 2479 ¹544
1446 2439 1533 2479 156.
