1715 2780
174 105 246 143 252
361 90 656 132 CATHOLIC
686 91 805 129 AND
838 90 1225 136 PROTESTANT,
1260 101 1359 140 1529
1488 99 1568 138 109

227 197 446 235 Lutherus:
480 198 526 214 “‘
542 196 683 232 Donec
705 193 844 240 veniat,
867 195 962 231 &c.''
1020 194 1102 230 Vos
1129 191 1368 242 distinguitis
1392 192 1563 230 humani-

172 258 292 288 tatem
336 258 374 289 et
417 247 676 295 divinitatem,
716 260 790 297 ego
832 260 914 285 non
957 259 1061 285 curo.
1134 247 1367 295 “Pauperes
1414 259 1568 295 semper

174 303 380 351 habebitis,
408 316 471 341 me
501 315 592 348 non,
616 303 710 339 &c.''
767 300 974 350 Optimum
1005 307 1280 350 argumentum
1310 300 1419 349 quod
1448 299 1568 338 hodie

171 358 402 397 adduxistis.
462 355 776 395 Substantialiter
807 362 849 393 ut
883 361 999 392 natus
1026 362 1085 392 est
1117 366 1138 391 e
1165 352 1326 403 virgine,
1356 352 1410 391 ita
1439 361 1497 392 est
1527 355 1566 391 in

173 413 450 450 Sacramento:
484 409 564 447 Hic
585 408 792 459 requiritur
811 407 991 457 analogia
1013 406 1116 455 fidei,
1135 420 1181 446 ex
1202 407 1433 445 definitione
1454 407 1566 446 fidei'

172 466 223 504 ad
255 464 364 503 Heb.
386 466 421 502 xi
444 477 527 513 cap.

227 517 585 567 Oecolampadius:
638 516 865 555 ‘Christum
915 529 997 553 non
1046 514 1297 564 agnoscimus
1345 513 1566 552 secundum

172 575 355 611 carnem.⁷

228 626 434 676 Philippus
452 641 458 663 :
492 626 563 662 ‘Id
585 632 653 670 est,
678 625 899 662 secundum
919 631 1094 661 nostram
1115 625 1297 660 carnem.'

228 678 588 728 Oecolampadius:
622 680 728 715 ‘Vos
773 686 931 727 tropum
976 676 1091 715 nobis
1133 675 1317 722 adimitis,
1358 684 1395 713 et
1435 683 1567 713 tamen

173 735 452 783 synecdochen
474 731 608 777 facitis,
633 739 770 770 contra
790 731 1035 769 intellectum
1057 729 1381 769 Catholicorum.'

229 789 448 826 Lutherus:
483 788 600 823 ‘Hoc
641 787 730 823 Deo
769 785 1066 823 committimus.
1124 784 1382 833 Synecdoche
1421 792 1490 830 est,
1528 792 1569 821 ut

173 841 325 892 gladius
360 854 451 878 cum
482 839 630 888 vagina,
664 841 730 877 the
762 840 928 877 tankard
961 838 1052 876 with
1086 839 1153 876 the
1187 838 1289 876 beer
1349 840 1373 856 “
1366 838 1481 875 ‘Hoc
1511 846 1569 875 est

173 908 315 945 corpus
337 902 493 932 meum
499 893 557 930 'is
579 895 673 931 then
694 906 744 930 an
765 892 955 930 inclusive
979 893 1144 941 phrase:
1174 904 1267 929 nam
1287 903 1430 941 corpus
1451 899 1509 928 est
1529 890 1569 927 in

174 963 275 999 pane
305 949 404 986 sicut
434 947 586 997 gladius
617 947 656 984 in
686 946 838 1006 vagina.
898 948 1017 984 Hanc
1046 946 1210 995 figuram
1240 951 1367 982 textus
1397 944 1567 994 requirit,

174 1004 244 1042 sed
274 1003 505 1052 metaphora
534 1014 615 1038 rem
646 1000 811 1038 omnino
841 999 953 1047 tollit,
976 1006 1019 1037 ut
1048 1012 1139 1037 cum
1169 998 1351 1037 dicatur‘
1357 997 1570 1048 ‘,²’Corpus

176 1058 216 1096 id
251 1064 319 1103 est,
355 1057 476 1105 figura
512 1054 710 1104 corporis!
768 1055 1017 1103 Exemplum,
1053 1056 1100 1072 “⁶
1115 1054 1240 1102 Supra
1278 1065 1397 1101 quem
1429 1051 1570 1090 videris

176 1087 439 1155 columbam?
470 1109 508 1146 in
540 1122 617 1158 qua
648 1116 727 1146 erat
759 1107 923 1157 Spiritus
954 1109 1136 1145 sanctus?

230 1162 564 1212 Oecolampadius
586 1163 662 1200 hoc
679 1163 903 1211 exemplum
920 1160 1152 1207 retractavit,
1170 1169 1208 1198 et
1223 1161 1274 1198 ad
1291 1173 1401 1198 suam
1419 1166 1572 1197 senten-

175 1218 267 1256 tiam
291 1217 439 1267 optime
460 1215 634 1254 deduxit.

230 1271 453 1320 Zuinglius:
488 1272 627 1307 ‘Rom
651 1269 727 1316 viii,
754 1273 774 1288 “
790 1271 900 1307 Deus
922 1268 1026 1306 misit
1055 1268 1197 1305 Filium
1219 1281 1334 1306 suum
1355 1268 1571 1306 conforma-

176 1335 258 1364 tum
289 1326 394 1363 carni
425 1331 590 1374 peccato
620 1323 825 1370 obnoxiae,
849 1324 944 1361 &c.⁷’
1002 1323 1065 1360 Ad
1098 1321 1265 1371 Philipp.
1309 1319 1570 1359 “Exinanivit

176 1378 432 1428 semetipsum
454 1378 655 1428 σχήΙιωιτῌ7
706 1377 811 1415 Heb.
835 1376 859 1413 ii
883 1379 904 1395 “
920 1375 1169 1413 Assimilatus
1189 1375 1370 1413 fratribus
1385 1376 1415 1412 ''.
1467 1375 1571 1423 Ergo

178 1433 327 1470 finitam
363 1433 482 1470 habet
514 1430 812 1468 humanitatem.
872 1429 911 1467 Si
941 1442 1083 1478 corpus
1113 1442 1278 1475 sursum,
1302 1441 1393 1478 ergo
1424 1427 1464 1465 in
1491 1441 1571 1465 uno

178 1488 291 1525 loco.⁷
348 1484 603 1543 Augustinus,
627 1483 856 1533 Fulgentius
877 1491 914 1521 et
934 1484 998 1520 alii
1019 1483 1281 1520 adducuntur.
1333 1481 1570 1521 Conclusio:

179 1541 355 1610 ‘·C01pus
381 1540 526 1578 Christi
557 1552 595 1575 m
625 1551 704 1576 uno
734 1539 850 1584 loco;
881 1549 972 1586 ergo
999 1549 1080 1574 non
1107 1543 1236 1585 potest
1263 1548 1348 1574 esse
1373 1535 1411 1573 in
1440 1534 1571 1573 multis

176 1594 297 1632 locis?

232 1648 427 1685 Lutherus
448 1659 517 1696 pro
538 1662 706 1696 σχηματι
726 1644 765 1682 in
787 1645 1003 1694 repetendo
1020 1643 1142 1682 dixit‘
1157 1645 1256 1690 ἕξεις.
1308 1645 1419 1681 “Per
1439 1642 1572 1680 onmia

178 1701 314 1739 similis
330 1702 375 1739 ⁷':
405 1713 496 1750 ergo
526 1699 663 1738 habuit
693 1711 866 1744 uxorem,
888 1699 967 1736 and
998 1698 1113 1735 black
1143 1710 1244 1748 eyes.
1304 1697 1426 1746 Quod
1455 1697 1502 1734 sit
1532 1697 1571 1733 in

178 1758 278 1802 loco,
301 1754 377 1792 iam
399 1762 514 1792 antea
535 1753 614 1792 dixi
635 1752 747 1790 vobis
767 1760 886 1801 atque
912 1753 1014 1790 adeo
1040 1751 1155 1790 edico
1182 1752 1291 1801 quod
1311 1751 1406 1788 nolo
1427 1751 1572 1787 mathe-

178 1809 385 1846 maticam:
419 1808 456 1845 id
485 1819 602 1856 saepe
627 1815 772 1856 repeto.
834 1808 888 1845 Ut
916 1808 955 1843 in
976 1805 1115 1845 Coena
1141 1804 1189 1843 sit
1216 1812 1254 1843 et
1279 1812 1319 1842 ut
1346 1803 1386 1841 in
1413 1805 1501 1842 loco
1521 1816 1572 1841 ne

176 1863 382 1900 curemus.⁷

232 1915 431 1964 Zuinglius
461 1916 626 1951 Paulum
657 1913 818 1951 adducit
848 1914 899 1951 ad
930 1912 1098 1962 Philipp.
1122 1912 1158 1959 ii,
1183 1913 1253 1952 ιῸς
1272 1915 1309 1949 ἐν
1327 1912 1460 1961 μορφῇ
1478 1913 1572 1948 Θεοῦ

180 1971 363 2019 ὑπάρχων.
423 1970 536 2013 Item,
559 1969 710 2017 μορφὴν
730 1968 864 2005 δούλου
883 1967 1024 2014 λαβών.

236 2023 453 2060 Lutherus:
487 2024 495 2040 ‘
513 2022 652 2058 Latine
673 2022 733 2058 vel
755 2019 990 2058 Germanice
1010 2021 1125 2068 legas,
1149 2031 1229 2057 non
1250 2018 1424 2056 Graece!

234 2075 434 2125 Zuinglius
464 2074 602 2112 Latine
629 2087 670 2112 50
697 2080 867 2119 excusat,
889 2085 1033 2122 nempe
1060 2073 1167 2121 quod
1195 2071 1245 2109 xii
1271 2071 1384 2109 annis
1411 2083 1503 2109 usus
1524 2070 1572 2108 sit

179 2131 333 2168 Graeco
335 2106 504 2166 Ocodice.
549 2130 665 2165 Tunc
686 2139 850 2176 pergens
871 2126 1007 2173 dixit‚‘
1023 2127 1126 2175 Ergo
1147 2124 1327 2164 Christus
1347 2132 1405 2163 est
1426 2125 1569 2171 finitus,

180 2191 221 2221 ut
242 2196 314 2221 nos
336 2182 435 2220 finiti
455 2182 614 2219 sumus?

235 2238 455 2274 Lutherus:
489 2234 717 2274 ‘Concedo
776 2233 910 2272 Simile
944 2234 993 2271 de
1029 2246 1129 2270 nuce
1163 2240 1201 2271 et
1233 2231 1402 2271 cortice:
1438 2232 1489 2269 ita
1521 2232 1570 2269 de

180 2303 342 2340 corpore
373 2288 529 2335 Christi,
558 2290 666 2326 Deus
696 2294 825 2337 potest
853 2288 990 2333 facere,
1021 2288 1128 2345 quod
1160 2299 1241 2324 non
1269 2285 1318 2324 sit
1346 2285 1387 2323 in
1415 2286 1504 2323 loco
1534 2294 1571 2322 et

179 2344 319 2394 quod
310 2357 350 2381 m
371 2344 482 2382 loco?
541 2341 621 2379 Hic
642 2342 765 2379 multa
785 2349 865 2379 erat
886 2340 1150 2378 controversia
1165 2341 1215 2378 de
1235 2341 1334 2377 loco.

236 2399 286 2436 Et
316 2411 405 2435 cum
438 2397 633 2434 Lutherus
662 2394 920 2433 concessisset
955 2393 1109 2431 finitum
1139 2406 1224 2431 esse
1253 2405 1395 2443 corpus
1425 2391 1570 2431 Christi

180 2460 218 2489 et
239 2451 439 2501 Zuinglius
459 2450 599 2488 inferre
619 2450 777 2495 telletff
796 2450 899 2497 Ergo
920 2449 1055 2485 locale.
1114 2448 1152 2485 Si
1174 2448 1299 2485 locale
1319 2454 1357 2484 et
1377 2445 1416 2483 in
1437 2444 1568 2491 coelis,
