<?xml version="1.0" encoding="UTF-8"?>
<!DOCTYPE html PUBLIC "-//W3C//DTD XHTML 1.0 Transitional//EN"
    "http://www.w3.org/TR/xhtml1/DTD/xhtml1-transitional.dtd">
<html xmlns="http://www.w3.org/1999/xhtml" xml:lang="en" lang="en">
 <head>
  <title>
</title>
<meta http-equiv="Content-Type" content="text/html;charset=utf-8" />
  <meta name='ocr-system' content='tesseract 3.04.00' />
  <meta name='ocr-capabilities' content='ocr_page ocr_carea ocr_par ocr_line ocrx_word'/>
</head>
<body>
  <div class='ocr_page' id='page_1' title='image "./docreform00kidd_0292.png"; bbox 0 0 1715 2780; ppageno 0'>
   <div class='ocr_carea' id='block_1_1' title="bbox 178 118 1569 168">
    <p class='ocr_par' dir='ltr' id='par_1_1' title="bbox 178 118 1569 168">
     <span class='ocr_line' id='line_1_1' title="bbox 178 118 1569 168; baseline 0.001 -13"><span class='ocrx_word' id='word_1_1' title='bbox 178 121 253 166; x_wconf 86' lang='lat'><strong>264</strong></span> <span class='ocrx_word' id='word_1_2' title='bbox 450 119 569 155; x_wconf 86' lang='lat' dir='ltr'><strong>THE</strong></span> <span class='ocrx_word' id='word_1_3' title='bbox 602 119 739 156; x_wconf 86' lang='lat' dir='ltr'>DIET</span> <span class='ocrx_word' id='word_1_4' title='bbox 771 119 841 157; x_wconf 86' lang='lat' dir='ltr'><strong>OF</strong></span> <span class='ocrx_word' id='word_1_5' title='bbox 872 118 1190 165; x_wconf 81' lang='lat' dir='ltr'>AUGSBURG‚</span> <span class='ocrx_word' id='word_1_6' title='bbox 1228 129 1327 168; x_wconf 84' lang='lat'>1530</span> <span class='ocrx_word' id='word_1_7' title='bbox 1501 119 1569 156; x_wconf 88' lang='lat'><strong>116</strong></span> 
     </span>
    </p>
   </div>
   <div class='ocr_carea' id='block_1_2' title="bbox 173 220 1570 541">
    <p class='ocr_par' dir='ltr' id='par_1_2' title="bbox 173 220 1570 541">
     <span class='ocr_line' id='line_1_2' title="bbox 173 220 1570 272; baseline 0.001 -12"><span class='ocrx_word' id='word_1_8' title='bbox 173 234 306 260; x_wconf 87' lang='lat' dir='ltr'><strong>coram</strong></span> <span class='ocrx_word' id='word_1_9' title='bbox 328 222 418 261; x_wconf 89' lang='lat' dir='ltr'><strong>Deo</strong></span> <span class='ocrx_word' id='word_1_10' title='bbox 432 221 580 260; x_wconf 89' lang='lat' dir='ltr'><strong>mereri.</strong></span> <span class='ocrx_word' id='word_1_11' title='bbox 630 236 662 260; x_wconf 91' lang='lat'><strong>2.</strong></span> <span class='ocrx_word' id='word_1_12' title='bbox 696 222 799 260; x_wconf 85' lang='lat' dir='ltr'><strong>Nam</strong></span> <span class='ocrx_word' id='word_1_13' title='bbox 821 220 997 260; x_wconf 82' lang='lat' dir='ltr'>remissio</span> <span class='ocrx_word' id='word_1_14' title='bbox 1016 227 1269 272; x_wconf 89' lang='lat' dir='ltr'><strong>peccatorum</strong></span> <span class='ocrx_word' id='word_1_15' title='bbox 1288 227 1327 261; x_wconf 89' lang='lat' dir='ltr'><strong>et</strong></span> <span class='ocrx_word' id='word_1_16' title='bbox 1347 220 1570 261; x_wconf 86' lang='lat' dir='ltr'><strong>iustificatio</strong></span> 
     </span>
     <span class='ocr_line' id='line_1_3' title="bbox 175 274 1570 326; baseline 0.001 -13"><span class='ocrx_word' id='word_1_17' title='bbox 175 276 254 315; x_wconf 91' lang='lat' dir='ltr'><strong>fide</strong></span> <span class='ocrx_word' id='word_1_18' title='bbox 281 276 600 326; x_wconf 82' lang='lat' dir='ltr'><strong>apprehenditur,</strong></span> <span class='ocrx_word' id='word_1_19' title='bbox 633 275 731 314; x_wconf 91' lang='lat' dir='ltr'><strong>sicut</strong></span> <span class='ocrx_word' id='word_1_20' title='bbox 760 282 922 315; x_wconf 85' lang='lat' dir='ltr'><strong>testatur</strong></span> <span class='ocrx_word' id='word_1_21' title='bbox 952 282 990 314; x_wconf 91' lang='lat' dir='ltr'><strong>et</strong></span> <span class='ocrx_word' id='word_1_22' title='bbox 1018 288 1094 314; x_wconf 87' lang='lat' dir='ltr'><strong>vox</strong></span> <span class='ocrx_word' id='word_1_23' title='bbox 1122 274 1292 315; x_wconf 88' lang='lat' dir='ltr'>Christi:</span> <span class='ocrx_word' id='word_1_24' title='bbox 1331 276 1460 325; x_wconf 82' lang='lat' dir='ltr'><strong>Quum</strong></span> <span class='ocrx_word' id='word_1_25' title='bbox 1476 276 1570 325; x_wconf 87' lang='lat' dir='ltr'><strong>fece·—</strong></span> 
     </span>
     <span class='ocr_line' id='line_1_4' title="bbox 173 330 1570 379; baseline 0.001 -12"><span class='ocrx_word' id='word_1_26' title='bbox 173 330 262 367; x_wconf 78' lang='lat' dir='ltr'><strong>ritis</strong></span> <span class='ocrx_word' id='word_1_27' title='bbox 281 331 370 368; x_wconf 70' lang='lat' dir='ltr'><strong>llaec</strong></span> <span class='ocrx_word' id='word_1_28' title='bbox 387 330 527 376; x_wconf 77' lang='lat' dir='ltr'><strong>omnia,</strong></span> <span class='ocrx_word' id='word_1_29' title='bbox 550 330 666 376; x_wconf 80' lang='lat' dir='ltr'><strong>dicite,</strong></span> <span class='ocrx_word' id='word_1_30' title='bbox 688 331 791 368; x_wconf 76' lang='lat' dir='ltr'><strong>servi</strong></span> <span class='ocrx_word' id='word_1_31' title='bbox 807 330 961 367; x_wconf 72' lang='lat' dir='ltr'><strong>inutiles</strong></span> <span class='ocrx_word' id='word_1_32' title='bbox 979 342 1119 367; x_wconf 82' lang='lat' dir='ltr'><strong>sumus.</strong></span> <span class='ocrx_word' id='word_1_33' title='bbox 1167 343 1200 379; x_wconf 80' lang='lat'><strong>3.</strong></span> <span class='ocrx_word' id='word_1_34' title='bbox 1234 330 1348 368; x_wconf 84' lang='lat' dir='ltr'><strong>Idem</strong></span> <span class='ocrx_word' id='word_1_35' title='bbox 1369 330 1516 368; x_wconf 89' lang='lat' dir='ltr'>docent</span> <span class='ocrx_word' id='word_1_36' title='bbox 1532 337 1570 368; x_wconf 91' lang='lat' dir='ltr'><strong>et</strong></span> 
     </span>
     <span class='ocr_line' id='line_1_5' title="bbox 173 382 1569 433; baseline 0.001 -12"><span class='ocrx_word' id='word_1_37' title='bbox 173 390 323 422; x_wconf 89' lang='lat' dir='ltr'><strong>veteres</strong></span> <span class='ocrx_word' id='word_1_38' title='bbox 339 383 545 433; x_wconf 82' lang='lat' dir='ltr'>scriptores</span> <span class='ocrx_word' id='word_1_39' title='bbox 567 383 832 421; x_wconf 89' lang='lat' dir='ltr'><strong>ecclesiastici.</strong></span> <span class='ocrx_word' id='word_1_40' title='bbox 890 382 1124 422; x_wconf 88' lang='lat' dir='ltr'><strong>Ambrosius</strong></span> <span class='ocrx_word' id='word_1_41' title='bbox 1145 382 1251 421; x_wconf 89' lang='lat' dir='ltr'><strong>enim</strong></span> <span class='ocrx_word' id='word_1_42' title='bbox 1271 382 1421 433; x_wconf 89' lang='lat' dir='ltr'><strong>inquit:</strong></span> <span class='ocrx_word' id='word_1_43' title='bbox 1450 386 1460 403; x_wconf 93' lang='lat'><em>‘</em></span> <span class='ocrx_word' id='word_1_44' title='bbox 1476 385 1569 422; x_wconf 92' lang='lat' dir='ltr'><strong>Hoc</strong></span> 
     </span>
     <span class='ocr_line' id='line_1_6' title="bbox 174 435 1567 487; baseline 0 -12"><span class='ocrx_word' id='word_1_45' title='bbox 174 438 432 476; x_wconf 87' lang='lat' dir='ltr'><strong>constitutum</strong></span> <span class='ocrx_word' id='word_1_46' title='bbox 464 444 522 475; x_wconf 89' lang='lat' dir='ltr'><strong>est</strong></span> <span class='ocrx_word' id='word_1_47' title='bbox 550 450 574 475; x_wconf 89' lang='lat' dir='ltr'><strong>a</strong></span> <span class='ocrx_word' id='word_1_48' title='bbox 604 439 707 484; x_wconf 88' lang='lat' dir='ltr'><strong>Deo,</strong></span> <span class='ocrx_word' id='word_1_49' title='bbox 735 444 777 475; x_wconf 91' lang='lat' dir='ltr'><strong>ut</strong></span> <span class='ocrx_word' id='word_1_50' title='bbox 807 436 875 487; x_wconf 88' lang='lat' dir='ltr'><strong>qui</strong></span> <span class='ocrx_word' id='word_1_51' title='bbox 904 436 1027 476; x_wconf 90' lang='lat' dir='ltr'><strong>credit</strong></span> <span class='ocrx_word' id='word_1_52' title='bbox 1056 436 1097 474; x_wconf 92' lang='lat' dir='ltr'><strong>in</strong></span> <span class='ocrx_word' id='word_1_53' title='bbox 1118 435 1322 476; x_wconf 88' lang='lat' dir='ltr'><strong>Christum</strong></span> <span class='ocrx_word' id='word_1_54' title='bbox 1351 438 1480 476; x_wconf 90' lang='lat' dir='ltr'><strong>salvus</strong></span> <span class='ocrx_word' id='word_1_55' title='bbox 1509 437 1567 484; x_wconf 87' lang='lat' dir='ltr'><strong>sit,</strong></span> 
     </span>
     <span class='ocr_line' id='line_1_7' title="bbox 174 490 1569 541; baseline 0.001 -13"><span class='ocrx_word' id='word_1_56' title='bbox 174 492 259 530; x_wconf 87' lang='lat' dir='ltr'><strong>sine</strong></span> <span class='ocrx_word' id='word_1_57' title='bbox 280 504 408 541; x_wconf 89' lang='lat' dir='ltr'><strong>opere,</strong></span> <span class='ocrx_word' id='word_1_58' title='bbox 432 492 515 530; x_wconf 82' lang='lat' dir='ltr'><strong>sola</strong></span> <span class='ocrx_word' id='word_1_59' title='bbox 535 492 627 539; x_wconf 86' lang='lat' dir='ltr'><strong>fide,</strong></span> <span class='ocrx_word' id='word_1_60' title='bbox 647 491 763 540; x_wconf 87' lang='lat' dir='ltr'><strong>gratis</strong></span> <span class='ocrx_word' id='word_1_61' title='bbox 783 490 981 541; x_wconf 90' lang='lat' dir='ltr'><strong>accipiens</strong></span> <span class='ocrx_word' id='word_1_62' title='bbox 1002 490 1274 530; x_wconf 82' lang='lat' dir='ltr'>remissionem</span> <span class='ocrx_word' id='word_1_63' title='bbox 1294 493 1569 541; x_wconf 89' lang='lat' dir='ltr'><strong>peccatorum.’</strong></span> 
     </span>
    </p>
   </div>
   <div class='ocr_carea' id='block_1_3' title="bbox 644 556 1103 593">
    <p class='ocr_par' dir='ltr' id='par_1_3' title="bbox 644 556 1103 593">
     <span class='ocr_line' id='line_1_8' title="bbox 644 556 1103 593; baseline 0.002 -1"><span class='ocrx_word' id='word_1_64' title='bbox 644 556 739 593; x_wconf 92' lang='lat' dir='ltr'>VII.</span> <span class='ocrx_word' id='word_1_65' title='bbox 800 557 865 593; x_wconf 81' lang='lat' dir='ltr'><strong>DE</strong></span> <span class='ocrx_word' id='word_1_66' title='bbox 894 566 1103 593; x_wconf 78' lang='lat' dir='ltr'><strong>ECCLEsrA.</strong></span> 
     </span>
    </p>
   </div>
   <div class='ocr_carea' id='block_1_4' title="bbox 171 619 1571 1046">
    <p class='ocr_par' dir='ltr' id='par_1_4' title="bbox 171 619 1571 1046">
     <span class='ocr_line' id='line_1_9' title="bbox 229 619 1570 670; baseline 0.001 -12"><span class='ocrx_word' id='word_1_67' title='bbox 229 621 332 659; x_wconf 91' lang='lat' dir='ltr'><strong>Item</strong></span> <span class='ocrx_word' id='word_1_68' title='bbox 361 621 517 666; x_wconf 85' lang='lat' dir='ltr'><strong>docent,</strong></span> <span class='ocrx_word' id='word_1_69' title='bbox 549 620 658 669; x_wconf 88' lang='lat' dir='ltr'><strong>quod</strong></span> <span class='ocrx_word' id='word_1_70' title='bbox 687 633 765 657; x_wconf 90' lang='lat' dir='ltr'><strong>una</strong></span> <span class='ocrx_word' id='word_1_71' title='bbox 794 626 929 658; x_wconf 90' lang='lat' dir='ltr'><strong>sancta</strong></span> <span class='ocrx_word' id='word_1_72' title='bbox 957 619 1123 658; x_wconf 89' lang='lat' dir='ltr'><strong>ecclesia</strong></span> <span class='ocrx_word' id='word_1_73' title='bbox 1159 626 1350 670; x_wconf 89' lang='lat' dir='ltr'><strong>perpetuo</strong></span> <span class='ocrx_word' id='word_1_74' title='bbox 1387 633 1570 659; x_wconf 89' lang='lat' dir='ltr'><strong>mansura</strong></span> 
     </span>
     <span class='ocr_line' id='line_1_10' title="bbox 172 673 1571 723; baseline 0.001 -11"><span class='ocrx_word' id='word_1_75' title='bbox 172 673 233 712; x_wconf 91' lang='lat' dir='ltr'><strong>sit.</strong></span> <span class='ocrx_word' id='word_1_76' title='bbox 295 676 365 712; x_wconf 90' lang='lat' dir='ltr'><strong>Est</strong></span> <span class='ocrx_word' id='word_1_77' title='bbox 394 681 526 712; x_wconf 90' lang='lat' dir='ltr'><strong>autem</strong></span> <span class='ocrx_word' id='word_1_78' title='bbox 555 674 698 712; x_wconf 76' lang='lat' dir='ltr'><strong>ecclesia</strong></span> <span class='ocrx_word' id='word_1_79' title='bbox 727 674 977 723; x_wconf 83' lang='lat' dir='ltr'><strong>congregatio</strong></span> <span class='ocrx_word' id='word_1_80' title='bbox 1007 680 1245 722; x_wconf 84' lang='lat' dir='ltr'><strong>sanctorum,</strong></span> <span class='ocrx_word' id='word_1_81' title='bbox 1273 675 1314 712; x_wconf 90' lang='lat' dir='ltr'><strong>in</strong></span> <span class='ocrx_word' id='word_1_82' title='bbox 1343 686 1421 723; x_wconf 92' lang='lat' dir='ltr'><strong>qua</strong></span> <span class='ocrx_word' id='word_1_83' title='bbox 1458 687 1571 713; x_wconf 88' lang='lat' dir='ltr'><strong>evan-</strong></span> 
     </span>
     <span class='ocr_line' id='line_1_11' title="bbox 171 727 1567 778; baseline 0 -12"><span class='ocrx_word' id='word_1_84' title='bbox 171 727 317 778; x_wconf 79' lang='lat' dir='ltr'><strong>gelium</strong></span> <span class='ocrx_word' id='word_1_85' title='bbox 358 734 463 766; x_wconf 91' lang='lat' dir='ltr'><strong>recte</strong></span> <span class='ocrx_word' id='word_1_86' title='bbox 502 728 666 766; x_wconf 83' lang='lat' dir='ltr'><strong>docetur</strong></span> <span class='ocrx_word' id='word_1_87' title='bbox 712 734 751 766; x_wconf 92' lang='lat' dir='ltr'><strong>et</strong></span> <span class='ocrx_word' id='word_1_88' title='bbox 797 735 902 766; x_wconf 93' lang='lat' dir='ltr'><strong>recte</strong></span> <span class='ocrx_word' id='word_1_89' title='bbox 948 727 1270 766; x_wconf 83' lang='lat' dir='ltr'><strong>administrantur</strong></span> <span class='ocrx_word' id='word_1_90' title='bbox 1312 735 1567 767; x_wconf 86' lang='lat' dir='ltr'><strong>sacramenta.</strong></span> 
     </span>
     <span class='ocr_line' id='line_1_12' title="bbox 175 780 1570 821; baseline 0.001 -2"><span class='ocrx_word' id='word_1_91' title='bbox 175 795 207 819; x_wconf 89' lang='lat'><strong>2.</strong></span> <span class='ocrx_word' id='word_1_92' title='bbox 241 783 293 820; x_wconf 88' lang='lat' dir='ltr'><strong>Et</strong></span> <span class='ocrx_word' id='word_1_93' title='bbox 320 782 372 820; x_wconf 91' lang='lat' dir='ltr'><strong>ad</strong></span> <span class='ocrx_word' id='word_1_94' title='bbox 401 794 531 820; x_wconf 90' lang='lat' dir='ltr'><strong>veram</strong></span> <span class='ocrx_word' id='word_1_95' title='bbox 570 782 760 820; x_wconf 86' lang='lat' dir='ltr'><strong>unitatem</strong></span> <span class='ocrx_word' id='word_1_96' title='bbox 799 780 989 820; x_wconf 83' lang='lat' dir='ltr'><strong>ecclesiae</strong></span> <span class='ocrx_word' id='word_1_97' title='bbox 1028 780 1120 820; x_wconf 86' lang='lat' dir='ltr'><strong>satis</strong></span> <span class='ocrx_word' id='word_1_98' title='bbox 1163 788 1222 820; x_wconf 89' lang='lat' dir='ltr'><strong>est</strong></span> <span class='ocrx_word' id='word_1_99' title='bbox 1261 781 1483 821; x_wconf 90' lang='lat' dir='ltr'><strong>consentire</strong></span> <span class='ocrx_word' id='word_1_100' title='bbox 1519 783 1570 820; x_wconf 92' lang='lat' dir='ltr'><strong>de</strong></span> 
     </span>
     <span class='ocr_line' id='line_1_13' title="bbox 172 834 1570 885; baseline 0 -11"><span class='ocrx_word' id='word_1_101' title='bbox 172 834 353 874; x_wconf 90' lang='lat' dir='ltr'><strong>doctrina</strong></span> <span class='ocrx_word' id='word_1_102' title='bbox 382 835 572 885; x_wconf 87' lang='lat' dir='ltr'><strong>evangelii</strong></span> <span class='ocrx_word' id='word_1_103' title='bbox 602 843 640 874; x_wconf 89' lang='lat' dir='ltr'><strong>et</strong></span> <span class='ocrx_word' id='word_1_104' title='bbox 668 834 1008 874; x_wconf 81' lang='lat' dir='ltr'><strong>administratione</strong></span> <span class='ocrx_word' id='word_1_105' title='bbox 1037 842 1382 883; x_wconf 89' lang='lat' dir='ltr'><strong>sacramentorum,</strong></span> <span class='ocrx_word' id='word_1_106' title='bbox 1405 848 1479 874; x_wconf 90' lang='lat' dir='ltr'><strong>nec</strong></span> <span class='ocrx_word' id='word_1_107' title='bbox 1505 848 1570 874; x_wconf 91' lang='lat' dir='ltr'><strong>ne-</strong></span> 
     </span>
     <span class='ocr_line' id='line_1_14' title="bbox 173 888 1569 939; baseline 0 -11"><span class='ocrx_word' id='word_1_108' title='bbox 173 902 283 928; x_wconf 86' lang='lat' dir='ltr'><strong>cesse</strong></span> <span class='ocrx_word' id='word_1_109' title='bbox 312 897 371 928; x_wconf 92' lang='lat' dir='ltr'><strong>est</strong></span> <span class='ocrx_word' id='word_1_110' title='bbox 400 888 549 939; x_wconf 86' lang='lat' dir='ltr'><strong>ubique</strong></span> <span class='ocrx_word' id='word_1_111' title='bbox 578 901 663 928; x_wconf 84' lang='lat' dir='ltr'><strong>esse</strong></span> <span class='ocrx_word' id='word_1_112' title='bbox 694 888 840 928; x_wconf 90' lang='lat' dir='ltr'><strong>similes</strong></span> <span class='ocrx_word' id='word_1_113' title='bbox 879 888 1108 928; x_wconf 84' lang='lat' dir='ltr'><strong>traditiones</strong></span> <span class='ocrx_word' id='word_1_114' title='bbox 1142 890 1346 936; x_wconf 89' lang='lat' dir='ltr'><strong>humanas,</strong></span> <span class='ocrx_word' id='word_1_115' title='bbox 1377 902 1446 928; x_wconf 88' lang='lat' dir='ltr'><strong>seu</strong></span> <span class='ocrx_word' id='word_1_116' title='bbox 1475 889 1569 928; x_wconf 89' lang='lat' dir='ltr'><strong>ritus</strong></span> 
     </span>
     <span class='ocr_line' id='line_1_15' title="bbox 173 942 1569 993; baseline 0.001 -12"><span class='ocrx_word' id='word_1_117' title='bbox 173 950 240 981; x_wconf 90' lang='lat' dir='ltr'><strong>aut</strong></span> <span class='ocrx_word' id='word_1_118' title='bbox 260 942 504 981; x_wconf 86' lang='lat' dir='ltr'><strong>ceremonias</strong></span> <span class='ocrx_word' id='word_1_119' title='bbox 523 943 574 981; x_wconf 89' lang='lat' dir='ltr'><strong>ab</strong></span> <span class='ocrx_word' id='word_1_120' title='bbox 595 943 824 981; x_wconf 90' lang='lat' dir='ltr'><strong>hominibus</strong></span> <span class='ocrx_word' id='word_1_121' title='bbox 854 942 1051 981; x_wconf 89' lang='lat' dir='ltr'><strong>institutas</strong></span> <span class='ocrx_word' id='word_1_122' title='bbox 1068 958 1079 990; x_wconf 76' lang='lat'>3</span> <span class='ocrx_word' id='word_1_123' title='bbox 1117 942 1217 981; x_wconf 91' lang='lat' dir='ltr'><strong>sicut</strong></span> <span class='ocrx_word' id='word_1_124' title='bbox 1246 944 1373 993; x_wconf 90' lang='lat' dir='ltr'><strong>inquit</strong></span> <span class='ocrx_word' id='word_1_125' title='bbox 1401 944 1569 982; x_wconf 90' lang='lat' dir='ltr'><strong>Paulus:</strong></span> 
     </span>
     <span class='ocr_line' id='line_1_16' title="bbox 182 997 1475 1046; baseline 0 -11"><span class='ocrx_word' id='word_1_126' title='bbox 182 998 270 1036; x_wconf 74' lang='lat' dir='ltr'><strong>Umz</strong></span> <span class='ocrx_word' id='word_1_127' title='bbox 278 997 390 1046; x_wconf 85' lang='lat' dir='ltr'><strong>fides,</strong></span> <span class='ocrx_word' id='word_1_128' title='bbox 413 1011 532 1034; x_wconf 79' lang='lat' dir='ltr'><strong>mmm</strong></span> <span class='ocrx_word' id='word_1_129' title='bbox 553 998 753 1046; x_wconf 73' lang='lat' dir='ltr'><strong>baptisma,</strong></span> <span class='ocrx_word' id='word_1_130' title='bbox 776 1009 875 1034; x_wconf 77' lang='lat' dir='ltr'><em>nnus</em></span> <span class='ocrx_word' id='word_1_131' title='bbox 894 998 1004 1035; x_wconf 73' lang='lat' dir='ltr'><strong>Deus</strong></span> <span class='ocrx_word' id='word_1_132' title='bbox 1023 1002 1060 1034; x_wconf 85' lang='lat' dir='ltr'><strong>et</strong></span> <span class='ocrx_word' id='word_1_133' title='bbox 1075 998 1199 1035; x_wconf 83' lang='lat' dir='ltr'><strong>Pater</strong></span> <span class='ocrx_word' id='word_1_134' title='bbox 1217 997 1385 1035; x_wconf 77' lang='lat' dir='ltr'><em>omnium</em></span> <span class='ocrx_word' id='word_1_135' title='bbox 1405 998 1475 1035; x_wconf 71' lang='lat' dir='ltr'><strong>&amp;o</strong></span> 
     </span>
    </p>
   </div>
   <div class='ocr_carea' id='block_1_5' title="bbox 559 1062 1183 1109">
    <p class='ocr_par' dir='ltr' id='par_1_5' title="bbox 559 1062 1183 1109">
     <span class='ocr_line' id='line_1_17' title="bbox 559 1062 1183 1109; baseline 0.002 -11"><span class='ocrx_word' id='word_1_136' title='bbox 559 1062 679 1099; x_wconf 92' lang='lat' dir='ltr'>VIII.</span> <span class='ocrx_word' id='word_1_137' title='bbox 738 1062 856 1109; x_wconf 79' lang='lat' dir='ltr'><strong>Qum</strong></span> <span class='ocrx_word' id='word_1_138' title='bbox 886 1072 948 1099; x_wconf 85' lang='lat' dir='ltr'><strong>SIT</strong></span> <span class='ocrx_word' id='word_1_139' title='bbox 978 1072 1183 1100; x_wconf 86' lang='lat' dir='ltr'><strong>ECCLESIA.</strong></span> 
     </span>
    </p>
   </div>
   <div class='ocr_carea' id='block_1_6' title="bbox 171 1124 1575 1649">
    <p class='ocr_par' dir='ltr' id='par_1_6' title="bbox 171 1124 1575 1487">
     <span class='ocr_line' id='line_1_18' title="bbox 227 1124 1571 1176; baseline 0.001 -13"><span class='ocrx_word' id='word_1_140' title='bbox 227 1126 481 1175; x_wconf 80' lang='lat' dir='ltr'><strong>Quamquam</strong></span> <span class='ocrx_word' id='word_1_141' title='bbox 511 1126 675 1164; x_wconf 89' lang='lat' dir='ltr'><strong>ecclesia</strong></span> <span class='ocrx_word' id='word_1_142' title='bbox 713 1126 868 1176; x_wconf 85' lang='lat' dir='ltr'><strong>proprie</strong></span> <span class='ocrx_word' id='word_1_143' title='bbox 896 1124 944 1163; x_wconf 90' lang='lat' dir='ltr'><strong>sit</strong></span> <span class='ocrx_word' id='word_1_144' title='bbox 982 1125 1232 1176; x_wconf 86' lang='lat' dir='ltr'><strong>congregatio</strong></span> <span class='ocrx_word' id='word_1_145' title='bbox 1269 1132 1494 1165; x_wconf 91' lang='lat' dir='ltr'><strong>sanctorum</strong></span> <span class='ocrx_word' id='word_1_146' title='bbox 1533 1135 1571 1166; x_wconf 90' lang='lat' dir='ltr'><strong>et</strong></span> 
     </span>
     <span class='ocr_line' id='line_1_19' title="bbox 172 1178 1571 1230; baseline 0.001 -12"><span class='ocrx_word' id='word_1_147' title='bbox 172 1192 261 1219; x_wconf 91' lang='lat' dir='ltr'><strong>vere</strong></span> <span class='ocrx_word' id='word_1_148' title='bbox 290 1179 558 1219; x_wconf 89' lang='lat' dir='ltr'><strong>credentium:</strong></span> <span class='ocrx_word' id='word_1_149' title='bbox 602 1187 735 1217; x_wconf 89' lang='lat' dir='ltr'><strong>tamen</strong></span> <span class='ocrx_word' id='word_1_150' title='bbox 764 1192 887 1229; x_wconf 87' lang='lat' dir='ltr'><strong>quum</strong></span> <span class='ocrx_word' id='word_1_151' title='bbox 916 1178 956 1217; x_wconf 91' lang='lat' dir='ltr'><strong>in</strong></span> <span class='ocrx_word' id='word_1_152' title='bbox 985 1180 1060 1218; x_wconf 89' lang='lat' dir='ltr'><strong>hac</strong></span> <span class='ocrx_word' id='word_1_153' title='bbox 1089 1181 1166 1219; x_wconf 88' lang='lat' dir='ltr'><strong>vita</strong></span> <span class='ocrx_word' id='word_1_154' title='bbox 1205 1179 1317 1218; x_wconf 92' lang='lat' dir='ltr'><strong>multi</strong></span> <span class='ocrx_word' id='word_1_155' title='bbox 1346 1180 1571 1230; x_wconf 86' lang='lat' dir='ltr'><strong>hypocritae</strong></span> 
     </span>
     <span class='ocr_line' id='line_1_20' title="bbox 172 1233 1570 1284; baseline 0.001 -13"><span class='ocrx_word' id='word_1_156' title='bbox 172 1241 210 1272; x_wconf 90' lang='lat' dir='ltr'><strong>et</strong></span> <span class='ocrx_word' id='word_1_157' title='bbox 240 1235 331 1272; x_wconf 87' lang='lat' dir='ltr'><strong>mali</strong></span> <span class='ocrx_word' id='word_1_158' title='bbox 359 1233 521 1272; x_wconf 81' lang='lat' dir='ltr'><strong>admixti</strong></span> <span class='ocrx_word' id='word_1_159' title='bbox 543 1233 631 1280; x_wconf 87' lang='lat' dir='ltr'><strong>sint,</strong></span> <span class='ocrx_word' id='word_1_160' title='bbox 653 1233 743 1272; x_wconf 90' lang='lat' dir='ltr'><strong>licet</strong></span> <span class='ocrx_word' id='word_1_161' title='bbox 773 1233 828 1271; x_wconf 92' lang='lat' dir='ltr'><strong>uti</strong></span> <span class='ocrx_word' id='word_1_162' title='bbox 857 1233 1123 1280; x_wconf 84' lang='lat' dir='ltr'><strong>sacramentis,</strong></span> <span class='ocrx_word' id='word_1_163' title='bbox 1145 1247 1246 1284; x_wconf 90' lang='lat' dir='ltr'><strong>quae</strong></span> <span class='ocrx_word' id='word_1_164' title='bbox 1266 1247 1335 1284; x_wconf 89' lang='lat' dir='ltr'><strong>per</strong></span> <span class='ocrx_word' id='word_1_165' title='bbox 1363 1235 1487 1273; x_wconf 89' lang='lat' dir='ltr'><strong>malos</strong></span> <span class='ocrx_word' id='word_1_166' title='bbox 1506 1235 1570 1273; x_wconf 91' lang='lat' dir='ltr'><strong>ad-</strong></span> 
     </span>
     <span class='ocr_line' id='line_1_21' title="bbox 173 1283 1575 1334; baseline 0.001 -9"><span class='ocrx_word' id='word_1_167' title='bbox 173 1287 452 1334; x_wconf 87' lang='lat' dir='ltr'><strong>ministrantur,</strong></span> <span class='ocrx_word' id='word_1_168' title='bbox 475 1287 581 1325; x_wconf 86' lang='lat' dir='ltr'><strong>iuxta</strong></span> <span class='ocrx_word' id='word_1_169' title='bbox 609 1300 748 1326; x_wconf 90' lang='lat' dir='ltr'><strong>vocem</strong></span> <span class='ocrx_word' id='word_1_170' title='bbox 779 1287 923 1325; x_wconf 85' lang='lat' dir='ltr'><strong>Christi</strong></span> <span class='ocrx_word' id='word_1_171' title='bbox 941 1301 948 1324; x_wconf 91' lang='lat'>:</span> <span class='ocrx_word' id='word_1_172' title='bbox 983 1288 1125 1326; x_wconf 84' lang='lat' dir='ltr'><strong>Sedent</strong></span> <span class='ocrx_word' id='word_1_173' title='bbox 1141 1288 1294 1327; x_wconf 81' lang='lat' dir='ltr'><strong>Scribae</strong></span> <span class='ocrx_word' id='word_1_174' title='bbox 1312 1283 1348 1327; x_wconf 72' lang='lat' dir='ltr'><strong>e&#39;t</strong></span> <span class='ocrx_word' id='word_1_175' title='bbox 1364 1289 1575 1327; x_wconf 73' lang='lat' dir='ltr'><strong>Pharisaei</strong></span> 
     </span>
     <span class='ocr_line' id='line_1_22' title="bbox 171 1341 1571 1391; baseline 0.001 -13"><span class='ocrx_word' id='word_1_176' title='bbox 171 1342 212 1379; x_wconf 78' lang='lat' dir='ltr'><strong>in</strong></span> <span class='ocrx_word' id='word_1_177' title='bbox 241 1342 421 1379; x_wconf 67' lang='lat' dir='ltr'><strong>cathedra</strong></span> <span class='ocrx_word' id='word_1_178' title='bbox 449 1342 646 1380; x_wconf 70' lang='lat' dir='ltr'><strong>M&#39;osiSae.</strong></span> <span class='ocrx_word' id='word_1_179' title='bbox 666 1355 675 1387; x_wconf 78' lang='lat'>3</span> <span class='ocrx_word' id='word_1_180' title='bbox 704 1348 743 1379; x_wconf 89' lang='lat' dir='ltr'><strong>et</strong></span> <span class='ocrx_word' id='word_1_181' title='bbox 763 1348 1006 1379; x_wconf 88' lang='lat' dir='ltr'><strong>sacramenta</strong></span> <span class='ocrx_word' id='word_1_182' title='bbox 1035 1349 1073 1379; x_wconf 91' lang='lat' dir='ltr'><strong>et</strong></span> <span class='ocrx_word' id='word_1_183' title='bbox 1093 1341 1256 1380; x_wconf 88' lang='lat' dir='ltr'><strong>verbum</strong></span> <span class='ocrx_word' id='word_1_184' title='bbox 1286 1349 1444 1391; x_wconf 86' lang='lat' dir='ltr'><strong>propter</strong></span> <span class='ocrx_word' id='word_1_185' title='bbox 1471 1342 1571 1381; x_wconf 90' lang='lat' dir='ltr'><strong>ordi-</strong></span> 
     </span>
     <span class='ocr_line' id='line_1_23' title="bbox 172 1394 1569 1446; baseline 0.002 -14"><span class='ocrx_word' id='word_1_186' title='bbox 172 1394 373 1434; x_wconf 87' lang='lat' dir='ltr'><strong>nationem</strong></span> <span class='ocrx_word' id='word_1_187' title='bbox 394 1402 432 1433; x_wconf 90' lang='lat' dir='ltr'><strong>et</strong></span> <span class='ocrx_word' id='word_1_188' title='bbox 453 1395 683 1433; x_wconf 86' lang='lat' dir='ltr'><strong>mandatum</strong></span> <span class='ocrx_word' id='word_1_189' title='bbox 705 1394 850 1434; x_wconf 87' lang='lat' dir='ltr'><strong>Christi</strong></span> <span class='ocrx_word' id='word_1_190' title='bbox 872 1402 962 1433; x_wconf 87' lang='lat' dir='ltr'><strong>sunt</strong></span> <span class='ocrx_word' id='word_1_191' title='bbox 983 1395 1167 1442; x_wconf 78' lang='lat' dir='ltr'><strong>efficacia,</strong></span> <span class='ocrx_word' id='word_1_192' title='bbox 1184 1395 1335 1434; x_wconf 89' lang='lat' dir='ltr'><strong>etiamsi</strong></span> <span class='ocrx_word' id='word_1_193' title='bbox 1357 1408 1426 1446; x_wconf 89' lang='lat' dir='ltr'><strong>per</strong></span> <span class='ocrx_word' id='word_1_194' title='bbox 1445 1398 1569 1435; x_wconf 87' lang='lat' dir='ltr'><strong>malos</strong></span> 
     </span>
     <span class='ocr_line' id='line_1_24' title="bbox 175 1448 442 1487; baseline 0 -1"><span class='ocrx_word' id='word_1_195' title='bbox 175 1448 442 1487; x_wconf 80' lang='lat' dir='ltr'><strong>exhibeantur.</strong></span> 
     </span>
    </p>

    <p class='ocr_par' dir='ltr' id='par_1_7' title="bbox 172 1502 1570 1649">
     <span class='ocr_line' id='line_1_25' title="bbox 232 1502 1567 1553; baseline 0.001 -13"><span class='ocrx_word' id='word_1_196' title='bbox 232 1516 263 1540; x_wconf 90' lang='lat'><strong>2.</strong></span> <span class='ocrx_word' id='word_1_197' title='bbox 295 1504 499 1541; x_wconf 89' lang='lat' dir='ltr'><strong>Damnant</strong></span> <span class='ocrx_word' id='word_1_198' title='bbox 531 1503 759 1540; x_wconf 87' lang='lat' dir='ltr'><strong>Donatistas</strong></span> <span class='ocrx_word' id='word_1_199' title='bbox 789 1509 827 1540; x_wconf 79' lang='lat' dir='ltr'><strong>et</strong></span> <span class='ocrx_word' id='word_1_200' title='bbox 857 1502 1014 1549; x_wconf 89' lang='lat' dir='ltr'><strong>similes,</strong></span> <span class='ocrx_word' id='word_1_201' title='bbox 1044 1502 1111 1552; x_wconf 89' lang='lat' dir='ltr'><strong>qui</strong></span> <span class='ocrx_word' id='word_1_202' title='bbox 1141 1503 1338 1553; x_wconf 85' lang='lat' dir='ltr'><strong>negabant</strong></span> <span class='ocrx_word' id='word_1_203' title='bbox 1367 1504 1483 1542; x_wconf 90' lang='lat' dir='ltr'><strong>licere</strong></span> <span class='ocrx_word' id='word_1_204' title='bbox 1512 1505 1567 1542; x_wconf 92' lang='lat' dir='ltr'><strong>uti</strong></span> 
     </span>
     <span class='ocr_line' id='line_1_26' title="bbox 175 1555 1570 1602; baseline 0.001 -8"><span class='ocrx_word' id='word_1_205' title='bbox 175 1556 392 1595; x_wconf 81' lang='lat' dir='ltr'><strong>ministerio</strong></span> <span class='ocrx_word' id='word_1_206' title='bbox 421 1558 613 1594; x_wconf 87' lang='lat' dir='ltr'><strong>malorum</strong></span> <span class='ocrx_word' id='word_1_207' title='bbox 645 1557 683 1593; x_wconf 92' lang='lat' dir='ltr'><strong>in</strong></span> <span class='ocrx_word' id='word_1_208' title='bbox 713 1555 887 1602; x_wconf 87' lang='lat' dir='ltr'><strong>ecclesia,</strong></span> <span class='ocrx_word' id='word_1_209' title='bbox 912 1564 950 1595; x_wconf 90' lang='lat' dir='ltr'><strong>et</strong></span> <span class='ocrx_word' id='word_1_210' title='bbox 970 1557 1193 1595; x_wconf 86' lang='lat' dir='ltr'><strong>sentiebant</strong></span> <span class='ocrx_word' id='word_1_211' title='bbox 1214 1556 1472 1596; x_wconf 90' lang='lat' dir='ltr'><strong>ministerium</strong></span> <span class='ocrx_word' id='word_1_212' title='bbox 1494 1571 1570 1596; x_wconf 90' lang='lat' dir='ltr'><strong>ma-</strong></span> 
     </span>
     <span class='ocr_line' id='line_1_27' title="bbox 172 1609 833 1649; baseline 0 -1"><span class='ocrx_word' id='word_1_213' title='bbox 172 1612 300 1649; x_wconf 91' lang='lat' dir='ltr'><strong>lorum</strong></span> <span class='ocrx_word' id='word_1_214' title='bbox 321 1610 458 1649; x_wconf 88' lang='lat' dir='ltr'><strong>inutile</strong></span> <span class='ocrx_word' id='word_1_215' title='bbox 481 1617 518 1648; x_wconf 90' lang='lat' dir='ltr'><strong>et</strong></span> <span class='ocrx_word' id='word_1_216' title='bbox 540 1609 717 1648; x_wconf 87' lang='lat' dir='ltr'><strong>inefficax</strong></span> <span class='ocrx_word' id='word_1_217' title='bbox 738 1623 833 1648; x_wconf 84' lang='lat' dir='ltr'><strong>esse.</strong></span> 
     </span>
    </p>
   </div>
   <div class='ocr_carea' id='block_1_7' title="bbox 659 1676 1100 1714">
    <p class='ocr_par' dir='ltr' id='par_1_8' title="bbox 659 1676 1100 1714">
     <span class='ocr_line' id='line_1_28' title="bbox 659 1676 1100 1714; baseline 0.005 -2"><span class='ocrx_word' id='word_1_218' title='bbox 659 1676 730 1713; x_wconf 84' lang='lat' dir='ltr'><strong>IX.</strong></span> <span class='ocrx_word' id='word_1_219' title='bbox 788 1676 855 1712; x_wconf 74' lang='lat' dir='ltr'><strong>DE</strong></span> <span class='ocrx_word' id='word_1_220' title='bbox 885 1687 1100 1714; x_wconf 73' lang='lat' dir='ltr'>BAPTISMO.</span> 
     </span>
    </p>
   </div>
   <div class='ocr_carea' id='block_1_8' title="bbox 173 1740 1569 2057">
    <p class='ocr_par' dir='ltr' id='par_1_9' title="bbox 173 1740 1569 1951">
     <span class='ocr_line' id='line_1_29' title="bbox 228 1740 1567 1790; baseline 0.001 -12"><span class='ocrx_word' id='word_1_221' title='bbox 228 1741 291 1778; x_wconf 89' lang='lat' dir='ltr'><strong>De</strong></span> <span class='ocrx_word' id='word_1_222' title='bbox 332 1740 528 1790; x_wconf 84' lang='lat' dir='ltr'><strong>baptismo</strong></span> <span class='ocrx_word' id='word_1_223' title='bbox 567 1740 724 1786; x_wconf 89' lang='lat' dir='ltr'><strong>docent,</strong></span> <span class='ocrx_word' id='word_1_224' title='bbox 770 1740 878 1789; x_wconf 86' lang='lat' dir='ltr'><strong>quod</strong></span> <span class='ocrx_word' id='word_1_225' title='bbox 918 1740 965 1778; x_wconf 91' lang='lat' dir='ltr'><strong>sit</strong></span> <span class='ocrx_word' id='word_1_226' title='bbox 1006 1740 1246 1780; x_wconf 87' lang='lat' dir='ltr'><strong>necessarius</strong></span> <span class='ocrx_word' id='word_1_227' title='bbox 1292 1741 1343 1780; x_wconf 89' lang='lat' dir='ltr'><strong>ad</strong></span> <span class='ocrx_word' id='word_1_228' title='bbox 1391 1742 1567 1789; x_wconf 90' lang='lat' dir='ltr'><strong>salutem,</strong></span> 
     </span>
     <span class='ocr_line' id='line_1_30' title="bbox 173 1793 1569 1845; baseline 0.001 -14"><span class='ocrx_word' id='word_1_229' title='bbox 173 1795 361 1843; x_wconf 80' lang='lat' dir='ltr'><strong>quodque</strong></span> <span class='ocrx_word' id='word_1_230' title='bbox 391 1807 458 1842; x_wconf 90' lang='lat' dir='ltr'><strong>per</strong></span> <span class='ocrx_word' id='word_1_231' title='bbox 486 1793 727 1843; x_wconf 89' lang='lat' dir='ltr'><strong>baptismum</strong></span> <span class='ocrx_word' id='word_1_232' title='bbox 757 1794 939 1832; x_wconf 85' lang='lat' dir='ltr'><strong>offeratur</strong></span> <span class='ocrx_word' id='word_1_233' title='bbox 966 1794 1087 1844; x_wconf 86' lang='lat' dir='ltr'><strong>gratia</strong></span> <span class='ocrx_word' id='word_1_234' title='bbox 1117 1794 1193 1833; x_wconf 92' lang='lat' dir='ltr'><strong>Dei</strong></span> <span class='ocrx_word' id='word_1_235' title='bbox 1209 1808 1219 1842; x_wconf 81' lang='lat'>3</span> <span class='ocrx_word' id='word_1_236' title='bbox 1255 1801 1294 1833; x_wconf 88' lang='lat' dir='ltr'><strong>et</strong></span> <span class='ocrx_word' id='word_1_237' title='bbox 1323 1796 1431 1844; x_wconf 86' lang='lat' dir='ltr'><strong>quod</strong></span> <span class='ocrx_word' id='word_1_238' title='bbox 1460 1795 1569 1845; x_wconf 89' lang='lat' dir='ltr'><strong>pueri</strong></span> 
     </span>
     <span class='ocr_line' id='line_1_31' title="bbox 173 1847 1568 1898; baseline 0.001 -13"><span class='ocrx_word' id='word_1_239' title='bbox 173 1848 250 1885; x_wconf 90' lang='lat' dir='ltr'><strong>sint</strong></span> <span class='ocrx_word' id='word_1_240' title='bbox 280 1847 518 1896; x_wconf 76' lang='lat' dir='ltr'><strong>baptizandi,</strong></span> <span class='ocrx_word' id='word_1_241' title='bbox 539 1847 605 1897; x_wconf 80' lang='lat' dir='ltr'><strong>qui</strong></span> <span class='ocrx_word' id='word_1_242' title='bbox 634 1860 702 1897; x_wconf 88' lang='lat' dir='ltr'><strong>per</strong></span> <span class='ocrx_word' id='word_1_243' title='bbox 731 1847 970 1897; x_wconf 87' lang='lat' dir='ltr'><strong>baptismum</strong></span> <span class='ocrx_word' id='word_1_244' title='bbox 1001 1848 1122 1887; x_wconf 90' lang='lat' dir='ltr'><strong>oblati</strong></span> <span class='ocrx_word' id='word_1_245' title='bbox 1156 1847 1245 1886; x_wconf 92' lang='lat' dir='ltr'><strong>Deo</strong></span> <span class='ocrx_word' id='word_1_246' title='bbox 1272 1848 1508 1898; x_wconf 87' lang='lat' dir='ltr'><strong>recipiantur</strong></span> <span class='ocrx_word' id='word_1_247' title='bbox 1529 1849 1568 1887; x_wconf 90' lang='lat' dir='ltr'><strong>in</strong></span> 
     </span>
     <span class='ocr_line' id='line_1_32' title="bbox 173 1900 450 1951; baseline 0.007 -14"><span class='ocrx_word' id='word_1_248' title='bbox 173 1900 336 1951; x_wconf 84' lang='lat' dir='ltr'><strong>gratiam</strong></span> <span class='ocrx_word' id='word_1_249' title='bbox 362 1900 450 1939; x_wconf 82' lang='lat' dir='ltr'><strong>Dei.</strong></span> 
     </span>
    </p>

    <p class='ocr_par' dir='ltr' id='par_1_10' title="bbox 174 1954 1569 2057">
     <span class='ocr_line' id='line_1_33' title="bbox 230 1954 1569 2007; baseline 0.002 -16"><span class='ocrx_word' id='word_1_250' title='bbox 230 1968 263 1992; x_wconf 89' lang='lat'><strong>2.</strong></span> <span class='ocrx_word' id='word_1_251' title='bbox 296 1956 499 1992; x_wconf 88' lang='lat' dir='ltr'><strong>Damnant</strong></span> <span class='ocrx_word' id='word_1_252' title='bbox 528 1954 820 2003; x_wconf 85' lang='lat' dir='ltr'><strong>Anabaptistas,</strong></span> <span class='ocrx_word' id='word_1_253' title='bbox 842 1954 909 2004; x_wconf 86' lang='lat' dir='ltr'><strong>qui</strong></span> <span class='ocrx_word' id='word_1_254' title='bbox 930 1954 1153 2005; x_wconf 90' lang='lat' dir='ltr'><strong>improbant</strong></span> <span class='ocrx_word' id='word_1_255' title='bbox 1173 1955 1412 2005; x_wconf 88' lang='lat' dir='ltr'><strong>baptismum</strong></span> <span class='ocrx_word' id='word_1_256' title='bbox 1434 1968 1569 2007; x_wconf 90' lang='lat' dir='ltr'><strong>puero-</strong></span> 
     </span>
     <span class='ocr_line' id='line_1_34' title="bbox 174 2007 1338 2057; baseline 0.001 -11"><span class='ocrx_word' id='word_1_257' title='bbox 174 2020 258 2046; x_wconf 92' lang='lat' dir='ltr'><strong>rum</strong></span> <span class='ocrx_word' id='word_1_258' title='bbox 290 2016 327 2046; x_wconf 86' lang='lat' dir='ltr'><strong>et</strong></span> <span class='ocrx_word' id='word_1_259' title='bbox 356 2008 548 2046; x_wconf 83' lang='lat' dir='ltr'><strong>affirmant</strong></span> <span class='ocrx_word' id='word_1_260' title='bbox 578 2020 719 2057; x_wconf 90' lang='lat' dir='ltr'><strong>pueros</strong></span> <span class='ocrx_word' id='word_1_261' title='bbox 749 2007 832 2046; x_wconf 87' lang='lat' dir='ltr'><strong>sine</strong></span> <span class='ocrx_word' id='word_1_262' title='bbox 862 2009 1060 2057; x_wconf 88' lang='lat' dir='ltr'><strong>baptismo</strong></span> <span class='ocrx_word' id='word_1_263' title='bbox 1089 2010 1216 2047; x_wconf 89' lang='lat' dir='ltr'><strong>salvos</strong></span> <span class='ocrx_word' id='word_1_264' title='bbox 1246 2009 1338 2048; x_wconf 90' lang='lat' dir='ltr'><strong>fieri.</strong></span> 
     </span>
    </p>
   </div>
   <div class='ocr_carea' id='block_1_9' title="bbox 590 2073 1155 2112">
    <p class='ocr_par' dir='ltr' id='par_1_11' title="bbox 590 2073 1155 2112">
     <span class='ocr_line' id='line_1_35' title="bbox 590 2073 1155 2112; baseline 0.005 -4"><span class='ocrx_word' id='word_1_265' title='bbox 590 2074 637 2109; x_wconf 93' lang='lat' dir='ltr'><strong>X.</strong></span> <span class='ocrx_word' id='word_1_266' title='bbox 698 2073 763 2109; x_wconf 81' lang='lat' dir='ltr'><strong>DE</strong></span> <span class='ocrx_word' id='word_1_267' title='bbox 794 2073 943 2111; x_wconf 76' lang='lat' dir='ltr'><strong>COENA</strong></span> <span class='ocrx_word' id='word_1_268' title='bbox 975 2075 1155 2112; x_wconf 71' lang='lat' dir='ltr'><strong>DomNr.</strong></span> 
     </span>
    </p>
   </div>
   <div class='ocr_carea' id='block_1_10' title="bbox 174 2135 1569 2293">
    <p class='ocr_par' dir='ltr' id='par_1_12' title="bbox 174 2135 1569 2293">
     <span class='ocr_line' id='line_1_36' title="bbox 230 2135 1569 2189; baseline 0.003 -16"><span class='ocrx_word' id='word_1_269' title='bbox 230 2137 292 2174; x_wconf 92' lang='lat' dir='ltr'><strong>De</strong></span> <span class='ocrx_word' id='word_1_270' title='bbox 322 2136 459 2175; x_wconf 88' lang='lat' dir='ltr'><strong>Coena</strong></span> <span class='ocrx_word' id='word_1_271' title='bbox 490 2135 651 2173; x_wconf 88' lang='lat' dir='ltr'><strong>Domini</strong></span> <span class='ocrx_word' id='word_1_272' title='bbox 683 2137 839 2182; x_wconf 88' lang='lat' dir='ltr'><strong>docent,</strong></span> <span class='ocrx_word' id='word_1_273' title='bbox 862 2138 970 2186; x_wconf 86' lang='lat' dir='ltr'><strong>quod</strong></span> <span class='ocrx_word' id='word_1_274' title='bbox 1000 2151 1141 2187; x_wconf 89' lang='lat' dir='ltr'><strong>corpus</strong></span> <span class='ocrx_word' id='word_1_275' title='bbox 1171 2148 1208 2176; x_wconf 90' lang='lat' dir='ltr'><strong>et</strong></span> <span class='ocrx_word' id='word_1_276' title='bbox 1238 2138 1393 2189; x_wconf 87' lang='lat' dir='ltr'><strong>sanguis</strong></span> <span class='ocrx_word' id='word_1_277' title='bbox 1424 2138 1569 2178; x_wconf 91' lang='lat' dir='ltr'><strong>Christi</strong></span> 
     </span>
     <span class='ocr_line' id='line_1_37' title="bbox 174 2189 1569 2240; baseline 0.002 -12"><span class='ocrx_word' id='word_1_278' title='bbox 174 2202 257 2228; x_wconf 80' lang='lat' dir='ltr'><strong>vere</strong></span> <span class='ocrx_word' id='word_1_279' title='bbox 285 2190 424 2236; x_wconf 69' lang='lat' dir='ltr'><strong>adsint,</strong></span> <span class='ocrx_word' id='word_1_280' title='bbox 447 2197 484 2228; x_wconf 82' lang='lat' dir='ltr'><strong>et</strong></span> <span class='ocrx_word' id='word_1_281' title='bbox 514 2189 795 2227; x_wconf 86' lang='lat' dir='ltr'><strong>distribuantur</strong></span> <span class='ocrx_word' id='word_1_282' title='bbox 823 2190 1071 2229; x_wconf 81' lang='lat' dir='ltr'><strong>vescentibus</strong></span> <span class='ocrx_word' id='word_1_283' title='bbox 1102 2191 1140 2229; x_wconf 92' lang='lat' dir='ltr'><strong>in</strong></span> <span class='ocrx_word' id='word_1_284' title='bbox 1167 2193 1303 2232; x_wconf 89' lang='lat' dir='ltr'><strong>Coena</strong></span> <span class='ocrx_word' id='word_1_285' title='bbox 1334 2192 1508 2240; x_wconf 91' lang='lat' dir='ltr'><strong>Domini,</strong></span> <span class='ocrx_word' id='word_1_286' title='bbox 1531 2200 1569 2231; x_wconf 92' lang='lat' dir='ltr'><strong>et</strong></span> 
     </span>
     <span class='ocr_line' id='line_1_38' title="bbox 175 2243 773 2293; baseline 0.002 -13"><span class='ocrx_word' id='word_1_287' title='bbox 175 2243 399 2293; x_wconf 87' lang='lat' dir='ltr'><strong>improbant</strong></span> <span class='ocrx_word' id='word_1_288' title='bbox 430 2256 542 2282; x_wconf 89' lang='lat' dir='ltr'><strong>secus</strong></span> <span class='ocrx_word' id='word_1_289' title='bbox 572 2244 773 2281; x_wconf 86' lang='lat' dir='ltr'><strong>docentes.</strong></span> 
     </span>
    </p>
   </div>
   <div class='ocr_carea' id='block_1_11' title="bbox 614 2308 1135 2348">
    <p class='ocr_par' dir='ltr' id='par_1_13' title="bbox 614 2308 1135 2348">
     <span class='ocr_line' id='line_1_39' title="bbox 614 2308 1135 2348; baseline 0.008 -4"><span class='ocrx_word' id='word_1_290' title='bbox 614 2308 685 2346; x_wconf 86' lang='lat' dir='ltr'><strong>XI.</strong></span> <span class='ocrx_word' id='word_1_291' title='bbox 746 2309 812 2345; x_wconf 79' lang='lat' dir='ltr'><strong>DE</strong></span> <span class='ocrx_word' id='word_1_292' title='bbox 841 2319 1135 2348; x_wconf 77' lang='lat' dir='ltr'><strong>CONFEssroNE.</strong></span> 
     </span>
    </p>
   </div>
   <div class='ocr_carea' id='block_1_12' title="bbox 175 2371 1568 2581">
    <p class='ocr_par' dir='ltr' id='par_1_14' title="bbox 175 2371 1568 2581">
     <span class='ocr_line' id='line_1_40' title="bbox 230 2371 1568 2424; baseline 0.002 -15"><span class='ocrx_word' id='word_1_293' title='bbox 230 2374 292 2410; x_wconf 90' lang='lat' dir='ltr'><strong>De</strong></span> <span class='ocrx_word' id='word_1_294' title='bbox 321 2371 569 2410; x_wconf 87' lang='lat' dir='ltr'><strong>confessione</strong></span> <span class='ocrx_word' id='word_1_295' title='bbox 597 2372 754 2418; x_wconf 89' lang='lat' dir='ltr'><strong>docent,</strong></span> <span class='ocrx_word' id='word_1_296' title='bbox 786 2373 895 2421; x_wconf 86' lang='lat' dir='ltr'><strong>quod</strong></span> <span class='ocrx_word' id='word_1_297' title='bbox 923 2374 1107 2412; x_wconf 74' lang='lat' dir='ltr'><strong>absolutio</strong></span> <span class='ocrx_word' id='word_1_298' title='bbox 1126 2375 1292 2424; x_wconf 74' lang='lat' dir='ltr'><strong>privata</strong></span> <span class='ocrx_word' id='word_1_299' title='bbox 1321 2374 1361 2412; x_wconf 91' lang='lat' dir='ltr'><strong>in</strong></span> <span class='ocrx_word' id='word_1_300' title='bbox 1394 2373 1568 2413; x_wconf 88' lang='lat' dir='ltr'><strong>ecelesiis</strong></span> 
     </span>
     <span class='ocr_line' id='line_1_41' title="bbox 175 2425 1568 2475; baseline 0.001 -11"><span class='ocrx_word' id='word_1_301' title='bbox 175 2425 380 2465; x_wconf 88' lang='lat' dir='ltr'><strong>retinenda</strong></span> <span class='ocrx_word' id='word_1_302' title='bbox 408 2425 466 2472; x_wconf 91' lang='lat' dir='ltr'><strong>sit,</strong></span> <span class='ocrx_word' id='word_1_303' title='bbox 507 2438 747 2475; x_wconf 88' lang='lat' dir='ltr'><strong>quamquam</strong></span> <span class='ocrx_word' id='word_1_304' title='bbox 789 2425 828 2463; x_wconf 92' lang='lat' dir='ltr'><strong>in</strong></span> <span class='ocrx_word' id='word_1_305' title='bbox 868 2427 1116 2466; x_wconf 88' lang='lat' dir='ltr'><strong>confessione</strong></span> <span class='ocrx_word' id='word_1_306' title='bbox 1155 2441 1235 2466; x_wconf 90' lang='lat' dir='ltr'><strong>non</strong></span> <span class='ocrx_word' id='word_1_307' title='bbox 1274 2427 1322 2466; x_wconf 91' lang='lat' dir='ltr'><strong>sit</strong></span> <span class='ocrx_word' id='word_1_308' title='bbox 1350 2427 1568 2466; x_wconf 86' lang='lat' dir='ltr'><strong>necessaria</strong></span> 
     </span>
     <span class='ocr_line' id='line_1_42' title="bbox 175 2479 1567 2531; baseline 0.002 -15"><span class='ocrx_word' id='word_1_309' title='bbox 175 2481 353 2517; x_wconf 90' lang='lat' dir='ltr'><strong>omnium</strong></span> <span class='ocrx_word' id='word_1_310' title='bbox 382 2479 613 2518; x_wconf 89' lang='lat' dir='ltr'><strong>delictorum</strong></span> <span class='ocrx_word' id='word_1_311' title='bbox 643 2479 896 2517; x_wconf 88' lang='lat' dir='ltr'><strong>enumeratio.</strong></span> <span class='ocrx_word' id='word_1_312' title='bbox 957 2482 1027 2519; x_wconf 90' lang='lat' dir='ltr'><strong>Est</strong></span> <span class='ocrx_word' id='word_1_313' title='bbox 1056 2481 1160 2519; x_wconf 91' lang='lat' dir='ltr'><strong>enim</strong></span> <span class='ocrx_word' id='word_1_314' title='bbox 1190 2481 1441 2531; x_wconf 87' lang='lat' dir='ltr'><strong>impossibilis</strong></span> <span class='ocrx_word' id='word_1_315' title='bbox 1462 2481 1567 2519; x_wconf 86' lang='lat' dir='ltr'><strong>iuxta</strong></span> 
     </span>
     <span class='ocr_line' id='line_1_43' title="bbox 177 2533 918 2581; baseline 0.001 -11"><span class='ocrx_word' id='word_1_316' title='bbox 177 2534 376 2571; x_wconf 84' lang='lat' dir='ltr'><strong>Psalmum</strong></span> <span class='ocrx_word' id='word_1_317' title='bbox 397 2549 403 2572; x_wconf 91' lang='lat'><strong>:</strong></span> <span class='ocrx_word' id='word_1_318' title='bbox 433 2533 584 2571; x_wconf 77' lang='lat' dir='ltr'><strong>Delicta</strong></span> <span class='ocrx_word' id='word_1_319' title='bbox 604 2534 688 2581; x_wconf 76' lang='lat' dir='ltr'><strong>qm&#39;s</strong></span> <span class='ocrx_word' id='word_1_320' title='bbox 708 2533 918 2581; x_wconf 68' lang='lat' dir='ltr'><strong>intelligit?</strong></span> 
     </span>
    </p>
   </div>
   <div class='ocr_carea' id='block_1_13' title="bbox 1676 521 1715 2780">
    <p class='ocr_par' dir='ltr' id='par_1_15' title="bbox 1676 521 1715 2780">
     <span class='ocr_line' id='line_1_44' title="bbox 1676 521 1715 2780; baseline 0 0"><span class='ocrx_word' id='word_1_321' title='bbox 1676 521 1715 2780; x_wconf 95' lang='lat' dir='ltr'><strong> </strong></span> 
     </span>
    </p>
   </div>
  </div>
 </body>
</html>
