1715 2780
161 126 208 162 26
392 124 512 162 THE
553 123 914 161 NINETY-FIVE
954 122 1180 169 THESES,
1227 132 1324 171 1517
1518 132 1553 158 11

215 229 277 265 82.
309 226 476 275 Scilicet,
519 240 586 265 cur
625 238 726 276 papa
765 238 845 264 non
890 234 1052 264 evacuat
1092 224 1358 276 purgatorium
1396 232 1555 285 propter

160 279 446 321 sanctissimam
481 280 680 320 caritatem
715 286 754 319 et
787 292 983 319 summam
1014 279 1235 318 animarum
1266 278 1553 328 necessitatem,

160 343 203 376 ut
233 348 393 375 causam
428 334 607 374 omnium
646 334 911 382 iustissimam,
942 334 974 372 si
1008 333 1180 374 infinitas
1214 333 1365 373 animas
1398 333 1555 374 redimit

160 397 318 441 propter
349 391 558 440 pecuniam
592 388 899 428 funestissimam
933 389 985 427 ad
1016 395 1249 427 structuram
1283 387 1479 436 basilicae,
1512 395 1555 427 ut

160 457 319 483 causam
339 444 575 483 levissimam
590 445 607 482 ?

217 501 277 548 83.
310 499 426 547 Item,
457 511 525 536 cur
561 504 794 548 permanent
823 496 1031 547 exsequiae
1061 504 1100 535 et
1129 494 1391 535 anniversaria
1420 496 1557 535 defun-

161 559 326 600 ctorum,
356 559 394 591 et
420 564 502 590 non
530 551 670 599 reddit,
699 559 765 590 aut
795 550 915 602 recipi
941 549 1130 601 permittit
1159 550 1352 590 beneficia
1381 562 1452 601 pro
1481 549 1555 588 illis

161 606 350 654 instituta,
373 618 463 645 cum
484 605 561 644 iam
583 607 631 644 sit
651 604 791 643 iniuria
810 617 882 655 pro
901 605 1114 655 redemptis
1136 606 1276 644 orare?

216 662 280 708 84.
313 662 426 708 Item,
449 673 551 710 quae
570 660 635 698 illa
655 673 757 699 nova
776 659 900 710 pietas
922 658 999 697 Dei
1025 666 1064 698 et
1084 671 1219 709 papae,
1242 659 1352 709 quod
1375 657 1498 709 impio
1518 665 1556 697 et

161 713 322 754 inimico
342 722 500 765 propter
518 713 728 765 pecuniam
749 714 975 753 concedunt
1000 714 1172 752 animam
1200 713 1305 763 piam
1326 720 1364 752 et
1387 712 1556 751 amicam

164 768 240 808 Dei
260 770 463 817 redimere,
486 776 525 808 et
546 776 678 807 tamen
699 775 857 819 propter
877 766 1152 807 necessitatem
1178 766 1383 818 ipsiusmet
1409 766 1497 818 piae
1518 774 1556 806 et

162 823 329 862 dilectae
349 823 504 862 animae
524 835 606 861 non
626 824 825 861 redimunt
845 835 931 860 eam
955 821 1121 872 gratuita
1141 822 1330 860 caritate?

219 879 279 927 85.
313 879 427 925 Item,
460 890 528 915 cur
561 889 734 916 canones
766 875 1066 927 poenitentiales
1097 888 1137 914 re
1170 875 1254 926 ipsa
1292 882 1330 915 et
1367 888 1448 914 non
1483 887 1556 913 usu

166 931 313 971 iamdiu
343 931 382 969 in
415 938 538 970 semet
570 930 745 981 abrogati
784 938 822 969 et
853 930 1007 977 mortui,
1042 931 1173 969 adhuc
1212 938 1345 969 tamen
1379 929 1556 980 pecuniis

163 985 407 1025 redimuntur
438 998 505 1035 per
535 985 833 1025 concessionem
874 984 1203 1034 indulgentiarum
1237 992 1427 1035 tanquam
1458 983 1559 1023 viva-

163 1039 337 1078 cissimi?

218 1096 279 1133 86.
313 1094 426 1140 Item,
459 1106 526 1131 cur
559 1106 671 1144 papa,
708 1091 818 1131 cuius
852 1105 947 1142 opes
980 1091 1099 1131 hodie
1129 1100 1219 1131 sunt
1250 1090 1558 1143 opulentissimis

163 1148 314 1188 Crassis
337 1147 553 1196 crassiores,
577 1160 658 1186 non
679 1147 729 1186 de
749 1145 829 1185 suis
856 1145 1033 1197 pecuniis
1055 1146 1176 1197 magis
1201 1158 1320 1197 quarn
1341 1158 1557 1197 pauperum

166 1202 352 1248 fidelium,
380 1203 490 1240 struit
512 1214 631 1240 unam
653 1202 932 1240 tantummodo
953 1200 1156 1239 basilicam
1177 1202 1214 1239 S.
1237 1201 1371 1239 Petri?

219 1259 280 1306 87.
314 1258 426 1303 Item,
461 1255 557 1306 quid
595 1255 754 1294 remittit
794 1262 860 1293 aut
900 1254 1105 1305 participat
1142 1268 1243 1305 papa
1281 1254 1338 1301 iis,
1379 1253 1446 1304 qui
1491 1267 1559 1304 per

163 1310 440 1349 contritionem
479 1311 691 1360 perfectam
730 1309 789 1347 ius
832 1309 979 1348 habent
1019 1308 1216 1360 plenariae
1247 1307 1487 1348 remissionis
1521 1316 1559 1346 et

163 1363 500 1415 participationis?
1298 1383 1305 1387 -

220 1421 280 1457 88.
314 1419 431 1466 Item,
461 1418 556 1468 quid
588 1418 798 1456 adderetur
831 1417 1020 1456 ecclesiae
1054 1417 1148 1456 boni
1180 1416 1348 1464 maioris,
1380 1416 1412 1455 si
1444 1428 1557 1467 papa,

165 1473 264 1512 sicut
285 1474 406 1511 semel
426 1472 528 1520 facit,
550 1472 602 1510 ita
622 1471 770 1511 centies
796 1471 835 1509 in
861 1470 927 1510 die
946 1470 1107 1510 cuilibet
1132 1470 1308 1510 fidelium
1335 1471 1405 1509 has
1429 1470 1559 1509 remis-

167 1529 296 1566 siones
317 1535 355 1565 et
375 1526 693 1577 participationes
714 1526 931 1565 tribueret?

222 1583 283 1631 89.
315 1582 374 1619 Ex
411 1594 491 1631 quo
529 1594 631 1631 papa
669 1582 834 1618 salutern
873 1579 1024 1630 quaerit
1062 1579 1280 1618 animarum
1319 1591 1388 1629 per
1427 1580 1559 1618 venias

167 1635 288 1686 magis
309 1647 427 1685 quain
449 1635 647 1685 pecunias,
670 1647 738 1672 cur
764 1633 969 1685 suspendit
996 1633 1124 1673 literas
1144 1641 1182 1672 et
1208 1631 1342 1672 venias
1362 1632 1440 1671 iam
1465 1632 1559 1671 olim

166 1702 384 1737 concessas,
408 1702 498 1727 cum
518 1689 594 1727 sint
614 1701 740 1738 aeque
761 1689 968 1727 efficaces?

221 1758 282 1792 90.
317 1745 431 1782 Haec
451 1742 790 1794 scrupulosissima
809 1742 998 1781 laicorum
1013 1748 1243 1792 argumenta
1263 1742 1347 1780 sola
1366 1747 1561 1792 potestate

166 1810 428 1847 compescere,
446 1811 520 1836 nec
537 1797 689 1837 reddita
709 1796 859 1836 ratione
875 1797 1035 1844 diluere,
1053 1805 1111 1836 est
1131 1795 1338 1836 ecclesiam
1359 1803 1397 1834 et
1416 1807 1559 1846 papam

167 1851 346 1889 hostibus
366 1851 553 1889 ridendos
573 1864 781 1900 exponere,
804 1860 842 1889 et
863 1851 1038 1890 infelices
1059 1850 1303 1891 Christianos
1323 1851 1461 1889 facere.

222 1917 283 1955 91.
316 1905 355 1943 Si
389 1918 480 1955 ergo
514 1905 650 1943 veniae
682 1906 901 1944 secundum
934 1905 1111 1956 spiritum
1145 1912 1184 1944 et
1222 1911 1397 1943 mentem
1436 1916 1561 1954 papae

167 1958 493 2009 praedicarentur,
516 1958 627 1997 facile
649 1959 712 1997 illa
733 1959 866 1997 omnia
885 1961 1139 2008 solverentur,
1160 1959 1241 1998 imo
1261 1971 1342 1997 non
1361 1965 1506 1997 essent.

223 2027 286 2062 92.
316 2014 484 2051 Valeant
505 2012 636 2062 itaque
664 2026 802 2051 omnes
827 2013 880 2051 illi
910 2015 1135 2064 prophetae,
1160 2013 1227 2064 qui
1251 2012 1389 2052 dicunt
1411 2013 1561 2064 populo

170 2066 315 2106 Christi
338 2070 347 2086 ‘
362 2068 452 2114 Pax,
476 2080 549 2116 pax
564 2068 581 2113 ²,
606 2075 643 2105 et
665 2080 744 2105 non
766 2075 823 2105 est
844 2081 928 2117 pax.

222 2135 283 2171 93.
318 2122 426 2159 Bene
463 2128 579 2170 agant
617 2134 755 2159 omnes
793 2121 846 2158 illi
885 2123 1111 2171 prophetae,
1148 2121 1214 2172 qui
1246 2120 1383 2160 dicunt
1413 2121 1562 2171 populo

169 2174 313 2215 Christi
337 2175 475 2221 ‘Crux,
498 2187 589 2212 crux
605 2176 622 2221 ⁷,
645 2182 683 2212 et
704 2187 784 2213 non
805 2183 862 2212 est
882 2188 986 2213 crux.

224 2243 283 2278 94.
318 2227 560 2267 Exhortandi
582 2236 671 2265 sunt
693 2228 914 2275 Christiani,
938 2236 980 2267 ut
999 2238 1116 2280 caput
1138 2243 1252 2268 suum
1274 2227 1474 2269 Christum
1496 2240 1562 2278 per

169 2295 328 2334 poenas,
352 2290 509 2329 mortes,
532 2281 783 2332 infernosque
804 2282 915 2332 sequi
936 2284 1130 2322 studeant.

225 2349 286 2387 95.
318 2338 378 2374 Ac
416 2336 471 2374 sic
504 2335 624 2386 magis
659 2348 727 2386 per
761 2337 901 2374 multas
936 2336 1207 2376 tribulationes
1237 2337 1377 2376 intrare
1406 2336 1559 2375 coelum

169 2404 287 2441 quam
309 2404 377 2441 per
396 2389 643 2429 securitatem
666 2389 771 2439 pacis
792 2391 1004 2428 confidant.
