1715 2780
159 135 207 185 58
256 132 495 171 LUTHER
525 131 645 168 AND
677 129 900 168 ULRICH
931 129 1049 167 VON
1082 128 1333 174 HUTTEN,
1361 138 1460 176 1520
1499 136 1551 173 32

159 236 345 287 potentia.
405 237 483 274 Sed
515 236 622 272 favor
657 233 886 273 conciliatur
915 240 953 271 et
983 232 1066 283 ipse
1096 233 1254 272 dando:
1289 231 1351 270 eui
1381 230 1468 282 quis
1498 230 1552 269 in-

159 291 302 329 utiliter
331 289 437 329 0111111
469 291 622 328 Romae
652 290 784 327 favet?

212 398 305 437 Tria
337 398 590 437 Germaniam
622 398 812 435 hactenus
847 409 983 456 sapere
1014 408 1096 433 non
1126 393 1409 453 permiserunt:
1453 393 1554 443 prin-

159 453 291 503 cipum
312 452 476 502 ignavia,
500 452 696 490 literarum
718 450 921 500 imperitia,
945 457 983 488 et
1002 450 1105 499 vulgi
1128 447 1364 498 superstitio.

213 507 373 557 Triplex
402 507 606 544 inventum
637 507 791 543 Romae
821 503 1029 542 consilium
1057 501 1316 552 extorquendi
1339 501 1390 539 ab
1415 500 1554 539 exteris

160 574 322 599 aurum:
352 573 421 610 per
441 559 771 609 indulgentiarum
789 558 997 604 nundinas,
1017 570 1085 607 per
1101 555 1331 594 simulatas
1321 569 1361 594 111
1382 557 1553 594 Turcam

160 614 442 665 expeditiones,
465 622 502 652 et
523 626 730 652 concessas
751 612 886 662 legatis
906 613 1012 662 apud
1033 611 1218 650 barbaros
1240 611 1453 648 facultates.

214 669 307 707 Tria
339 682 492 718 semper
525 675 692 718 aguntur
725 668 890 713 Romae,
922 679 1052 715 neque
1085 677 1260 714 unquam
1291 670 1553 714 peraguntur:

160 723 379 761 animarum
414 722 557 768 beatio,
592 723 851 771 collapsarum
887 719 1045 758 aedium
1080 731 1275 757 sacrarum
1314 716 1556 765 restauratio,

161 785 199 815 et
216 777 255 814 in
279 779 429 815 Turcas
454 776 663 826 expeditio.
725 777 838 813 Haec
860 781 950 812 sunt
970 773 1042 811 tria
1067 773 1133 811 illa
1159 785 1327 822 quorum
1353 771 1426 810 sub
1450 784 1557 822 prae-

161 838 267 869 textu
289 832 387 868 fiunt
408 831 641 868 exactiones.

216 938 309 976 Tria
329 946 419 976 sunt
438 940 591 976 Romae
607 937 647 975 in
664 944 867 986 comperto
883 952 890 974 :
924 938 1197 973 Romanorum
1214 934 1344 981 virtus,
1367 934 1555 972 Italorum

163 993 340 1039 versutia,
365 1000 401 1030 et
424 993 710 1031 Germanorum
733 990 881 1029 inertia.

559 1192 648 1236 No.
682 1204 752 1245 33.
814 1191 1164 1246 Inspicientes.

251 1280 691 1326 Interlocutores—Sol,
725 1279 943 1324 Phaethon,
976 1286 1013 1316 et
1044 1277 1257 1317 Caietanus
1288 1278 1468 1327 Legatus.

220 1360 309 1396 SOL.
342 1360 394 1395 At
415 1357 465 1395 ab
485 1357 649 1406 antiquo
670 1364 827 1407 potores
844 1362 934 1393 sunt
950 1367 995 1392 ac
1012 1353 1265 1392 temulentiae
1281 1352 1416 1401 dediti,
1431 1366 1561 1403 neque

166 1425 341 1461 unquam
363 1411 549 1461 flagitium
571 1412 677 1461 apud
699 1411 918 1449 Germanos
939 1408 1011 1447 fuit
1030 1407 1223 1447 inebriari.

221 1467 472 1503 PHAETHON.
506 1466 553 1503 In
570 1478 650 1503 uno
667 1478 715 1503 eo
732 1464 938 1502 discedant
958 1476 980 1500 a
996 1469 1203 1510 vetustate,
1218 1461 1367 1512 reliqua
1386 1468 1557 1500 teneant.

221 1521 312 1559 SOL.
346 1519 474 1557 Nimis
500 1532 662 1569 magnos
691 1519 910 1557 Germanos
937 1517 1090 1563 reddes,
1116 1515 1146 1554 si
1166 1517 1262 1554 tales
1283 1515 1435 1554 reddes.
1490 1516 1561 1553 Est

167 1575 243 1611 hoc
273 1573 472 1623 proprium
504 1573 577 1611 illis
607 1572 755 1619 vitium,
788 1580 829 1610 ut
861 1572 962 1609 fraus
994 1569 1113 1617 Italis,
1146 1569 1326 1608 furacitas
1357 1568 1563 1619 Hispanis,

169 1627 290 1666 Gallis
321 1629 451 1673 fastus,
484 1627 568 1665 aliis
597 1627 682 1665 alia.

223 1683 471 1719 PHAETHON.
522 1681 560 1719 Si
579 1681 740 1740 quidem
757 1681 894 1718 adesse
910 1679 1047 1717 vitium
1069 1685 1233 1728 oportet,
1257 1678 1361 1715 malo
1381 1689 1466 1715 esse
1486 1677 1562 1714 1100

169 1748 286 1784 quam
327 1735 488 1773 istorum
528 1735 767 1784 quicquam3
813 1733 884 1772 etsi
923 1734 1030 1771 1111110
1063 1731 1138 1770 11115
1168 1731 1350 1770 morbum
1390 1730 1563 1769 adimere

170 1789 274 1827 diem
297 1796 403 1838 puto,
428 1797 469 1826 ut
489 1789 583 1826 alias
611 1788 840 1827 hominibus
865 1786 1138 1837 aegritudines,
1163 1787 1223 1824 vel
1247 1793 1285 1823 te
1312 1797 1466 1835 sperare
1485 1785 1562 1822 hoc

170 1843 340 1881 iubente.
391 1844 469 1880 Sed
489 1844 539 1881 ad
560 1842 770 1880 concilium
794 1850 832 1880 et
852 1843 1022 1890 legatum
1039 1841 1145 1878 hunc
1168 1838 1311 1878 Leonis
1332 1839 1561 1877 redeamus:

169 1896 359 1946 quiddam
381 1897 431 1934 de
452 1909 597 1945 pompa
618 1898 761 1934 clamat
781 1897 870 1942 huc,
888 1894 1090 1933 iracundia
1109 1893 1290 1944 percitus,
1309 1899 1428 1943 pater,
1451 1899 1489 1930 et
1509 1891 1564 1929 ira

169 1950 445 1996 inflammatus,
471 1958 589 1999 atque
618 1951 719 1988 adeo
753 1949 867 1987 nobis
898 1962 987 1988 eum
1018 1948 1129 1986 irasci
1159 1946 1332 1993 arbitror,
1364 1959 1456 1984 nam
1486 1946 1563 1983 huc

170 2011 340 2053 suspicit.
1387 2033 1393 2040 .

224 2058 314 2095 SOL.
367 2056 468 2094 Mihi
497 2065 724 2096 succenset:
759 2057 851 2095 audi
881 2070 972 2095 vero
1002 2055 1098 2106 quid
1124 2057 1306 2105 loquatur
1332 2052 1563 2092 homuntio:

171 2111 361 2161 quiddam
384 2110 553 2148 minatur
573 2111 728 2149 sublato
749 2111 958 2161 supercilio
979 2110 1202 2148 insolenter.
1345 2144 1348 2146 .

226 2165 482 2204 CA1ETAxus.
533 2166 663 2213 Quem
699 2165 871 2223 oportuit
904 2165 955 2203 ad
988 2163 1158 2214 primum
1193 2174 1392 2211 quemque
1431 2173 1562 2198 meum

173 2227 311 2257 nutum
332 2219 563 2264 elucescere,
586 2218 700 2256 solito
721 2218 838 2256 etiam
860 2218 999 2256 clarius
1020 2226 1058 2256 et
1079 2215 1201 2266 magis
1222 2214 1439 2264 splendide.

226 2273 316 2311 SOL.
369 2271 477 2320 Quid
497 2272 564 2317 ais,
589 2273 620 2309 L
624 2274 762 2321 egate?
792 2272 888 2331 quid
908 2271 994 2309 ais?
1024 2269 1157 2308 111111111’
1179 2270 1275 2307 haec
1296 2276 1338 2306 tu
1359 2267 1527 2306 obiicis?

226 2327 482 2365 Csmnxcs
541 2325 662 2362 Tibi?
710 2325 820 2374 quasi
859 2325 1040 2363 conscius
1079 2323 1149 2362 tibi
1188 2335 1268 2360 non
1307 2322 1358 2360 sis
1396 2320 1564 2371 ingentis

173 2379 327 2431 piaculi.

228 2438 318 2472 501..
370 2434 551 2471 Profecto
572 2446 652 2470 non
674 2445 771 2477 sum,
795 2431 868 2469 nisi
889 2432 984 2481 quid
1002 2430 1208 2470 meruerim
1229 2429 1347 2468 dicas.

229 2489 485 2527 CA1ETANUS.
535 2486 728 2531 Tandem,
752 2485 923 2534 inquam,
947 2485 1093 2534 prodis,
1119 2484 1328 2533 improbe?
1382 2482 1564 2520 Tandem
