1715 2780
111 112 165 161 98
323 108 639 148 LUTHERAN
680 105 1102 151 COMMUNITIEQ
1142 105 1294 153 1526—q
1436 114 1507 152 225

110 227 249 254 norum
270 211 487 251 ministerio
507 211 745 262 pauperibus
761 209 1020 260 dispensetur.
1073 208 1325 255 Dalmaticas,
1347 209 1382 245 11.
1402 221 1433 246 0.

113 267 397 319 Papisticorum
425 266 695 305 Diaconorum
716 272 842 303 vestes
865 271 933 302 aut
955 262 1300 302 Subdiaconorum
1321 274 1441 300 nemo
1451 237 1511 299 de

112 330 242 363 cetero
272 320 422 368 induat,
457 321 644 359 nolumus
679 318 784 358 enim
816 319 945 357 favere
973 317 1179 356 ordinibus
1211 315 1284 354 illis
1319 317 1404 354 sine
1437 316 1512 354 Dei

113 375 360 436 eloquiorum
388 374 623 414 testimoniis
652 372 897 412 introductis.
958 373 1144 412 Ceterum
1185 370 1382 421 Scriptura
1415 370 1513 408 alios

112 430 236 470 nescit
267 429 476 475 ministros,
509 435 781 479 praeterquam
812 428 1031 486 episcopos,
1068 425 1316 476 presbyteros
1351 432 1388 463 et
1423 437 1515 474 pau-

113 498 249 536 perum
279 483 480 523 diaconos.
541 485 603 521 De
631 481 821 521 Missariis
844 489 912 520 aut
940 479 1129 520 Diaconis
1154 492 1227 518 nec
1251 480 1330 517 iota
1351 478 1513 529 quidem

115 552 237 579 unum
264 537 304 577 in
334 545 501 597 utroque
531 543 766 575 testamento
796 536 1022 586 reperimus,
1054 535 1209 573 tametsi
1237 535 1512 584 episcopoium

114 593 312 633 adiutores
345 605 427 631 non
461 591 675 652 incongrue
709 590 879 632 diaconi,
913 589 954 629 id
988 596 1057 636 est,
1095 587 1260 627 ministri
1299 595 1516 634 vocentur;

115 647 305 688 diaconus
326 645 431 685 enim
453 645 688 706 ministrum,
714 652 752 683 et
772 634 954 683 diaconia
975 642 1234 681 ministerium
1255 641 1459 692 significat.

169 702 445 740 Admonemus
474 700 649 738 deinde
641 712 679 737 111
702 698 864 738 1101111110
886 697 1061 744 Domini,
1084 706 1125 735 ut
1146 709 1291 747 organa
1312 708 1516 755 nunquam

115 763 181 795 aut
209 753 403 794 rarissime
432 755 647 805 pulsentur,
678 766 728 791 ne
756 752 796 791 in
829 752 976 803 priscos
1011 751 1232 790 relabamur
1259 763 1418 789 errores.
1478 748 1518 788 Si

117 809 222 849 enim
242 815 448 859 praesente
468 807 634 846 ecclesia
654 820 735 846 non
756 815 814 846 est
834 806 967 857 lingua
994 806 1196 855 peregrina
1222 805 1417 843 utendum
1442 802 1518 841 nisi

117 863 305 914 interpres
324 862 437 909 adsit,
466 875 517 901 ne
537 861 718 900 homines
740 874 821 900 non
841 860 1061 910 intelligant
1082 859 1191 909 quod
1212 858 1366 905 dicitur,
1388 859 1518 896 minus

118 918 293 968 profecto
309 916 463 967 organis
479 916 589 966 quod
610 915 702 954 solis
721 915 881 954 auribus
901 914 985 953 sine
1001 913 1122 952 animi
1138 914 1266 951 fructu
1282 912 1520 958 inserviant,

118 971 230 1022 plebs
246 970 351 1009 enim
373 983 516 1010 sonum
543 969 705 1020 quidem
726 969 847 1017 audit,
872 969 942 1007 sed
969 980 1129 1007 sensum
1156 966 1220 1014 rei,
1250 979 1352 1017 quae
1372 978 1520 1015 organo

118 1026 304 1076 pulsatur,
346 1026 508 1084 ignorat.
569 1025 711 1073 Neque
744 1036 767 1061 a
801 1024 885 1073 lege
919 1022 1159 1061 sumendum
1191 1028 1249 1059 est
1281 1021 1518 1080 exemplum,

119 1080 228 1131 quod
256 1087 340 1118 tum
370 1078 524 1118 iusserit
549 1077 747 1117 Dominus
773 1076 975 1115 musicalia
1003 1076 1264 1114 instrumenta
1298 1073 1453 1124 pulsari,
1482 1087 1521 1111 111

120 1133 266 1174 Christi
290 1140 328 1172 et
351 1133 540 1171 ecclesiae
560 1132 750 1182 figuram:
779 1138 818 1169 at
843 1132 974 1181 figura,
1007 1136 1213 1179 praesente
1240 1128 1410 1175 veritate,
1437 1141 1523 1166 eva-

120 1187 215 1227 nuit.
256 1189 461 1227 Praeterea
481 1187 620 1225 eadem
642 1184 810 1235 pulsatio
830 1186 881 1223 ad
899 1184 1062 1223 Levitici
1083 1182 1292 1222 sacerdotii
1308 1181 1523 1221 ministeria

121 1240 353 1292 pertinebat,
384 1254 485 1291 quae
515 1241 750 1279 adveniente
771 1239 931 1279 Christo
961 1251 1051 1277 curn
1084 1237 1168 1288 ipso
1197 1236 1418 1276 sacerdotio
1439 1249 1524 1275 eva-

123 1303 236 1335 cuata
266 1302 368 1334 sunt.

177 1349 406 1400 Campanae
435 1350 486 1388 ad
515 1347 750 1387 Dominicae
770 1347 932 1387 Coenae
959 1347 1266 1386 celebrationem
1297 1353 1334 1384 et
1363 1346 1415 1384 ad
1444 1358 1522 1384 om-

124 1403 232 1443 nium
267 1404 443 1443 fidelium
472 1402 796 1454 congregationes
830 1403 884 1440 510
917 1403 1131 1451 pulsentur,
1162 1407 1205 1439 ut
1234 1401 1370 1439 audire
1400 1400 1524 1438 valeat

124 1459 292 1509 populus
313 1465 351 1497 et
370 1457 607 1508 congregari
668 1458 887 1495 Hortamur
906 1464 1038 1495 autern
1062 1456 1100 1493 in
1123 1456 1311 1502 Domino,
1339 1461 1381 1493 ut
1402 1467 1525 1493 vanus

126 1513 188 1551 ille
216 1525 264 1550 ac
295 1525 512 1571 pomposus
552 1512 818 1561 pulsationum
852 1510 1035 1560 strepitus
1069 1510 1120 1548 ab
1152 1508 1341 1547 universis
1374 1508 1526 1553 vitetur,

127 1567 219 1605 satis
250 1565 355 1604 enim
386 1573 506 1616 atque
539 1566 700 1604 abunde
732 1565 829 1604 foret
862 1577 1095 1615 campanam
1129 1577 1248 1601 unam
1285 1562 1525 1601 mediocrem

127 1632 196 1669 pro
217 1620 327 1681 signo
347 1621 500 1670 pulsari.

181 1673 278 1724 Cap.
301 1675 347 1713 iv.
379 1675 472 1712 Non
494 1674 762 1712 reservandam
789 1687 828 1711 m
854 1672 1040 1711 armareis
1058 1672 1352 1710 Euclzars‘slzam
1374 1684 1438 1709 nec
1455 1676 1532 1720 per

121 1729 273 1777 plateas
292 1729 405 1766 ettam
433 1728 675 1777 mfirmorum
696 1728 880 1765 occasione
898 1725 1246 1774 czrczcmferendczm.
1305 1724 1410 1775 Quia
1436 1737 1529 1763 usus

130 1789 285 1821 sanctae
306 1781 577 1820 Eucharistiae
604 1788 662 1819 est
689 1780 914 1831 perceptio¹
936 1780 1019 1819 eius
1043 1787 1081 1818 et
1101 1778 1332 1818 communio
1353 1779 1529 1818 fidelium

131 1835 170 1875 in
193 1834 339 1875 Christi
367 1834 799 1881 commemorationem,
831 1833 972 1873 nullibi
1000 1833 1148 1872 amodo
1178 1832 1218 1871 in
1245 1831 1420 1871 armariis
1450 1830 1532 1871 sive

131 1888 279 1929 arcellis
307 1897 533 1937 reservetur,
557 1890 743 1939 nullaque
773 1888 923 1927 ratione
946 1888 1271 1934 circumferatur3
1300 1887 1398 1926 haec
1425 1899 1532 1924 nam

133 1955 208 1993 que
236 1943 423 1994 figmenta
445 1943 652 1982 hominum
683 1950 785 1989 sunt,
813 1943 986 1993 ideoque
1008 1941 1181 1980 vitanda.
1239 1941 1362 1991 Quod
1387 1939 1418 1980 51
1445 1939 1532 1992 quis

133 1995 373 2036 infirmorum
407 1997 533 2047 ipsam
570 1996 857 2035 Eucharistiam
891 1996 998 2047 petit,
1034 1996 1197 2034 accedat
1231 1994 1408 2034 minister
1441 2007 1533 2045 qua-

135 2062 303 2102 cumque
323 2052 418 2090 hora
438 2051 564 2098 fuerit,
587 2058 625 2090 et
650 2052 691 2090 in
712 2051 835 2090 domo
855 2050 999 2090 infirmi
1019 2050 1198 2091 Coenam
1223 2050 1326 2088 hanc
1346 2048 1530 2096 celebret,

136 2104 185 2142 ad
214 2117 343 2154 quam,
375 2104 406 2144 si
436 2105 517 2144 fieri
547 2112 687 2155 potest,
719 2112 795 2143 tres
828 2103 982 2155 aliquos
1011 2110 1126 2143 vocet
1157 2103 1224 2154 qui
1254 2116 1345 2142 cum
1377 2103 1533 2143 infirmo

137 2158 440 2207 communicent,
463 2167 655 2209 orentque
677 2171 747 2209 pro
768 2169 817 2197 eo
837 2166 875 2198 et
902 2160 1156 2198 consolentur
1182 2171 1273 2197 eum
1294 2171 1386 2196 curn
1412 2156 1534 2196 verbo

140 2211 311 2259 Domini,
329 2220 368 2252 et
388 2212 563 2252 minister
584 2214 648 2252 ille
667 2212 802 2263 paucis
823 2219 955 2252 tantae
972 2213 1134 2253 Coenae
1148 2211 1330 2263 mysteria
1349 2212 1532 2250 declaret.

193 2264 292 2316 Cap.
319 2280 352 2304 v
391 2268 456 2305 De
498 2268 694 2314 Οναίιοηε,
736 2267 907 2305 Lectione
940 2272 977 2304 et
1013 2267 1182 2306 Canticis
1219 2272 1299 2304 tam
1334 2265 1536 2303 matutinis

140 2330 253 2366 quam
290 2321 521 2369 vespertmz’s.
525 2321 854 2381 —Quaecunque
897 2320 937 2359 in
983 2320 1204 2372 praesentia
1243 2318 1445 2358 Ecclesiae
1483 2317 1538 2356 di-

142 2379 308 2412 cuntur
336 2374 544 2425 ..lingua
577 2374 729 2413 cunctis
761 2373 904 2413 notiori
933 2375 1177 2415 tradantur.
1248 2370 1538 2412 .Admonendi

184 2451 195 2469 ¹
221 2451 374 2485 Contrast
397 2456 405 2471 ‘
420 2455 577 2487 Perfectio
601 2456 697 2488 huius
725 2456 918 2487 sacramenti
942 2466 1007 2486 non
1032 2459 1079 2487 est
1108 2457 1140 2486 in
1169 2465 1227 2486 usu
1255 2452 1400 2484 fidelium
1424 2453 1480 2484 sed
1504 2452 1537 2483 in

143 2497 384 2529 consecratione
400 2499 554 2530 materiae
565 2497 650 2531 '—S.
669 2498 772 2531 Thos.
791 2500 854 2539 Aq.
873 2499 1012 2530 Summa
1030 2499 1092 2529 111.
1111 2499 1195 2529 lxxx.
1217 2506 1253 2527 12
1272 2497 1313 2527 ad
1333 2506 1359 2527 2.

197 2564 262 2598 944
822 2565 848 2597 Q
