<?xml version="1.0" encoding="UTF-8"?>
<!DOCTYPE html PUBLIC "-//W3C//DTD XHTML 1.0 Transitional//EN"
    "http://www.w3.org/TR/xhtml1/DTD/xhtml1-transitional.dtd">
<html xmlns="http://www.w3.org/1999/xhtml" xml:lang="en" lang="en">
 <head>
  <title>
</title>
<meta http-equiv="Content-Type" content="text/html;charset=utf-8" />
  <meta name='ocr-system' content='tesseract 3.04.00' />
  <meta name='ocr-capabilities' content='ocr_page ocr_carea ocr_par ocr_line ocrx_word'/>
</head>
<body>
  <div class='ocr_page' id='page_1' title='image "./docreform00kidd_0098.png"; bbox 0 0 1715 2780; ppageno 0'>
   <div class='ocr_carea' id='block_1_1' title="bbox 127 101 1524 158">
    <p class='ocr_par' dir='ltr' id='par_1_1' title="bbox 127 101 1524 158">
     <span class='ocr_line' id='line_1_1' title="bbox 127 101 1524 158; baseline -0.006 -11"><span class='ocrx_word' id='word_1_1' title='bbox 127 121 174 158; x_wconf 92' lang='lat'>70</span> <span class='ocrx_word' id='word_1_2' title='bbox 339 108 459 146; x_wconf 91' lang='lat' dir='ltr'>THE</span> <span class='ocrx_word' id='word_1_3' title='bbox 501 106 702 145; x_wconf 86' lang='lat' dir='ltr'>THREE</span> <span class='ocrx_word' id='word_1_4' title='bbox 744 103 1050 143; x_wconf 77' lang='lat' dir='ltr'>TREATISES</span> <span class='ocrx_word' id='word_1_5' title='bbox 1096 103 1167 141; x_wconf 89' lang='lat' dir='ltr'>OF</span> <span class='ocrx_word' id='word_1_6' title='bbox 1205 114 1305 152; x_wconf 87' lang='lat'>1520</span> <span class='ocrx_word' id='word_1_7' title='bbox 1470 101 1524 147; x_wconf 86' lang='lat'>36</span> 
     </span>
    </p>
   </div>
   <div class='ocr_carea' id='block_1_2' title="bbox 122 206 1553 2315">
    <p class='ocr_par' dir='ltr' id='par_1_2' title="bbox 122 206 1533 802">
     <span class='ocr_line' id='line_1_2' title="bbox 122 206 1527 262; baseline -0.007 -9"><span class='ocrx_word' id='word_1_8' title='bbox 122 214 409 253; x_wconf 79' lang='lat' dir='ltr'>obtinuerimus</span> <span class='ocrx_word' id='word_1_9' title='bbox 439 225 524 251; x_wconf 86' lang='lat' dir='ltr'>esse</span> <span class='ocrx_word' id='word_1_10' title='bbox 553 210 856 262; x_wconf 81' lang='lat' dir='ltr'>promissionem</span> <span class='ocrx_word' id='word_1_11' title='bbox 885 206 1033 248; x_wconf 87' lang='lat' dir='ltr'>Christi</span> <span class='ocrx_word' id='word_1_12' title='bbox 1062 219 1130 246; x_wconf 91' lang='lat' dir='ltr'>seu</span> <span class='ocrx_word' id='word_1_13' title='bbox 1160 212 1453 253; x_wconf 90' lang='lat' dir='ltr'>testamentum,</span> <span class='ocrx_word' id='word_1_14' title='bbox 1483 212 1527 244; x_wconf 88' lang='lat' dir='ltr'>ut</span> 
     </span>
     <span class='ocr_line' id='line_1_3' title="bbox 122 259 1525 312; baseline -0.006 -5"><span class='ocrx_word' id='word_1_15' title='bbox 122 269 240 307; x_wconf 90' lang='lat' dir='ltr'>verba</span> <span class='ocrx_word' id='word_1_16' title='bbox 269 269 370 306; x_wconf 86' lang='lat' dir='ltr'>clare</span> <span class='ocrx_word' id='word_1_17' title='bbox 399 273 552 312; x_wconf 91' lang='lat' dir='ltr'>sonant,</span> <span class='ocrx_word' id='word_1_18' title='bbox 585 272 711 303; x_wconf 90' lang='lat' dir='ltr'>totum</span> <span class='ocrx_word' id='word_1_19' title='bbox 746 261 991 312; x_wconf 90' lang='lat' dir='ltr'>evangelium</span> <span class='ocrx_word' id='word_1_20' title='bbox 1022 268 1060 300; x_wconf 88' lang='lat' dir='ltr'>et</span> <span class='ocrx_word' id='word_1_21' title='bbox 1089 260 1315 299; x_wconf 89' lang='lat' dir='ltr'>universum</span> <span class='ocrx_word' id='word_1_22' title='bbox 1344 259 1525 299; x_wconf 90' lang='lat' dir='ltr'>solatium</span> 
     </span>
     <span class='ocr_line' id='line_1_4' title="bbox 122 314 1526 366; baseline -0.007 -5"><span class='ocrx_word' id='word_1_23' title='bbox 122 321 350 361; x_wconf 86' lang='lat' dir='ltr'>amittimus.</span> <span class='ocrx_word' id='word_1_24' title='bbox 410 320 521 359; x_wconf 90' lang='lat' dir='ltr'>Nihil</span> <span class='ocrx_word' id='word_1_25' title='bbox 550 327 685 358; x_wconf 87' lang='lat' dir='ltr'>contra</span> <span class='ocrx_word' id='word_1_26' title='bbox 714 319 812 356; x_wconf 90' lang='lat' dir='ltr'>haec</span> <span class='ocrx_word' id='word_1_27' title='bbox 842 316 962 355; x_wconf 89' lang='lat' dir='ltr'>verba</span> <span class='ocrx_word' id='word_1_28' title='bbox 991 314 1263 366; x_wconf 82' lang='lat' dir='ltr'>permittamus</span> <span class='ocrx_word' id='word_1_29' title='bbox 1293 315 1526 365; x_wconf 89' lang='lat' dir='ltr'>praevalere,</span> 
     </span>
     <span class='ocr_line' id='line_1_5' title="bbox 123 367 1529 426; baseline -0.007 -11"><span class='ocrx_word' id='word_1_30' title='bbox 123 376 276 415; x_wconf 90' lang='lat' dir='ltr'>etiamsi</span> <span class='ocrx_word' id='word_1_31' title='bbox 296 377 458 426; x_wconf 82' lang='lat' dir='ltr'>angelus</span> <span class='ocrx_word' id='word_1_32' title='bbox 482 375 531 413; x_wconf 92' lang='lat' dir='ltr'>de</span> <span class='ocrx_word' id='word_1_33' title='bbox 553 374 664 412; x_wconf 91' lang='lat' dir='ltr'>coelo</span> <span class='ocrx_word' id='word_1_34' title='bbox 691 372 799 410; x_wconf 92' lang='lat' dir='ltr'>aliud</span> <span class='ocrx_word' id='word_1_35' title='bbox 825 370 1014 410; x_wconf 86' lang='lat' dir='ltr'>docuerit.</span> <span class='ocrx_word' id='word_1_36' title='bbox 1074 368 1184 407; x_wconf 91' lang='lat' dir='ltr'>Nihil</span> <span class='ocrx_word' id='word_1_37' title='bbox 1208 367 1314 407; x_wconf 90' lang='lat' dir='ltr'>enirn</span> <span class='ocrx_word' id='word_1_38' title='bbox 1337 369 1388 407; x_wconf 94' lang='lat' dir='ltr'>de</span> <span class='ocrx_word' id='word_1_39' title='bbox 1411 380 1529 418; x_wconf 90' lang='lat' dir='ltr'>opere</span> 
     </span>
     <span class='ocr_line' id='line_1_6' title="bbox 123 422 1530 473; baseline -0.006 -4"><span class='ocrx_word' id='word_1_40' title='bbox 123 432 185 469; x_wconf 86' lang='lat' dir='ltr'>vel</span> <span class='ocrx_word' id='word_1_41' title='bbox 205 429 396 469; x_wconf 85' lang='lat' dir='ltr'>sacrificio</span> <span class='ocrx_word' id='word_1_42' title='bbox 420 430 460 466; x_wconf 91' lang='lat' dir='ltr'>in</span> <span class='ocrx_word' id='word_1_43' title='bbox 486 427 560 466; x_wconf 89' lang='lat' dir='ltr'>illis</span> <span class='ocrx_word' id='word_1_44' title='bbox 581 427 805 466; x_wconf 83' lang='lat' dir='ltr'>continetur</span> <span class='ocrx_word' id='word_1_45' title='bbox 826 455 834 463; x_wconf 89' lang='lat'><strong>.</strong></span> <span class='ocrx_word' id='word_1_46' title='bbox 859 455 866 463; x_wconf 93' lang='lat'><strong>.</strong></span> <span class='ocrx_word' id='word_1_47' title='bbox 890 455 896 462; x_wconf 95' lang='lat'>.</span> <span class='ocrx_word' id='word_1_48' title='bbox 920 425 1053 473; x_wconf 80' lang='lat' dir='ltr'>Quare</span> <span class='ocrx_word' id='word_1_49' title='bbox 1079 422 1179 461; x_wconf 79' lang='lat' dir='ltr'>sicut</span> <span class='ocrx_word' id='word_1_50' title='bbox 1200 430 1393 473; x_wconf 84' lang='lat' dir='ltr'>repugnat</span> <span class='ocrx_word' id='word_1_51' title='bbox 1418 429 1530 461; x_wconf 87' lang='lat' dir='ltr'>testa-</span> 
     </span>
     <span class='ocr_line' id='line_1_7' title="bbox 125 475 1531 531; baseline -0.006 -8"><span class='ocrx_word' id='word_1_52' title='bbox 125 492 302 523; x_wconf 87' lang='lat' dir='ltr'>mentum</span> <span class='ocrx_word' id='word_1_53' title='bbox 343 482 522 522; x_wconf 85' lang='lat' dir='ltr'>distribui</span> <span class='ocrx_word' id='word_1_54' title='bbox 562 494 630 520; x_wconf 87' lang='lat' dir='ltr'>seu</span> <span class='ocrx_word' id='word_1_55' title='bbox 668 479 971 531; x_wconf 86' lang='lat' dir='ltr'>promissionem</span> <span class='ocrx_word' id='word_1_56' title='bbox 1018 477 1196 527; x_wconf 91' lang='lat' dir='ltr'>accipere</span> <span class='ocrx_word' id='word_1_57' title='bbox 1237 484 1276 516; x_wconf 91' lang='lat' dir='ltr'>et</span> <span class='ocrx_word' id='word_1_58' title='bbox 1314 475 1531 515; x_wconf 88' lang='lat' dir='ltr'>sacrificare</span> 
     </span>
     <span class='ocr_line' id='line_1_8' title="bbox 125 530 1531 586; baseline -0.006 -9"><span class='ocrx_word' id='word_1_59' title='bbox 125 538 369 586; x_wconf 87' lang='lat' dir='ltr'>sacrificium,</span> <span class='ocrx_word' id='word_1_60' title='bbox 400 537 452 575; x_wconf 88' lang='lat' dir='ltr'>ita</span> <span class='ocrx_word' id='word_1_61' title='bbox 481 543 671 586; x_wconf 80' lang='lat' dir='ltr'>repugnat</span> <span class='ocrx_word' id='word_1_62' title='bbox 700 534 858 572; x_wconf 89' lang='lat' dir='ltr'>missam</span> <span class='ocrx_word' id='word_1_63' title='bbox 889 545 974 571; x_wconf 89' lang='lat' dir='ltr'>esse</span> <span class='ocrx_word' id='word_1_64' title='bbox 1003 531 1261 579; x_wconf 77' lang='lat' dir='ltr'>sacrificium3</span> <span class='ocrx_word' id='word_1_65' title='bbox 1303 544 1394 569; x_wconf 91' lang='lat' dir='ltr'>cum</span> <span class='ocrx_word' id='word_1_66' title='bbox 1425 530 1531 569; x_wconf 89' lang='lat' dir='ltr'>illam</span> 
     </span>
     <span class='ocr_line' id='line_1_9' title="bbox 125 583 1533 643; baseline -0.006 -12"><span class='ocrx_word' id='word_1_67' title='bbox 125 592 371 643; x_wconf 79' lang='lat' dir='ltr'>recipiamus,</span> <span class='ocrx_word' id='word_1_68' title='bbox 389 592 465 629; x_wconf 86' lang='lat' dir='ltr'>hoc</span> <span class='ocrx_word' id='word_1_69' title='bbox 485 603 577 629; x_wconf 80' lang='lat' dir='ltr'>vero</span> <span class='ocrx_word' id='word_1_70' title='bbox 599 590 751 628; x_wconf 88' lang='lat' dir='ltr'>demus.</span> <span class='ocrx_word' id='word_1_71' title='bbox 808 588 923 626; x_wconf 87' lang='lat' dir='ltr'>Idem</span> <span class='ocrx_word' id='word_1_72' title='bbox 937 593 1069 625; x_wconf 89' lang='lat' dir='ltr'>autem</span> <span class='ocrx_word' id='word_1_73' title='bbox 1087 585 1203 624; x_wconf 87' lang='lat' dir='ltr'>simul</span> <span class='ocrx_word' id='word_1_74' title='bbox 1217 584 1337 635; x_wconf 89' lang='lat' dir='ltr'>recipi</span> <span class='ocrx_word' id='word_1_75' title='bbox 1351 592 1389 623; x_wconf 92' lang='lat' dir='ltr'>et</span> <span class='ocrx_word' id='word_1_76' title='bbox 1405 583 1533 623; x_wconf 86' lang='lat' dir='ltr'>offerri</span> 
     </span>
     <span class='ocr_line' id='line_1_10' title="bbox 127 639 1533 697; baseline -0.007 -11"><span class='ocrx_word' id='word_1_77' title='bbox 127 661 207 685; x_wconf 90' lang='lat' dir='ltr'>non</span> <span class='ocrx_word' id='word_1_78' title='bbox 232 654 374 697; x_wconf 85' lang='lat' dir='ltr'>potest,</span> <span class='ocrx_word' id='word_1_79' title='bbox 396 659 469 684; x_wconf 90' lang='lat' dir='ltr'>nec</span> <span class='ocrx_word' id='word_1_80' title='bbox 489 646 540 683; x_wconf 92' lang='lat' dir='ltr'>ab</span> <span class='ocrx_word' id='word_1_81' title='bbox 568 645 710 682; x_wconf 88' lang='lat' dir='ltr'>eodem</span> <span class='ocrx_word' id='word_1_82' title='bbox 732 642 848 680; x_wconf 90' lang='lat' dir='ltr'>simul</span> <span class='ocrx_word' id='word_1_83' title='bbox 870 640 952 680; x_wconf 87' lang='lat' dir='ltr'>dari</span> <span class='ocrx_word' id='word_1_84' title='bbox 972 647 1010 679; x_wconf 89' lang='lat' dir='ltr'>et</span> <span class='ocrx_word' id='word_1_85' title='bbox 1031 640 1236 690; x_wconf 91' lang='lat' dir='ltr'>acceptari.</span> <span class='ocrx_word' id='word_1_86' title='bbox 1296 640 1389 678; x_wconf 92' lang='lat' dir='ltr'>Non</span> <span class='ocrx_word' id='word_1_87' title='bbox 1411 639 1533 688; x_wconf 88' lang='lat' dir='ltr'>magis</span> 
     </span>
     <span class='ocr_line' id='line_1_11' title="bbox 127 692 1532 751; baseline -0.007 -11"><span class='ocrx_word' id='word_1_88' title='bbox 127 709 232 740; x_wconf 92' lang='lat' dir='ltr'>certe</span> <span class='ocrx_word' id='word_1_89' title='bbox 253 714 372 751; x_wconf 84' lang='lat' dir='ltr'>quam</span> <span class='ocrx_word' id='word_1_90' title='bbox 394 699 517 738; x_wconf 83' lang='lat' dir='ltr'>oratio</span> <span class='ocrx_word' id='word_1_91' title='bbox 539 706 576 737; x_wconf 89' lang='lat' dir='ltr'>et</span> <span class='ocrx_word' id='word_1_92' title='bbox 598 698 805 748; x_wconf 89' lang='lat' dir='ltr'>impetrata</span> <span class='ocrx_word' id='word_1_93' title='bbox 825 709 884 735; x_wconf 88' lang='lat' dir='ltr'>res</span> <span class='ocrx_word' id='word_1_94' title='bbox 906 702 1055 745; x_wconf 88' lang='lat' dir='ltr'>queunt</span> <span class='ocrx_word' id='word_1_95' title='bbox 1076 694 1182 733; x_wconf 93' lang='lat' dir='ltr'>idem</span> <span class='ocrx_word' id='word_1_96' title='bbox 1210 707 1308 741; x_wconf 87' lang='lat' dir='ltr'>esse,</span> <span class='ocrx_word' id='word_1_97' title='bbox 1329 706 1402 732; x_wconf 92' lang='lat' dir='ltr'>nec</span> <span class='ocrx_word' id='word_1_98' title='bbox 1427 692 1532 731; x_wconf 89' lang='lat' dir='ltr'>idem</span> 
     </span>
     <span class='ocr_line' id='line_1_12' title="bbox 128 752 696 802; baseline -0.007 -9"><span class='ocrx_word' id='word_1_99' title='bbox 128 755 175 793; x_wconf 85' lang='lat' dir='ltr'>sit</span> <span class='ocrx_word' id='word_1_100' title='bbox 195 768 304 793; x_wconf 82' lang='lat' dir='ltr'>orare</span> <span class='ocrx_word' id='word_1_101' title='bbox 325 762 362 793; x_wconf 92' lang='lat' dir='ltr'>et</span> <span class='ocrx_word' id='word_1_102' title='bbox 384 760 491 792; x_wconf 82' lang='lat' dir='ltr'>orata</span> <span class='ocrx_word' id='word_1_103' title='bbox 509 752 696 802; x_wconf 83' lang='lat' dir='ltr'>accipere.</span> 
     </span>
    </p>

    <p class='ocr_par' dir='ltr' id='par_1_3' title="bbox 129 802 1540 1065">
     <span class='ocr_line' id='line_1_13' title="bbox 184 802 1533 858; baseline -0.006 -11"><span class='ocrx_word' id='word_1_104' title='bbox 184 809 293 858; x_wconf 88' lang='lat' dir='ltr'>Quid</span> <span class='ocrx_word' id='word_1_105' title='bbox 314 821 405 858; x_wconf 86' lang='lat' dir='ltr'>ergo</span> <span class='ocrx_word' id='word_1_106' title='bbox 426 809 604 846; x_wconf 87' lang='lat' dir='ltr'>dicemus</span> <span class='ocrx_word' id='word_1_107' title='bbox 624 807 675 844; x_wconf 87' lang='lat' dir='ltr'>ad</span> <span class='ocrx_word' id='word_1_108' title='bbox 696 818 889 844; x_wconf 84' lang='lat' dir='ltr'>canonem</span> <span class='ocrx_word' id='word_1_109' title='bbox 918 812 956 843; x_wconf 90' lang='lat' dir='ltr'>et</span> <span class='ocrx_word' id='word_1_110' title='bbox 981 802 1232 842; x_wconf 86' lang='lat' dir='ltr'>auctoritates</span> <span class='ocrx_word' id='word_1_111' title='bbox 1253 803 1443 840; x_wconf 87' lang='lat' dir='ltr'>Patrum?</span> <span class='ocrx_word' id='word_1_112' title='bbox 1465 832 1471 839; x_wconf 94' lang='lat'><strong>.</strong></span> <span class='ocrx_word' id='word_1_113' title='bbox 1496 832 1503 840; x_wconf 86' lang='lat'><strong>.</strong></span> <span class='ocrx_word' id='word_1_114' title='bbox 1527 832 1533 839; x_wconf 94' lang='lat'>.</span> 
     </span>
     <span class='ocr_line' id='line_1_14' title="bbox 132 856 1537 913; baseline -0.006 -11"><span class='ocrx_word' id='word_1_115' title='bbox 132 864 396 913; x_wconf 88' lang='lat' dir='ltr'>Respondeo:</span> <span class='ocrx_word' id='word_1_116' title='bbox 439 862 477 899; x_wconf 85' lang='lat' dir='ltr'>Si</span> <span class='ocrx_word' id='word_1_117' title='bbox 508 860 604 898; x_wconf 85' lang='lat' dir='ltr'>nihil</span> <span class='ocrx_word' id='word_1_118' title='bbox 636 860 801 898; x_wconf 86' lang='lat' dir='ltr'>babetur</span> <span class='ocrx_word' id='word_1_119' title='bbox 835 859 944 908; x_wconf 86' lang='lat' dir='ltr'>quod</span> <span class='ocrx_word' id='word_1_120' title='bbox 973 858 1135 906; x_wconf 90' lang='lat' dir='ltr'>dicatur,</span> <span class='ocrx_word' id='word_1_121' title='bbox 1166 856 1287 895; x_wconf 89' lang='lat' dir='ltr'>tutius</span> <span class='ocrx_word' id='word_1_122' title='bbox 1317 863 1375 895; x_wconf 87' lang='lat' dir='ltr'>est</span> <span class='ocrx_word' id='word_1_123' title='bbox 1404 856 1537 894; x_wconf 87' lang='lat' dir='ltr'>omnia</span> 
     </span>
     <span class='ocr_line' id='line_1_15' title="bbox 130 910 1538 967; baseline -0.006 -11"><span class='ocrx_word' id='word_1_124' title='bbox 130 930 271 967; x_wconf 88' lang='lat' dir='ltr'>negare</span> <span class='ocrx_word' id='word_1_125' title='bbox 298 930 416 966; x_wconf 83' lang='lat' dir='ltr'>quam</span> <span class='ocrx_word' id='word_1_126' title='bbox 449 915 606 953; x_wconf 90' lang='lat' dir='ltr'>missam</span> <span class='ocrx_word' id='word_1_127' title='bbox 635 914 853 953; x_wconf 87' lang='lat' dir='ltr'>concedere</span> <span class='ocrx_word' id='word_1_128' title='bbox 880 926 979 963; x_wconf 84' lang='lat' dir='ltr'>opus</span> <span class='ocrx_word' id='word_1_129' title='bbox 1005 919 1072 950; x_wconf 91' lang='lat' dir='ltr'>aut</span> <span class='ocrx_word' id='word_1_130' title='bbox 1099 910 1333 949; x_wconf 89' lang='lat' dir='ltr'>sacrificium</span> <span class='ocrx_word' id='word_1_131' title='bbox 1363 923 1458 957; x_wconf 89' lang='lat' dir='ltr'>esse,</span> <span class='ocrx_word' id='word_1_132' title='bbox 1488 922 1538 948; x_wconf 90' lang='lat' dir='ltr'>ne</span> 
     </span>
     <span class='ocr_line' id='line_1_16' title="bbox 129 966 1540 1018; baseline -0.005 -9"><span class='ocrx_word' id='word_1_133' title='bbox 129 972 292 1010; x_wconf 87' lang='lat' dir='ltr'>verbum</span> <span class='ocrx_word' id='word_1_134' title='bbox 333 970 478 1010; x_wconf 87' lang='lat' dir='ltr'>Christi</span> <span class='ocrx_word' id='word_1_135' title='bbox 516 981 718 1018; x_wconf 78' lang='lat' dir='ltr'>negemus,</span> <span class='ocrx_word' id='word_1_136' title='bbox 758 968 878 1006; x_wconf 88' lang='lat' dir='ltr'>fidem</span> <span class='ocrx_word' id='word_1_137' title='bbox 918 968 1032 1004; x_wconf 88' lang='lat' dir='ltr'>simul</span> <span class='ocrx_word' id='word_1_138' title='bbox 1081 979 1171 1004; x_wconf 91' lang='lat' dir='ltr'>cum</span> <span class='ocrx_word' id='word_1_139' title='bbox 1221 966 1338 1003; x_wconf 87' lang='lat' dir='ltr'>missa</span> <span class='ocrx_word' id='word_1_140' title='bbox 1379 977 1540 1015; x_wconf 90' lang='lat' dir='ltr'>pessun-</span> 
     </span>
     <span class='ocr_line' id='line_1_17' title="bbox 130 1027 374 1065; baseline -0.012 0"><span class='ocrx_word' id='word_1_141' title='bbox 130 1027 280 1065; x_wconf 87' lang='lat' dir='ltr'>dantes.</span> <span class='ocrx_word' id='word_1_142' title='bbox 304 1056 310 1062; x_wconf 93' lang='lat'><em>.</em></span> <span class='ocrx_word' id='word_1_143' title='bbox 335 1055 342 1063; x_wconf 96' lang='lat'>.</span> <span class='ocrx_word' id='word_1_144' title='bbox 368 1055 374 1062; x_wconf 95' lang='lat'>.</span> 
     </span>
    </p>

    <p class='ocr_par' dir='ltr' id='par_1_4' title="bbox 132 1072 1539 1226">
     <span class='ocr_line' id='line_1_18' title="bbox 188 1072 1536 1131; baseline -0.005 -14"><span class='ocrx_word' id='word_1_145' title='bbox 188 1078 267 1131; x_wconf 87' lang='lat' dir='ltr'>[De</span> <span class='ocrx_word' id='word_1_146' title='bbox 281 1085 527 1116; x_wconf 81' lang='lat' dir='ltr'>sacramento</span> <span class='ocrx_word' id='word_1_147' title='bbox 549 1074 758 1127; x_wconf 87' lang='lat' dir='ltr'>Baptismi]</span> <span class='ocrx_word' id='word_1_148' title='bbox 777 1075 1018 1114; x_wconf 88' lang='lat' dir='ltr'>Benedictus</span> <span class='ocrx_word' id='word_1_149' title='bbox 1034 1076 1144 1112; x_wconf 89' lang='lat' dir='ltr'>Deus</span> <span class='ocrx_word' id='word_1_150' title='bbox 1160 1081 1198 1112; x_wconf 90' lang='lat' dir='ltr'>et</span> <span class='ocrx_word' id='word_1_151' title='bbox 1214 1074 1328 1111; x_wconf 92' lang='lat' dir='ltr'>Pater</span> <span class='ocrx_word' id='word_1_152' title='bbox 1343 1072 1536 1111; x_wconf 90' lang='lat' dir='ltr'><strong>D.N.I.C.</strong></span> 
     </span>
     <span class='ocr_line' id='line_1_19' title="bbox 132 1126 1539 1183; baseline -0.006 -11"><span class='ocrx_word' id='word_1_153' title='bbox 132 1134 221 1183; x_wconf 82' lang='lat' dir='ltr'>qui.</span> <span class='ocrx_word' id='word_1_154' title='bbox 241 1164 248 1171; x_wconf 92' lang='lat'><em>.</em></span> <span class='ocrx_word' id='word_1_155' title='bbox 266 1164 272 1170; x_wconf 93' lang='lat'><em>.</em></span> <span class='ocrx_word' id='word_1_156' title='bbox 291 1134 428 1171; x_wconf 84' lang='lat' dir='ltr'>saltem</span> <span class='ocrx_word' id='word_1_157' title='bbox 450 1133 526 1170; x_wconf 92' lang='lat' dir='ltr'>hoc</span> <span class='ocrx_word' id='word_1_158' title='bbox 547 1131 707 1169; x_wconf 88' lang='lat' dir='ltr'>unicum</span> <span class='ocrx_word' id='word_1_159' title='bbox 730 1136 1019 1169; x_wconf 84' lang='lat' dir='ltr'>sacramentum</span> <span class='ocrx_word' id='word_1_160' title='bbox 1040 1127 1205 1166; x_wconf 83' lang='lat' dir='ltr'>servavit</span> <span class='ocrx_word' id='word_1_161' title='bbox 1225 1127 1265 1165; x_wconf 92' lang='lat' dir='ltr'>in</span> <span class='ocrx_word' id='word_1_162' title='bbox 1286 1126 1451 1166; x_wconf 89' lang='lat' dir='ltr'>ecclesia</span> <span class='ocrx_word' id='word_1_163' title='bbox 1471 1139 1539 1164; x_wconf 82' lang='lat' dir='ltr'>sua</span> 
     </span>
     <span class='ocr_line' id='line_1_20' title="bbox 132 1182 1498 1226; baseline -0.005 0"><span class='ocrx_word' id='word_1_164' title='bbox 132 1187 323 1226; x_wconf 88' lang='lat' dir='ltr'>illibatum</span> <span class='ocrx_word' id='word_1_165' title='bbox 341 1195 379 1225; x_wconf 87' lang='lat' dir='ltr'>et</span> <span class='ocrx_word' id='word_1_166' title='bbox 398 1184 753 1224; x_wconf 82' lang='lat' dir='ltr'>incontaminatum</span> <span class='ocrx_word' id='word_1_167' title='bbox 774 1198 797 1223; x_wconf 87' lang='lat' dir='ltr'>a</span> <span class='ocrx_word' id='word_1_168' title='bbox 817 1182 1166 1222; x_wconf 88' lang='lat' dir='ltr'>constitutionibus</span> <span class='ocrx_word' id='word_1_169' title='bbox 1188 1182 1406 1220; x_wconf 89' lang='lat' dir='ltr'>hominum.</span> <span class='ocrx_word' id='word_1_170' title='bbox 1427 1211 1434 1218; x_wconf 91' lang='lat'>.</span> <span class='ocrx_word' id='word_1_171' title='bbox 1459 1211 1466 1218; x_wconf 96' lang='lat'>.</span> <span class='ocrx_word' id='word_1_172' title='bbox 1490 1210 1498 1219; x_wconf 90' lang='lat'>.</span> 
     </span>
    </p>

    <p class='ocr_par' dir='ltr' id='par_1_5' title="bbox 134 1235 1549 2142">
     <span class='ocr_line' id='line_1_21' title="bbox 186 1235 1541 1288; baseline -0.005 -9"><span class='ocrx_word' id='word_1_173' title='bbox 186 1243 335 1280; x_wconf 86' lang='lat' dir='ltr'>Verum</span> <span class='ocrx_word' id='word_1_174' title='bbox 367 1241 434 1279; x_wconf 88' lang='lat' dir='ltr'>ubi</span> <span class='ocrx_word' id='word_1_175' title='bbox 464 1240 646 1278; x_wconf 84' lang='lat' dir='ltr'>virtutem</span> <span class='ocrx_word' id='word_1_176' title='bbox 676 1237 861 1288; x_wconf 89' lang='lat' dir='ltr'>baptismi</span> <span class='ocrx_word' id='word_1_177' title='bbox 890 1237 930 1275; x_wconf 88' lang='lat' dir='ltr'>in</span> <span class='ocrx_word' id='word_1_178' title='bbox 962 1235 1129 1287; x_wconf 89' lang='lat' dir='ltr'>parvulis</span> <span class='ocrx_word' id='word_1_179' title='bbox 1159 1249 1240 1274; x_wconf 90' lang='lat' dir='ltr'>non</span> <span class='ocrx_word' id='word_1_180' title='bbox 1269 1235 1397 1286; x_wconf 90' lang='lat' dir='ltr'>potuit</span> <span class='ocrx_word' id='word_1_181' title='bbox 1423 1236 1541 1273; x_wconf 86' lang='lat' dir='ltr'>Satan</span> 
     </span>
     <span class='ocr_line' id='line_1_22' title="bbox 134 1288 1540 1345; baseline -0.006 -11"><span class='ocrx_word' id='word_1_182' title='bbox 134 1295 388 1345; x_wconf 82' lang='lat' dir='ltr'>exstinguere,</span> <span class='ocrx_word' id='word_1_183' title='bbox 407 1293 621 1344; x_wconf 84' lang='lat' dir='ltr'>praevaluit</span> <span class='ocrx_word' id='word_1_184' title='bbox 638 1301 771 1331; x_wconf 89' lang='lat' dir='ltr'>tamen</span> <span class='ocrx_word' id='word_1_185' title='bbox 792 1300 834 1330; x_wconf 89' lang='lat' dir='ltr'>ut</span> <span class='ocrx_word' id='word_1_186' title='bbox 855 1292 895 1329; x_wconf 93' lang='lat' dir='ltr'>in</span> <span class='ocrx_word' id='word_1_187' title='bbox 908 1290 1094 1330; x_wconf 90' lang='lat' dir='ltr'>omnibus</span> <span class='ocrx_word' id='word_1_188' title='bbox 1107 1289 1251 1329; x_wconf 89' lang='lat' dir='ltr'>adultis</span> <span class='ocrx_word' id='word_1_189' title='bbox 1267 1288 1540 1339; x_wconf 76' lang='lat' dir='ltr'>exstingueret,</span> 
     </span>
     <span class='ocr_line' id='line_1_23' title="bbox 134 1343 1542 1397; baseline -0.006 -9"><span class='ocrx_word' id='word_1_190' title='bbox 134 1358 175 1388; x_wconf 88' lang='lat' dir='ltr'>ut</span> <span class='ocrx_word' id='word_1_191' title='bbox 201 1350 276 1387; x_wconf 91' lang='lat' dir='ltr'>iam</span> <span class='ocrx_word' id='word_1_192' title='bbox 309 1350 387 1387; x_wconf 91' lang='lat' dir='ltr'>fere</span> <span class='ocrx_word' id='word_1_193' title='bbox 417 1361 536 1386; x_wconf 89' lang='lat' dir='ltr'>nemo</span> <span class='ocrx_word' id='word_1_194' title='bbox 566 1347 624 1394; x_wconf 85' lang='lat' dir='ltr'>sit,</span> <span class='ocrx_word' id='word_1_195' title='bbox 657 1347 724 1397; x_wconf 86' lang='lat' dir='ltr'>qui</span> <span class='ocrx_word' id='word_1_196' title='bbox 754 1360 839 1386; x_wconf 89' lang='lat' dir='ltr'>sese</span> <span class='ocrx_word' id='word_1_197' title='bbox 864 1345 1103 1396; x_wconf 85' lang='lat' dir='ltr'>baptizatum</span> <span class='ocrx_word' id='word_1_198' title='bbox 1131 1344 1366 1391; x_wconf 84' lang='lat' dir='ltr'>recordetur,</span> <span class='ocrx_word' id='word_1_199' title='bbox 1393 1343 1542 1381; x_wconf 89' lang='lat' dir='ltr'>nedum</span> 
     </span>
     <span class='ocr_line' id='line_1_24' title="bbox 134 1396 1543 1453; baseline -0.006 -11"><span class='ocrx_word' id='word_1_200' title='bbox 134 1403 327 1453; x_wconf 83' lang='lat' dir='ltr'>glorietur,</span> <span class='ocrx_word' id='word_1_201' title='bbox 353 1410 410 1441; x_wconf 90' lang='lat' dir='ltr'>tot</span> <span class='ocrx_word' id='word_1_202' title='bbox 431 1402 591 1451; x_wconf 80' lang='lat' dir='ltr'>repertis</span> <span class='ocrx_word' id='word_1_203' title='bbox 613 1401 697 1440; x_wconf 89' lang='lat' dir='ltr'>aliis</span> <span class='ocrx_word' id='word_1_204' title='bbox 713 1401 784 1439; x_wconf 87' lang='lat' dir='ltr'>viis</span> <span class='ocrx_word' id='word_1_205' title='bbox 811 1399 1138 1439; x_wconf 89' lang='lat' dir='ltr'>remittendorum</span> <span class='ocrx_word' id='word_1_206' title='bbox 1165 1405 1417 1448; x_wconf 89' lang='lat' dir='ltr'>peccatorum</span> <span class='ocrx_word' id='word_1_207' title='bbox 1445 1404 1483 1435; x_wconf 91' lang='lat' dir='ltr'>et</span> <span class='ocrx_word' id='word_1_208' title='bbox 1504 1396 1543 1434; x_wconf 93' lang='lat' dir='ltr'>in</span> 
     </span>
     <span class='ocr_line' id='line_1_25' title="bbox 136 1451 1545 1504; baseline -0.005 -9"><span class='ocrx_word' id='word_1_209' title='bbox 136 1459 291 1496; x_wconf 89' lang='lat' dir='ltr'>coelum</span> <span class='ocrx_word' id='word_1_210' title='bbox 327 1456 523 1495; x_wconf 82' lang='lat' dir='ltr'>veniendi.</span> <span class='ocrx_word' id='word_1_211' title='bbox 584 1454 769 1493; x_wconf 87' lang='lat' dir='ltr'>Praebuit</span> <span class='ocrx_word' id='word_1_212' title='bbox 798 1456 859 1492; x_wconf 91' lang='lat' dir='ltr'>his</span> <span class='ocrx_word' id='word_1_213' title='bbox 890 1452 1146 1504; x_wconf 88' lang='lat' dir='ltr'>opinionibus</span> <span class='ocrx_word' id='word_1_214' title='bbox 1182 1451 1432 1490; x_wconf 90' lang='lat' dir='ltr'>occasionem</span> <span class='ocrx_word' id='word_1_215' title='bbox 1466 1464 1545 1489; x_wconf 91' lang='lat' dir='ltr'>ver-</span> 
     </span>
     <span class='ocr_line' id='line_1_26' title="bbox 138 1504 1543 1561; baseline -0.005 -12"><span class='ocrx_word' id='word_1_216' title='bbox 138 1513 233 1549; x_wconf 89' lang='lat' dir='ltr'>bum</span> <span class='ocrx_word' id='word_1_217' title='bbox 255 1511 351 1549; x_wconf 88' lang='lat' dir='ltr'>illud</span> <span class='ocrx_word' id='word_1_218' title='bbox 372 1510 638 1561; x_wconf 88' lang='lat' dir='ltr'>periculosum</span> <span class='ocrx_word' id='word_1_219' title='bbox 660 1509 739 1548; x_wconf 74' lang='lat' dir='ltr'>divi</span> <span class='ocrx_word' id='word_1_220' title='bbox 762 1507 1010 1557; x_wconf 87' lang='lat' dir='ltr'>Hieronymi,</span> <span class='ocrx_word' id='word_1_221' title='bbox 1035 1506 1114 1545; x_wconf 79' lang='lat' dir='ltr'>sive</span> <span class='ocrx_word' id='word_1_222' title='bbox 1135 1507 1237 1544; x_wconf 89' lang='lat' dir='ltr'>male</span> <span class='ocrx_word' id='word_1_223' title='bbox 1262 1505 1434 1556; x_wconf 89' lang='lat' dir='ltr'>positum</span> <span class='ocrx_word' id='word_1_224' title='bbox 1462 1504 1543 1543; x_wconf 91' lang='lat' dir='ltr'>sive</span> 
     </span>
     <span class='ocr_line' id='line_1_27' title="bbox 137 1560 1546 1614; baseline -0.005 -11"><span class='ocrx_word' id='word_1_225' title='bbox 137 1567 238 1603; x_wconf 85' lang='lat' dir='ltr'>male</span> <span class='ocrx_word' id='word_1_226' title='bbox 277 1564 532 1611; x_wconf 86' lang='lat' dir='ltr'>intellectum,</span> <span class='ocrx_word' id='word_1_227' title='bbox 568 1577 647 1614; x_wconf 86' lang='lat' dir='ltr'>quo</span> <span class='ocrx_word' id='word_1_228' title='bbox 682 1561 965 1613; x_wconf 88' lang='lat' dir='ltr'>poenitentiam</span> <span class='ocrx_word' id='word_1_229' title='bbox 1004 1561 1175 1611; x_wconf 87' lang='lat' dir='ltr'>appellat</span> <span class='ocrx_word' id='word_1_230' title='bbox 1206 1560 1422 1598; x_wconf 89' lang='lat' dir='ltr'>secundam</span> <span class='ocrx_word' id='word_1_231' title='bbox 1457 1566 1546 1609; x_wconf 91' lang='lat' dir='ltr'>post</span> 
     </span>
     <span class='ocr_line' id='line_1_28' title="bbox 139 1612 1546 1669; baseline -0.005 -12"><span class='ocrx_word' id='word_1_232' title='bbox 139 1620 381 1669; x_wconf 87' lang='lat' dir='ltr'>naufragium</span> <span class='ocrx_word' id='word_1_233' title='bbox 398 1619 584 1665; x_wconf 88' lang='lat' dir='ltr'>tabulam,</span> <span class='ocrx_word' id='word_1_234' title='bbox 600 1617 710 1668; x_wconf 84' lang='lat' dir='ltr'>quasi</span> <span class='ocrx_word' id='word_1_235' title='bbox 732 1616 950 1667; x_wconf 90' lang='lat' dir='ltr'>baptismus</span> <span class='ocrx_word' id='word_1_236' title='bbox 971 1628 1052 1653; x_wconf 92' lang='lat' dir='ltr'>non</span> <span class='ocrx_word' id='word_1_237' title='bbox 1074 1614 1122 1652; x_wconf 89' lang='lat' dir='ltr'>sit</span> <span class='ocrx_word' id='word_1_238' title='bbox 1140 1613 1393 1664; x_wconf 90' lang='lat' dir='ltr'>poenitentia.</span> <span class='ocrx_word' id='word_1_239' title='bbox 1437 1612 1546 1651; x_wconf 89' lang='lat' dir='ltr'>Hinc</span> 
     </span>
     <span class='ocr_line' id='line_1_29' title="bbox 138 1668 1546 1722; baseline -0.005 -11"><span class='ocrx_word' id='word_1_240' title='bbox 138 1673 256 1722; x_wconf 88' lang='lat' dir='ltr'>enim,</span> <span class='ocrx_word' id='word_1_241' title='bbox 279 1673 348 1711; x_wconf 85' lang='lat' dir='ltr'>ubi</span> <span class='ocrx_word' id='word_1_242' title='bbox 375 1673 414 1710; x_wconf 93' lang='lat' dir='ltr'>in</span> <span class='ocrx_word' id='word_1_243' title='bbox 442 1680 649 1722; x_wconf 87' lang='lat' dir='ltr'>peccatum</span> <span class='ocrx_word' id='word_1_244' title='bbox 677 1671 773 1721; x_wconf 88' lang='lat' dir='ltr'>lapsi</span> <span class='ocrx_word' id='word_1_245' title='bbox 795 1670 951 1717; x_wconf 78' lang='lat' dir='ltr'>fuerint,</span> <span class='ocrx_word' id='word_1_246' title='bbox 972 1671 1021 1708; x_wconf 92' lang='lat' dir='ltr'>de</span> <span class='ocrx_word' id='word_1_247' title='bbox 1049 1668 1173 1719; x_wconf 90' lang='lat' dir='ltr'>prima</span> <span class='ocrx_word' id='word_1_248' title='bbox 1197 1668 1332 1707; x_wconf 87' lang='lat' dir='ltr'>tabula</span> <span class='ocrx_word' id='word_1_249' title='bbox 1352 1680 1420 1705; x_wconf 89' lang='lat' dir='ltr'>seu</span> <span class='ocrx_word' id='word_1_250' title='bbox 1447 1680 1546 1705; x_wconf 88' lang='lat' dir='ltr'>nave</span> 
     </span>
     <span class='ocr_line' id='line_1_30' title="bbox 139 1721 1547 1777; baseline -0.005 -12"><span class='ocrx_word' id='word_1_251' title='bbox 139 1729 392 1777; x_wconf 87' lang='lat' dir='ltr'>desperantes</span> <span class='ocrx_word' id='word_1_252' title='bbox 410 1728 515 1765; x_wconf 76' lang='lat' dir='ltr'>velut</span> <span class='ocrx_word' id='word_1_253' title='bbox 528 1725 682 1773; x_wconf 86' lang='lat' dir='ltr'>amissa,</span> <span class='ocrx_word' id='word_1_254' title='bbox 701 1726 900 1764; x_wconf 88' lang='lat' dir='ltr'>secundae</span> <span class='ocrx_word' id='word_1_255' title='bbox 916 1731 1069 1762; x_wconf 89' lang='lat' dir='ltr'>tantum</span> <span class='ocrx_word' id='word_1_256' title='bbox 1083 1722 1276 1772; x_wconf 91' lang='lat' dir='ltr'>incipiunt</span> <span class='ocrx_word' id='word_1_257' title='bbox 1290 1721 1361 1759; x_wconf 90' lang='lat' dir='ltr'>niti</span> <span class='ocrx_word' id='word_1_258' title='bbox 1375 1728 1412 1760; x_wconf 89' lang='lat' dir='ltr'>et</span> <span class='ocrx_word' id='word_1_259' title='bbox 1425 1721 1547 1759; x_wconf 87' lang='lat' dir='ltr'>fidere</span> 
     </span>
     <span class='ocr_line' id='line_1_31' title="bbox 140 1777 1549 1830; baseline -0.005 -11"><span class='ocrx_word' id='word_1_260' title='bbox 140 1781 307 1827; x_wconf 83' lang='lat' dir='ltr'>tabulae,</span> <span class='ocrx_word' id='word_1_261' title='bbox 345 1781 385 1818; x_wconf 89' lang='lat' dir='ltr'>id</span> <span class='ocrx_word' id='word_1_262' title='bbox 425 1788 493 1826; x_wconf 82' lang='lat' dir='ltr'>est,</span> <span class='ocrx_word' id='word_1_263' title='bbox 525 1779 803 1830; x_wconf 88' lang='lat' dir='ltr'>poenitentiae.</span> <span class='ocrx_word' id='word_1_264' title='bbox 863 1777 972 1816; x_wconf 90' lang='lat' dir='ltr'>Hinc</span> <span class='ocrx_word' id='word_1_265' title='bbox 1011 1784 1102 1815; x_wconf 86' lang='lat' dir='ltr'>nata</span> <span class='ocrx_word' id='word_1_266' title='bbox 1141 1783 1231 1814; x_wconf 93' lang='lat' dir='ltr'>sunt</span> <span class='ocrx_word' id='word_1_267' title='bbox 1270 1782 1462 1822; x_wconf 89' lang='lat' dir='ltr'>votorum,</span> <span class='ocrx_word' id='word_1_268' title='bbox 1495 1787 1549 1812; x_wconf 91' lang='lat' dir='ltr'>re-</span> 
     </span>
     <span class='ocr_line' id='line_1_32' title="bbox 140 1827 1540 1885; baseline -0.004 -13"><span class='ocrx_word' id='word_1_269' title='bbox 140 1834 340 1885; x_wconf 84' lang='lat' dir='ltr'>ligionum,</span> <span class='ocrx_word' id='word_1_270' title='bbox 360 1847 534 1883; x_wconf 88' lang='lat' dir='ltr'>operum,</span> <span class='ocrx_word' id='word_1_271' title='bbox 554 1833 875 1879; x_wconf 88' lang='lat' dir='ltr'>satisfactionum,</span> <span class='ocrx_word' id='word_1_272' title='bbox 895 1829 1263 1882; x_wconf 85' lang='lat' dir='ltr'>peregrinationum,</span> <span class='ocrx_word' id='word_1_273' title='bbox 1286 1827 1540 1878; x_wconf 87' lang='lat' dir='ltr'>indulgentia-</span> 
     </span>
     <span class='ocr_line' id='line_1_33' title="bbox 141 1882 1547 1935; baseline -0.005 -9"><span class='ocrx_word' id='word_1_274' title='bbox 141 1902 240 1935; x_wconf 73' lang='lat' dir='ltr'>rum,</span> <span class='ocrx_word' id='word_1_275' title='bbox 262 1896 454 1926; x_wconf 84' lang='lat' dir='ltr'>sectarum</span> <span class='ocrx_word' id='word_1_276' title='bbox 482 1887 635 1925; x_wconf 85' lang='lat' dir='ltr'>infinita</span> <span class='ocrx_word' id='word_1_277' title='bbox 655 1887 719 1925; x_wconf 91' lang='lat' dir='ltr'>illa</span> <span class='ocrx_word' id='word_1_278' title='bbox 740 1900 869 1933; x_wconf 89' lang='lat' dir='ltr'>onera,</span> <span class='ocrx_word' id='word_1_279' title='bbox 893 1893 931 1924; x_wconf 90' lang='lat' dir='ltr'>et</span> <span class='ocrx_word' id='word_1_280' title='bbox 955 1887 1005 1924; x_wconf 93' lang='lat' dir='ltr'>de</span> <span class='ocrx_word' id='word_1_281' title='bbox 1032 1884 1077 1922; x_wconf 87' lang='lat' dir='ltr'>iis</span> <span class='ocrx_word' id='word_1_282' title='bbox 1107 1883 1228 1922; x_wconf 87' lang='lat' dir='ltr'>maria</span> <span class='ocrx_word' id='word_1_283' title='bbox 1256 1883 1320 1921; x_wconf 83' lang='lat' dir='ltr'>illa</span> <span class='ocrx_word' id='word_1_284' title='bbox 1346 1882 1547 1929; x_wconf 89' lang='lat' dir='ltr'>librorum,</span> 
     </span>
     <span class='ocr_line' id='line_1_34' title="bbox 142 1940 1549 1992; baseline -0.005 -12"><span class='ocrx_word' id='word_1_285' title='bbox 142 1941 428 1992; x_wconf 84' lang='lat' dir='ltr'>quaestionum,</span> <span class='ocrx_word' id='word_1_286' title='bbox 457 1941 700 1991; x_wconf 86' lang='lat' dir='ltr'>opinionum,</span> <span class='ocrx_word' id='word_1_287' title='bbox 734 1940 989 1979; x_wconf 88' lang='lat' dir='ltr'>traditionum</span> <span class='ocrx_word' id='word_1_288' title='bbox 1015 1940 1285 1984; x_wconf 87' lang='lat' dir='ltr'>humanarum,</span> <span class='ocrx_word' id='word_1_289' title='bbox 1318 1949 1415 1986; x_wconf 89' lang='lat' dir='ltr'>quas</span> <span class='ocrx_word' id='word_1_290' title='bbox 1444 1943 1549 1974; x_wconf 87' lang='lat' dir='ltr'>totus</span> 
     </span>
     <span class='ocr_line' id='line_1_35' title="bbox 144 1989 1548 2045; baseline -0.004 -12"><span class='ocrx_word' id='word_1_291' title='bbox 144 1997 316 2034; x_wconf 86' lang='lat' dir='ltr'>mundus</span> <span class='ocrx_word' id='word_1_292' title='bbox 332 1995 408 2033; x_wconf 89' lang='lat' dir='ltr'>iam</span> <span class='ocrx_word' id='word_1_293' title='bbox 424 2008 504 2033; x_wconf 93' lang='lat' dir='ltr'>non</span> <span class='ocrx_word' id='word_1_294' title='bbox 518 1995 632 2045; x_wconf 85' lang='lat' dir='ltr'>capit,</span> <span class='ocrx_word' id='word_1_295' title='bbox 649 2003 690 2033; x_wconf 92' lang='lat' dir='ltr'>ut</span> <span class='ocrx_word' id='word_1_296' title='bbox 707 1992 1064 2044; x_wconf 88' lang='lat' dir='ltr'>incomparabiliter</span> <span class='ocrx_word' id='word_1_297' title='bbox 1080 1991 1190 2042; x_wconf 92' lang='lat' dir='ltr'>peius</span> <span class='ocrx_word' id='word_1_298' title='bbox 1208 1991 1326 2029; x_wconf 90' lang='lat' dir='ltr'>habet</span> <span class='ocrx_word' id='word_1_299' title='bbox 1343 1989 1548 2029; x_wconf 89' lang='lat' dir='ltr'>ecclesiam</span> 
     </span>
     <span class='ocr_line' id='line_1_36' title="bbox 146 2044 1549 2099; baseline -0.005 -11"><span class='ocrx_word' id='word_1_300' title='bbox 146 2049 221 2088; x_wconf 90' lang='lat' dir='ltr'>Dei</span> <span class='ocrx_word' id='word_1_301' title='bbox 251 2063 296 2088; x_wconf 86' lang='lat' dir='ltr'>ea</span> <span class='ocrx_word' id='word_1_302' title='bbox 326 2048 508 2099; x_wconf 79' lang='lat' dir='ltr'>tyrannis,</span> <span class='ocrx_word' id='word_1_303' title='bbox 540 2062 658 2098; x_wconf 85' lang='lat' dir='ltr'>quam</span> <span class='ocrx_word' id='word_1_304' title='bbox 690 2062 864 2098; x_wconf 85' lang='lat' dir='ltr'>unquam</span> <span class='ocrx_word' id='word_1_305' title='bbox 895 2046 1032 2085; x_wconf 85' lang='lat' dir='ltr'>habuit</span> <span class='ocrx_word' id='word_1_306' title='bbox 1062 2057 1298 2095; x_wconf 85' lang='lat' dir='ltr'>synagogam</span> <span class='ocrx_word' id='word_1_307' title='bbox 1333 2051 1398 2082; x_wconf 87' lang='lat' dir='ltr'>aut</span> <span class='ocrx_word' id='word_1_308' title='bbox 1430 2044 1549 2082; x_wconf 89' lang='lat' dir='ltr'>ullam</span> 
     </span>
     <span class='ocr_line' id='line_1_37' title="bbox 145 2102 645 2142; baseline -0.004 0"><span class='ocrx_word' id='word_1_309' title='bbox 145 2103 345 2142; x_wconf 88' lang='lat' dir='ltr'>nationem</span> <span class='ocrx_word' id='word_1_310' title='bbox 368 2102 441 2140; x_wconf 88' lang='lat' dir='ltr'>sub</span> <span class='ocrx_word' id='word_1_311' title='bbox 462 2104 585 2140; x_wconf 79' lang='lat' dir='ltr'>coelo.</span> <span class='ocrx_word' id='word_1_312' title='bbox 609 2133 615 2140; x_wconf 95' lang='lat'><strong>.</strong></span> <span class='ocrx_word' id='word_1_313' title='bbox 639 2133 645 2140; x_wconf 87' lang='lat'><strong>.</strong></span> 
     </span>
    </p>

    <p class='ocr_par' dir='ltr' id='par_1_6' title="bbox 146 2149 1553 2315">
     <span class='ocr_line' id='line_1_38' title="bbox 200 2149 1552 2205; baseline -0.004 -11"><span class='ocrx_word' id='word_1_314' title='bbox 200 2157 373 2195; x_wconf 90' lang='lat' dir='ltr'>Primum</span> <span class='ocrx_word' id='word_1_315' title='bbox 396 2156 528 2205; x_wconf 85' lang='lat' dir='ltr'>itaque</span> <span class='ocrx_word' id='word_1_316' title='bbox 549 2156 586 2193; x_wconf 88' lang='lat' dir='ltr'>in</span> <span class='ocrx_word' id='word_1_317' title='bbox 608 2156 806 2205; x_wconf 86' lang='lat' dir='ltr'>baptismo</span> <span class='ocrx_word' id='word_1_318' title='bbox 827 2155 1074 2194; x_wconf 77' lang='lat' dir='ltr'>observanda</span> <span class='ocrx_word' id='word_1_319' title='bbox 1094 2160 1152 2192; x_wconf 90' lang='lat' dir='ltr'>est</span> <span class='ocrx_word' id='word_1_320' title='bbox 1179 2152 1310 2191; x_wconf 87' lang='lat' dir='ltr'>divina</span> <span class='ocrx_word' id='word_1_321' title='bbox 1331 2149 1552 2202; x_wconf 85' lang='lat' dir='ltr'>promissio,</span> 
     </span>
     <span class='ocr_line' id='line_1_39' title="bbox 146 2203 1550 2262; baseline -0.006 -12"><span class='ocrx_word' id='word_1_322' title='bbox 146 2224 246 2262; x_wconf 87' lang='lat' dir='ltr'>quae</span> <span class='ocrx_word' id='word_1_323' title='bbox 285 2210 402 2249; x_wconf 89' lang='lat' dir='ltr'>dicit:</span> <span class='ocrx_word' id='word_1_324' title='bbox 448 2210 526 2258; x_wconf 88' lang='lat' dir='ltr'>Qui</span> <span class='ocrx_word' id='word_1_325' title='bbox 567 2210 775 2247; x_wconf 87' lang='lat' dir='ltr'>crediderit</span> <span class='ocrx_word' id='word_1_326' title='bbox 811 2219 847 2248; x_wconf 85' lang='lat' dir='ltr'>et</span> <span class='ocrx_word' id='word_1_327' title='bbox 888 2208 1105 2259; x_wconf 87' lang='lat' dir='ltr'>baptizatus</span> <span class='ocrx_word' id='word_1_328' title='bbox 1144 2206 1267 2253; x_wconf 90' lang='lat' dir='ltr'>fuerit,</span> <span class='ocrx_word' id='word_1_329' title='bbox 1302 2206 1430 2243; x_wconf 70' lang='lat' dir='ltr'>salvus</span> <span class='ocrx_word' id='word_1_330' title='bbox 1469 2203 1550 2243; x_wconf 87' lang='lat' dir='ltr'>erit.</span> 
     </span>
     <span class='ocr_line' id='line_1_40' title="bbox 147 2257 1553 2315; baseline -0.005 -13"><span class='ocrx_word' id='word_1_331' title='bbox 147 2267 260 2315; x_wconf 87' lang='lat' dir='ltr'>Quae</span> <span class='ocrx_word' id='word_1_332' title='bbox 299 2263 506 2315; x_wconf 89' lang='lat' dir='ltr'>promissio</span> <span class='ocrx_word' id='word_1_333' title='bbox 555 2264 808 2312; x_wconf 88' lang='lat' dir='ltr'>praeferenda</span> <span class='ocrx_word' id='word_1_334' title='bbox 856 2271 912 2301; x_wconf 88' lang='lat' dir='ltr'>est</span> <span class='ocrx_word' id='word_1_335' title='bbox 961 2259 1318 2311; x_wconf 90' lang='lat' dir='ltr'>incomparabiliter</span> <span class='ocrx_word' id='word_1_336' title='bbox 1364 2257 1553 2297; x_wconf 89' lang='lat' dir='ltr'>universis</span> 
     </span>
    </p>
   </div>
   <div class='ocr_carea' id='block_1_3' title="bbox 147 2311 1553 2412">
    <p class='ocr_par' dir='ltr' id='par_1_7' title="bbox 147 2311 1553 2412">
     <span class='ocr_line' id='line_1_41' title="bbox 147 2311 1553 2370; baseline -0.005 -14"><span class='ocrx_word' id='word_1_337' title='bbox 147 2332 303 2370; x_wconf 84' lang='lat' dir='ltr'>pompis</span> <span class='ocrx_word' id='word_1_338' title='bbox 333 2330 507 2368; x_wconf 89' lang='lat' dir='ltr'>operum,</span> <span class='ocrx_word' id='word_1_339' title='bbox 541 2324 732 2363; x_wconf 77' lang='lat' dir='ltr'>votorum,</span> <span class='ocrx_word' id='word_1_340' title='bbox 765 2316 1007 2366; x_wconf 85' lang='lat' dir='ltr'>religionum,</span> <span class='ocrx_word' id='word_1_341' title='bbox 1041 2324 1078 2354; x_wconf 89' lang='lat' dir='ltr'>et</span> <span class='ocrx_word' id='word_1_342' title='bbox 1107 2313 1296 2365; x_wconf 85' lang='lat' dir='ltr'>quicquid</span> <span class='ocrx_word' id='word_1_343' title='bbox 1325 2311 1553 2351; x_wconf 87' lang='lat' dir='ltr'>humanitus</span> 
     </span>
     <span class='ocr_line' id='line_1_42' title="bbox 147 2373 598 2412; baseline -0.009 -1"><span class='ocrx_word' id='word_1_344' title='bbox 147 2381 205 2412; x_wconf 90' lang='lat' dir='ltr'>est</span> <span class='ocrx_word' id='word_1_345' title='bbox 226 2373 507 2410; x_wconf 86' lang='lat' dir='ltr'>introductum.</span> <span class='ocrx_word' id='word_1_346' title='bbox 529 2401 535 2409; x_wconf 93' lang='lat'>.</span> <span class='ocrx_word' id='word_1_347' title='bbox 561 2401 566 2408; x_wconf 94' lang='lat'><em>.</em></span> <span class='ocrx_word' id='word_1_348' title='bbox 592 2401 598 2408; x_wconf 92' lang='lat'><em>.</em></span> 
     </span>
    </p>
   </div>
   <div class='ocr_carea' id='block_1_4' title="bbox 151 2421 1556 2527">
    <p class='ocr_par' dir='ltr' id='par_1_8' title="bbox 151 2421 1556 2527">
     <span class='ocr_line' id='line_1_43' title="bbox 204 2421 1555 2469; baseline -0.006 -4"><span class='ocrx_word' id='word_1_349' title='bbox 204 2429 279 2465; x_wconf 92' lang='lat' dir='ltr'>Pro</span> <span class='ocrx_word' id='word_1_350' title='bbox 311 2428 384 2464; x_wconf 88' lang='lat' dir='ltr'>hac</span> <span class='ocrx_word' id='word_1_351' title='bbox 418 2427 606 2464; x_wconf 87' lang='lat' dir='ltr'>duntaxat</span> <span class='ocrx_word' id='word_1_352' title='bbox 637 2425 765 2461; x_wconf 86' lang='lat' dir='ltr'>clamo</span> <span class='ocrx_word' id='word_1_353' title='bbox 798 2423 975 2461; x_wconf 86' lang='lat' dir='ltr'>libertate</span> <span class='ocrx_word' id='word_1_354' title='bbox 1005 2431 1043 2461; x_wconf 89' lang='lat' dir='ltr'>et</span> <span class='ocrx_word' id='word_1_355' title='bbox 1072 2421 1323 2468; x_wconf 66' lang='lat' dir='ltr'>conscientia,</span> <span class='ocrx_word' id='word_1_356' title='bbox 1346 2421 1555 2469; x_wconf 89' lang='lat' dir='ltr'>clamoque</span> 
     </span>
     <span class='ocr_line' id='line_1_44' title="bbox 151 2473 1556 2527; baseline -0.006 -7"><span class='ocrx_word' id='word_1_357' title='bbox 151 2482 339 2520; x_wconf 87' lang='lat' dir='ltr'>fidenter:</span> <span class='ocrx_word' id='word_1_358' title='bbox 369 2478 601 2519; x_wconf 85' lang='lat' dir='ltr'>Christianis</span> <span class='ocrx_word' id='word_1_359' title='bbox 631 2477 728 2516; x_wconf 90' lang='lat' dir='ltr'>nihil</span> <span class='ocrx_word' id='word_1_360' title='bbox 757 2479 837 2515; x_wconf 89' lang='lat' dir='ltr'>ullo</span> <span class='ocrx_word' id='word_1_361' title='bbox 867 2477 948 2515; x_wconf 91' lang='lat' dir='ltr'>iure</span> <span class='ocrx_word' id='word_1_362' title='bbox 977 2490 1092 2527; x_wconf 92' lang='lat' dir='ltr'>posse</span> <span class='ocrx_word' id='word_1_363' title='bbox 1122 2475 1272 2526; x_wconf 91' lang='lat' dir='ltr'>imponi</span> <span class='ocrx_word' id='word_1_364' title='bbox 1302 2476 1446 2525; x_wconf 78' lang='lat' dir='ltr'>legum,</span> <span class='ocrx_word' id='word_1_365' title='bbox 1476 2473 1556 2512; x_wconf 81' lang='lat' dir='ltr'>sive</span> 
     </span>
    </p>
   </div>
   <div class='ocr_carea' id='block_1_5' title="bbox 1654 0 1715 2780">
    <p class='ocr_par' dir='ltr' id='par_1_9' title="bbox 1654 0 1715 2780">
     <span class='ocr_line' id='line_1_45' title="bbox 1654 0 1715 2780; baseline 0 0"><span class='ocrx_word' id='word_1_366' title='bbox 1654 0 1715 2780; x_wconf 95' lang='lat' dir='ltr'> </span> 
     </span>
    </p>
   </div>
  </div>
 </body>
</html>
