1715 2780
207 81 282 125 296
464 77 584 114 THE
615 75 753 112 DIET
783 74 854 112 OF
883 71 1204 117 AUGSBURG,
1239 82 1338 120 1530
1520 79 1594 106 120

205 195 286 220 non
320 187 473 219 tantum
509 178 670 217 minoris
705 178 776 215 sed
810 183 847 215 et
880 174 1047 222 maioris,
1085 173 1186 212 sicut
1217 174 1407 211 hactenus
1440 172 1480 210 in
1513 178 1594 210 tota

205 236 400 274 catholica
437 234 688 272 observatum
727 237 786 269 est
820 229 996 269 ecclesia.
1057 230 1109 266 Et
1147 240 1197 266 ne
1234 225 1402 266 verbalis
1433 226 1596 265 oriretur

205 288 408 328 contentio
443 301 558 338 super
587 288 647 324 his
676 284 804 324 verbis
835 283 1007 322 ‘oblatio
1024 283 1043 329 ⁷,
1078 282 1228 320 ‘hostia
1245 282 1264 328 ²,
1298 279 1556 319 ‘sacrificium
1573 280 1593 326 ’,

206 345 308 382 hanc
346 342 610 381 adiunxerunt
648 339 944 378 distinctionem
974 335 1136 387 triplicis
1169 334 1381 374 oblationis
1401 349 1408 373 :
1451 346 1595 384 nempe

205 398 315 448 quod
336 397 516 437 Christus
536 395 693 434 oblatus
714 400 772 432 est
792 392 831 430 in
858 405 961 441 agno
982 389 1155 441 paschali
1176 388 1330 428 Veteris
1349 388 1595 428 Testamenti

206 451 415 502 figuraliter
435 463 503 488 seu
524 448 652 499 typice
670 462 679 495 3
708 447 748 485 in
768 459 883 485 cruce
903 453 1036 484 autem
1057 443 1301 494 passibiliter,
1317 441 1386 481 ubi
1406 455 1447 481 se
1467 441 1596 492 ipsum

206 505 349 544 obtulit
371 507 459 543 Deo
477 502 580 541 Patri
601 516 671 552 pro
691 501 862 552 peccatis
883 498 1025 538 nostris
1041 513 1051 546 ,-
1080 511 1196 549 porro
1213 497 1252 535 in
1274 496 1399 535 Missa
1419 495 1597 546 quotidie

206 561 364 598 offertur
385 556 654 608 mysterialiter
677 564 715 594 et
738 552 1042 604 representative
1066 553 1256 590 memoria
1284 563 1378 589 suae
1405 549 1596 601 passionis

207 622 244 652 et
258 612 468 652 oblationis
489 611 529 649 in
544 623 659 649 cruce
675 610 797 648 semel
818 609 954 646 factae.
1015 609 1085 645 Est
1098 619 1189 656 ergo
1203 605 1327 644 Missa
1341 618 1424 643 non
1436 611 1597 642 cruenta

206 667 364 705 victima
383 667 452 705 sed
473 663 703 715 mysterialis
724 671 761 701 et
781 660 1096 712 representativa.

351 742 443 788 No.
474 752 554 782 121.
618 737 846 782 Luther's
876 738 1029 780 letter
1065 735 1198 779 from
1232 734 1448 788 Coburg‚

709 798 770 839 26
801 797 928 849 Aug.
961 805 1087 848 1530.

263 900 269 907 .
293 900 300 908 .
324 900 332 908 .
366 869 428 907 De
457 866 685 906 obedientia
719 864 926 917 Episcopis
957 864 1160 902 reddenda
1189 869 1227 901 et
1256 861 1524 901 iurisdictione
1552 874 1598 899 ac

208 921 440 963 ceremoniis
471 920 762 967 communibus,
795 927 838 957 ut
868 917 1015 964 scribis,
1039 918 1129 955 take
1157 917 1264 967 good
1291 929 1378 955 care
1406 916 1486 954 and
1512 914 1598 965 give

208 993 260 1016 no
294 990 402 1015 more
432 976 527 1014 than
553 988 629 1024 you
657 976 766 1021 bave,
796 987 846 1011 ne
872 985 1058 1023 cogamur
1084 972 1218 1010 denuo
1248 971 1299 1009 ad
1333 969 1528 1009 difficilius
1560 977 1598 1007 et

208 1029 464 1081 periculosius
481 1029 628 1068 bellum
637 1042 708 1078 pro
717 1026 933 1077 Evangelio
948 1026 1213 1064 defendendo.
1237 1024 1327 1064 Scio
1340 1037 1409 1063 vos
1423 1025 1597 1073 Evange-

208 1086 303 1124 lium
335 1097 488 1134 semper
522 1083 700 1133 excipere
738 1081 779 1119 in
813 1080 894 1119 istis
934 1079 1081 1130 pactis:
1114 1080 1183 1118 sed
1215 1086 1350 1117 metuo
1382 1091 1431 1116 ne
1461 1086 1599 1127 postea

208 1140 379 1190 perfidos
418 1145 485 1175 aut
524 1136 793 1175 inconstantes
828 1134 1066 1180 insimulent,
1099 1133 1130 1171 si
1159 1146 1241 1171 non
1271 1145 1468 1171 servemus
1498 1144 1599 1181 quae

208 1192 413 1232 voluerint.
474 1191 553 1241 [psi
582 1190 688 1229 enim
718 1196 869 1229 nostras
896 1186 1172 1227 concessiones
1202 1188 1315 1236 large,
1347 1186 1499 1236 largius,
1532 1186 1599 1222 lar-

208 1247 365 1297 gissime
382 1245 588 1294 accipient,
605 1258 694 1283 suas
708 1257 799 1282 vero
814 1243 956 1289 stricte,
974 1240 1153 1287 strictius,
1172 1239 1413 1279 strictissime
1433 1238 1597 1278 dabunt.

263 1303 426 1339 Summa
446 1298 541 1336 mihi
564 1298 603 1336 in
631 1306 755 1336 totum
782 1296 963 1346 displicet
993 1302 1178 1334 tractatus
1206 1295 1256 1333 de
1286 1292 1488 1338 doctrinae
1509 1306 1598 1331 con-

208 1354 353 1401 cordia,
377 1361 418 1391 ut
440 1366 540 1402 quae
561 1354 676 1402 plane
705 1351 751 1389 sit
782 1349 1045 1400 impossibilis,
1070 1348 1143 1386 nisi
1171 1350 1277 1398 Papa
1300 1347 1392 1386 velit
1412 1354 1598 1397 papatum

209 1422 323 1446 suum
358 1407 516 1445 aboleri.
576 1405 676 1444 Satis
715 1413 795 1443 erat
834 1417 905 1442 nos
944 1402 1163 1442 reddidisse
1201 1401 1392 1440 rationem
1425 1401 1529 1448 fidei,
1561 1408 1599 1438 et

210 1470 341 1511 petere
371 1473 532 1511 pacem:
564 1467 790 1497 convertere
815 1472 882 1496 eos
908 1458 959 1495 ad
986 1456 1188 1494 veritatem
1218 1468 1337 1505 quare
1367 1455 1599 1504 speramus?

211 1518 294 1554 Nos
325 1514 504 1553 venimus
533 1512 704 1551 audituri
732 1526 781 1550 an
810 1520 941 1550 nostra
966 1510 1133 1560 probent
1160 1522 1297 1556 necne,
1329 1508 1495 1546 liberum
1525 1507 1599 1545 illis

210 1569 479 1619 permittentes
507 1580 664 1605 manere
685 1567 819 1616 quales
846 1572 946 1603 sunt.
1008 1565 1058 1602 Et
1088 1562 1313 1613 quaerimus
1333 1576 1384 1600 an
1410 1563 1600 1600 damnent

210 1625 270 1662 vel
300 1622 544 1661 iustificent?
573 1620 612 1659 Si
642 1621 842 1667 damnant,
872 1618 968 1668 quid
995 1619 1154 1667 prodest
1183 1630 1273 1655 cum
1301 1616 1480 1655 hostibus
1509 1629 1599 1653 con-

210 1677 384 1716 cordiam
424 1677 522 1714 velle
562 1682 734 1713 tentare:
766 1673 797 1712 si
832 1673 1055 1718 iustificam,
1089 1670 1185 1720 quid
1222 1684 1321 1721 opus
1359 1677 1417 1708 est
1449 1676 1598 1707 veteres

208 1732 354 1769 abusus
395 1731 493 1768 velle
536 1728 728 1767 retinere?
785 1728 887 1767 Cum
931 1740 1022 1764 vero
1059 1732 1208 1764 certum
1248 1724 1296 1762 sit
1334 1723 1511 1762 damnari
1549 1723 1600 1761 ab

210 1787 302 1834 ipsis
324 1792 467 1827 nostra,
490 1797 536 1821 eo
556 1783 663 1831 quod
685 1795 758 1819 nec
779 1781 1007 1831 poeniteant
1028 1788 1065 1817 et
1091 1792 1159 1817 sua
1188 1778 1354 1816 retinere
1381 1785 1572 1816 conentur
1591 1792 1597 1814 :

211 1852 278 1876 cur
304 1852 383 1876 non
411 1836 663 1886 intelligimus
693 1836 827 1874 omnia
856 1848 941 1873 esse
971 1835 1104 1872 fucum
1132 1841 1170 1871 et
1197 1831 1460 1877 mendacium,
1484 1844 1598 1880 quae-

210 1905 367 1941 cunque
392 1892 574 1928 tentant?
631 1891 773 1939 Neque
800 1888 904 1927 enim
935 1887 1065 1926 dicere
1092 1894 1205 1936 potes
1235 1899 1256 1924 e
1282 1885 1425 1934 Spiritu
1453 1886 1599 1923 Sancto

213 1958 369 1983 manare
400 1944 472 1981 ista
501 1956 637 1981 eorum
668 1944 810 1991 studia,
833 1942 872 1980 in
902 1941 1046 1991 quibus
1076 1940 1172 1978 nihil
1201 1939 1478 1989 poenitentiae,
1501 1937 1598 1975 nihil

210 1999 313 2045 fidei,
347 1997 444 2035 nihil
478 1996 631 2046 pietatis
666 2005 734 2035 est.
793 1997 872 2034 Sed
905 1994 1112 2040 Dominus,
1144 1993 1211 2043 qui
1241 1993 1371 2042 coepit
1400 1993 1439 2029 in
1473 1991 1597 2038 vobis,

210 2052 383 2103 perficiet
403 2064 502 2101 opus
524 2063 636 2087 suum
658 2065 664 2087 ;
695 2051 757 2087 cui
779 2063 847 2087 vos
868 2049 1107 2087 commendo
1127 2060 1173 2085 ex
1193 2046 1337 2085 animo.

209 2118 297 2160 No.
331 2127 420 2157 122.
494 2113 733 2166 Imperial
768 2112 1196 2162 announcement,
1233 2120 1257 2164 7
1294 2110 1434 2163 Sept.
1471 2117 1603 2162 1530:

266 2184 410 2223 Itidem
427 2184 572 2222 Caesar
585 2195 722 2219 omnes
740 2180 939 2230 Principes
956 2189 993 2219 et
1010 2179 1179 2219 Ordines
1196 2178 1417 2228 pontificios
1433 2179 1597 2216 domum

211 2253 321 2279 suam
360 2244 551 2276 convocat
590 2235 691 2272 circa
731 2234 959 2280 1neridie1113
1001 2234 1155 2271 duabus
1190 2232 1335 2270 deinde
1368 2239 1458 2281 post
1491 2231 1596 2270 horis

211 2298 406 2332 saxonem
436 2299 553 2339 atque
584 2288 722 2334 socios,
754 2296 790 2326 ct
821 2287 980 2326 remotis
1010 2286 1194 2324 omnibus
1223 2285 1307 2323 aliis
1336 2284 1595 2334 adhibitoque

214 2346 464 2385 l⁴'e1·dinundo
493 2345 615 2390 fratre,
638 2344 824 2392 episcopo
855 2339 1173 2385 Constantiensi,¹
1198 2338 1454 2390 Hispalensi,2
1477 2340 1598 2378 Gran-

475 2408 483 2424 ¹
510 2408 623 2448 Ilugo,
643 2406 764 2446 Bishop
782 2406 817 2437 os
831 2406 1022 2442 Constancc,
1047 2405 1270 2445 1496-†1552.

473 2452 484 2468 ’·’
511 2452 658 2488 Alionso,
680 2449 886 2489 Arelibishop
904 2448 1082 2480 efflei-ille,
1107 2449 1288 2488 1324-†3N.
