1715 2780
163 112 234 158 156
417 109 536 146 THE
570 106 919 145 BEGINNINGS
951 105 1022 143 OF
1054 103 1291 142 REFORM
1502 111 1551 150 75

163 212 237 251 Dei
269 242 276 250 .
308 241 314 248 .
346 242 352 249 .
383 212 452 250 erit
482 210 735 261 praecipuum
767 208 981 248 sacerdotis
1011 207 1194 246 officium.
1227 236 1234 244 .
1266 236 1274 245 .
1308 236 1315 244 .
1344 207 1550 256 Nusquam

158 266 297 317 legitur
318 265 519 305 Christum
539 264 697 303 iussisse
715 264 917 314 apostolos
937 263 1132 301 conficere
1152 274 1294 312 corpus
1314 273 1429 299 suum
1444 275 1454 307 5
1483 261 1553 299 sed

161 334 234 360 nos
268 319 481 360 Christiani
511 319 693 357 iubemur
726 318 783 356 uti
817 316 994 356 instituta
1023 318 1140 355 Sacra
1169 316 1307 356 Coena
1336 314 1376 353 in
1406 313 1552 354 Christi

161 373 594 414 commemorationem.
668 373 763 410 Vult
792 373 841 410 D.
863 372 977 410 Galle
1004 370 1171 421 probare
1200 383 1247 408 ex
1272 376 1380 408 textu
1402 368 1510 406 Heb.
1531 381 1553 405 v

160 428 404 468 oblationem
421 428 594 478 corporis
611 425 758 466 Christi
775 426 943 464 futuram
960 424 1001 462 in
1021 426 1059 464 S.
1076 424 1215 464 Coena
1234 436 1305 473 pro
1325 421 1555 461 remissione

161 491 413 533 peccatorum
427 480 655 520 hominibus
668 480 921 522 conferenda.
959 479 1037 518 Sed
1050 477 1223 517 abutitur
1234 476 1362 516 verbis
1375 475 1555 526 apostoli.

161 539 202 576 Is
229 537 334 576 enim
360 537 534 586 loquitur
559 536 610 573 de
636 547 793 573 summo
812 533 1017 573 sacerdote
1036 533 1190 571 Veteris
1209 529 1466 578 Testamenti,
1488 529 1557 580 qui

162 599 243 630 erat
263 600 377 641 typus
398 588 605 628 sacerdotii
627 588 784 635 Christi,
807 601 888 626 non
900 600 993 626 vero
1013 595 1127 637 typus
1143 585 1425 625 hodiernorum
1446 583 1557 623 mini-

163 653 331 684 strorum
366 642 566 682 ecclesiae.
626 643 810 692 Cumque
848 641 1026 680 instituta
1065 640 1113 679 sit
1147 641 1184 680 S.
1217 640 1354 680 Coena
1386 651 1468 677 non
1504 639 1556 677 ad

163 699 464 737 sacrificandum
499 698 569 736 sed
602 698 653 736 ad
688 697 1012 735 manducandum
1050 708 1096 733 ac
1129 694 1350 733 bibendum
1383 691 1556 743 idipsum

163 753 364 792 obiectum
396 753 505 802 quod
535 750 715 791 Christus
743 750 921 796 instituit,
953 749 1046 788 inde
1074 756 1181 798 patet
1212 750 1260 786 D.
1282 748 1422 786 Gallen
1448 745 1558 784 abuti

164 817 248 846 tum
279 806 525 845 institutione
560 804 705 845 Christi
739 812 821 843 tum
852 803 980 842 verbis
1011 802 1207 853 apostoli:
1249 800 1419 840 ‘Sufficit
1451 801 1557 839 enim

165 861 280 900 unica
319 859 467 899 oblatio
502 858 646 899 Christi
686 859 725 896 in
759 871 823 896 ara
855 857 981 896 crucis
1012 857 1118 895 iuxta
1152 856 1229 895 Dei
1267 853 1558 894 ordinationem

164 915 297 962 oblati,
333 923 376 953 ut
413 913 620 953 redimeret
653 926 725 951 suo
756 911 947 950 sacrificio
977 909 1246 961 propitiatorio
1275 917 1403 947 totum
1436 921 1559 959 genus

166 970 409 1007 humanum.'
451 967 712 1007 Concluditur
733 966 847 1016 igitur
868 965 1098 1012 firmissime,
1117 962 1451 1015 praedicationem
1472 961 1557 1013 puri

166 1023 272 1062 verbi
293 1036 379 1062 esse
399 1021 654 1072 praecipuum
675 1021 847 1059 officium
868 1018 1071 1058 ministerii
1093 1017 1292 1057 ecclesiae.

224 1079 336 1127 Prop.
359 1078 438 1114 III.
467 1078 531 1114 An
557 1076 713 1114 decreta
742 1073 949 1113 hominum
980 1073 1155 1123 obligent
1182 1072 1222 1110 in
1243 1070 1496 1117 conscientia,
1518 1078 1558 1108 ut

167 1132 321 1170 illorum
342 1129 626 1181 praevaricator
647 1129 694 1167 sit
716 1141 803 1167 reus
822 1127 966 1166 notorii
986 1127 1167 1177 peceati?

222 1187 333 1235 Resp.
355 1186 410 1223 D.
439 1185 563 1223 Galle.
626 1186 793 1221 Decreta
827 1183 1087 1233 praelatorum
1123 1180 1321 1226 ecclesiae,
1359 1179 1449 1217 licet
1483 1179 1559 1216 sint

169 1242 353 1286 humana,
376 1252 454 1289 qua
481 1238 532 1276 ab
554 1236 782 1275 hominibus
813 1237 1051 1283 constituta3
1079 1243 1223 1282 tamen,
1249 1235 1345 1272 dum
1372 1232 1445 1283 ipsi
1470 1240 1561 1271 sunt

168 1293 292 1331 sancti
324 1294 390 1343 qui
422 1300 581 1342 propter
615 1293 780 1330 salutem
815 1290 1022 1328 hominum
1061 1290 1151 1327 talia
1188 1287 1429 1335 ordinarunt,
1470 1294 1561 1325 sunt

169 1349 323 1385 illorum
350 1353 560 1396 praecepta
588 1346 663 1383 Dei
690 1345 887 1391 mandata,
909 1352 952 1382 ut
973 1343 1114 1382 dicitur
1134 1345 1247 1381 Prov.
1268 1341 1333 1380 viii
1355 1338 1442 1393 [15]
1464 1343 1473 1360 ‘
1488 1341 1562 1378 Per

172 1414 233 1439 me
254 1400 430 1439 iudicant
451 1399 600 1438 iudices
622 1407 745 1437 terrae
760 1400 801 1436 ²..
823 1429 830 1436 .
854 1427 862 1435 .
885 1397 993 1435 Hinc
1009 1397 1208 1435 concludo
1228 1397 1386 1434 decreta
1405 1402 1561 1445 patrum

169 1468 254 1494 esse
274 1454 487 1493 constituta
513 1466 582 1503 per
601 1452 785 1503 Spiritum
815 1453 1003 1490 Sanctum
1024 1459 1065 1489 ut
1085 1452 1215 1488 nullus
1236 1448 1482 1489 Christianus
1502 1448 1562 1486 his

169 1521 384 1559 repugnare
418 1508 572 1547 debeat.
642 1506 747 1544 Dicit
777 1506 881 1544 enim
913 1505 1105 1549 Christus,
1136 1504 1242 1544 ‘Ubi
1280 1504 1361 1542 duo
1389 1510 1456 1541 aut
1485 1510 1562 1540 tres

170 1562 412 1601 conveniunt
443 1562 483 1599 in
516 1560 678 1599 nomine
713 1573 813 1607 meo,
843 1573 929 1597 sum
965 1559 1004 1596 in
1040 1558 1172 1597 medio
1203 1557 1380 1596 illorum.'
1437 1557 1562 1594 Adest

170 1617 285 1667 igitur
309 1616 486 1656 Christus
516 1614 697 1665 praelatis
725 1613 914 1653 ecclesiae
939 1614 1017 1663 qui,
1047 1612 1088 1650 in
1115 1612 1275 1650 nomine
1303 1612 1385 1650 eius
1405 1622 1562 1660 congre-

170 1670 260 1721 gati,
291 1672 509 1709 decernunt
542 1668 652 1708 utilia
681 1668 870 1707 ecclesiae
901 1680 1002 1718 quae
1036 1665 1249 1717 transgredi
1279 1665 1363 1704 sine
1390 1665 1563 1703 laesione

172 1724 438 1763 conscientiae
457 1722 668 1763 Christiani
690 1736 771 1761 non
792 1730 967 1772 possunt.

225 1779 411 1828 Exceptio
431 1779 491 1815 All.
513 1778 615 1817 Olaz'.
639 1807 646 1814 .
669 1806 675 1814 .
699 1807 707 1815 .
730 1775 945 1826 Distinguit
968 1777 1018 1813 D.
1035 1776 1148 1815 Galle
1165 1781 1270 1813 recte
1285 1772 1447 1824 quidem
1463 1775 1563 1810 inter

173 1834 329 1871 decreta
359 1831 566 1869 hominum
596 1831 750 1881 piorum
778 1838 817 1869 et
839 1830 1003 1868 aliorum
1024 1845 1030 1867 z
1059 1830 1217 1868 decreta
1240 1828 1395 1866 illorum
1416 1827 1563 1865 iudicat

174 1887 364 1924 servanda
384 1887 530 1935 quippe
546 1884 764 1923 conformia
776 1884 896 1922 verbo
913 1883 999 1931 Dei,
1013 1883 1107 1921 alias
1123 1896 1204 1921 non
1218 1889 1348 1920 essent
1368 1879 1562 1919 salutaria.

177 1942 248 1978 Per
268 1941 370 1977 hanc
391 1939 685 1977 distinctionem
713 1939 959 1976 decretorum
980 1938 1133 1976 videtur
1158 1939 1206 1975 D.
1228 1937 1340 1975 Galle
1360 1934 1563 1974 detrahere

173 1993 338 2031 aliorum
373 1992 579 2031 hominum
615 1991 780 2030 decretis
814 1991 1098 2030 auctoritatem.
1169 1991 1247 2029 Sed
1285 1990 1335 2028 de
1373 1988 1432 2026 his
1470 1987 1563 2038 ipsis

174 2046 340 2086 decretis
372 2054 522 2096 praeter
556 2053 593 2084 et
626 2053 761 2084 contra
795 2045 869 2084 Dei
899 2046 1061 2084 verbum
1097 2044 1254 2083 sancitis
1284 2042 1463 2093 quaestio
1494 2049 1564 2080 est.

177 2101 253 2139 His
279 2100 418 2139 adimit
445 2099 624 2140 Christus
651 2100 923 2137 auctoritatem
953 2101 1067 2137 Matt.
1106 2113 1153 2136 xv
1183 2095 1252 2150 [6]‚
1286 2105 1324 2135 et
1353 2097 1564 2146 Apostolus

174 2155 376 2194 dissuadet
396 2153 620 2192 servitutem
642 2154 901 2190 humanarum
921 2152 1177 2191 traditionum
1202 2166 1216 2189 1
1241 2151 1335 2190 Cor.
1355 2149 1416 2196 vii,
1435 2148 1522 2189 Col.
1539 2148 1564 2186 ii

177 2207 246 2261 [8].
271 2240 278 2246 .
303 2239 311 2246 .
333 2239 340 2245 .
366 2206 521 2257 Quodsi
535 2206 700 2245 ecclesia
718 2206 895 2255 alligetur
914 2207 965 2244 ad
981 2205 1294 2243 observationem
1316 2204 1562 2242 decretorum

175 2262 385 2313 papalium,
409 2261 504 2311 quid
523 2261 747 2298 faciendum
763 2259 985 2298 Christiano
1005 2258 1154 2297 homini
1175 2259 1270 2296 dum
1292 2258 1388 2296 haec
1408 2257 1565 2295 decreta

177 2318 343 2354 invicem
358 2313 592 2354 dissentiunt
607 2316 623 2352 ?
655 2315 747 2351 Hoc
763 2326 879 2362 saepe
893 2312 973 2350 fieri
991 2320 1181 2350 testantur
1195 2311 1282 2350 libri
1295 2310 1561 2349 decretalium.

178 2372 262 2408 Iam
293 2376 447 2408 constat
476 2367 751 2407 dissentientes
781 2379 861 2404 non
891 2366 1035 2404 hahere
1064 2367 1249 2415 Spiritum
1280 2365 1466 2403 Sanctum
1497 2363 1564 2414 qui

176 2423 430 2463 concordiam
449 2430 554 2462 amat
576 2433 774 2471 unamque
794 2419 896 2458 viam
923 2419 1056 2459 salutis
1077 2419 1115 2457 in
1136 2419 1256 2458 verbo
1275 2419 1403 2458 tradit.
1461 2420 1565 2468 Ergo

177 2491 276 2516 vana
297 2479 413 2516 docet
434 2478 481 2513 D.
503 2477 615 2515 Galle
644 2474 779 2513 dicens
809 2475 1001 2524 praelatos
1031 2472 1219 2512 ecclesiae
1247 2472 1324 2522 regi
1355 2470 1499 2522 Spiritu
1528 2471 1563 2508 S.
