1715 2780
151 120 233 158 304
589 111 650 149 IN
680 110 921 156 GENEVA,
959 121 1110 160 1541-2
1472 114 1546 162 615

202 214 265 253 M.
295 213 405 263 Quid
425 227 517 265 ergo
539 213 752 264 hypocritis
774 214 873 253 fiet?

203 269 252 307 P.
284 269 376 316 Eos,
404 276 593 318 tanquam
626 268 821 318 indignos,
852 280 983 307 arcere
1013 276 1147 319 pastor
1176 282 1258 308 non
1288 277 1446 319 potest;
1476 272 1547 309 sed

149 323 406 372 supersedere
432 323 562 370 debet,
593 335 801 372 quousque
828 335 965 361 eorum
993 323 1223 374 nequitiam,
1250 332 1292 362 ut
1316 324 1547 364 hominibus

149 375 384 424 innotescat,
409 378 518 415 Deus
540 377 778 415 revelaverit.

201 432 264 469 M.
296 430 405 479 Quid
437 430 467 469 si
499 431 727 481 quempiam
760 431 843 481 ipse
876 431 1082 481 indignum
1122 432 1286 480 noverit,
1326 440 1393 471 aut
1432 433 1547 472 fuerit

148 484 407 523 admonitus?

202 540 251 578 P.
282 540 345 577 Ne
366 538 406 577 id
423 538 585 588 quidem
606 540 657 577 ad
674 551 741 577 eos
759 539 1043 578 communione
1059 539 1306 579 abdicandos
1324 542 1423 579 foret
1440 541 1547 585 satis,

148 592 223 631 nisi
244 592 418 643 legitima
438 592 612 643 cognitio
635 594 919 643 Ecclesiaeque
940 593 1129 632 iudicium
1150 596 1327 633 accedat.

200 648 262 685 M.
293 646 459 686 Certum
498 660 590 697 ergo
629 647 926 697 gubernationis
975 647 1155 687 ordinem
1205 649 1466 688 constitutum
1508 649 1545 687 in

149 700 336 739 Ecclesiis
357 700 503 739 habere
523 713 667 750 operae
688 701 855 751 pretium
878 710 948 740 est.

201 757 247 794 P.
280 755 429 793 Verum
450 762 508 793 est
526 769 532 794 :
563 767 639 793 nec
659 755 765 794 enim
795 755 907 794 aliter
935 756 1036 795 bene
1058 764 1233 795 moratae
1254 765 1356 804 sunt,
1380 771 1453 797 nec
1474 758 1545 796 rite

147 808 404 859 compositae.
456 811 572 848 Haec
592 817 726 848 autem
747 809 846 848 ratio
862 817 935 858 est,
957 818 998 848 ut
1019 810 1240 861 deligantur
1261 811 1458 860 Seniores‚
1479 813 1545 862 qui

147 876 301 901 morum
332 876 523 902 censurae
553 864 725 913 praesint
755 864 1024 914 cavendisque
1046 865 1295 904 offendiculis
1318 865 1521 916 invigilent
1537 881 1546 914 ;

147 925 186 956 et
223 929 323 967 quos
362 917 595 967 agnoverint
644 917 895 968 recipiendae
945 919 1108 958 Coenae
1156 933 1411 970 nequaquam
1460 933 1546 959 esse

145 984 322 1022 capaces,
360 984 435 1010 nec
466 971 622 1010 admitti
657 972 819 1022 quidem
855 985 973 1022 posse
1008 973 1103 1022 quin
1138 975 1435 1013 Sacramentum
1465 976 1545 1025 pol-

145 1027 283 1074 luatur,
307 1039 375 1065 eos
396 1040 418 1064 a
440 1025 804 1065 communicatione
826 1026 1012 1065 reiiciant.

310 1135 397 1178 No.
419 1147 529 1189 305.
582 1135 689 1179 The
722 1135 969 1179 Genevan
1000 1136 1225 1191 Liturgy,
1257 1148 1378 1191 1542.

407 1220 466 1273 (1)
498 1223 663 1260 Precum
688 1221 1054 1260 Ecclesiasticarum
1077 1223 1288 1261 Formula.¹

199 1303 348 1341 Diebus
384 1304 532 1352 quidem
561 1303 743 1353 profestis
779 1304 969 1341 llsz'm‘ster
995 1306 1183 1354 populum
1213 1305 1268 1341 ad
1294 1306 1545 1354 precandum,

145 1358 280 1407 quibus
299 1358 335 1396 ei
351 1358 474 1396 visum
483 1357 614 1406 fuerit
626 1358 758 1404 verbis,
781 1359 1025 1404 adhortatur,
1057 1371 1167 1396 snam
1199 1359 1383 1396 nimirum
1409 1361 1546 1397 exhor-

146 1412 324 1449 tationem
353 1413 408 1449 ad
424 1417 568 1462 tempus
587 1417 623 1449 et
640 1413 694 1449 ad
710 1418 977 1460 argumentum
993 1413 1184 1460 concionis,
1207 1426 1323 1461 qnam
1344 1414 1547 1452 habituras

145 1471 206 1513 est,
240 1467 520 1504 accommodans
532 1479 551 1509 ,·
581 1471 625 1504 at
661 1467 865 1505 Domim'co
898 1468 956 1504 die
995 1480 1105 1504 mane
1134 1467 1223 1504 llaec
1260 1473 1304 1505 nt
1326 1469 1545 1517 plurimum

146 1520 532 1569 adlzz'beturformnla
547 1535 558 1559 .·

201 1573 452 1612 Adiutorium
475 1581 651 1612 nostrum
674 1573 722 1612 sit
753 1574 791 1612 in
817 1575 979 1613 nomine
1003 1575 1165 1613 Domini
1190 1575 1255 1625 qui
1278 1576 1369 1615 fecit
1390 1577 1544 1614 caelum

147 1635 185 1666 et
206 1636 359 1675 terram,
382 1630 524 1667 Amen.

202 1683 366 1729 Fratres,
409 1682 682 1731 unusquisque
727 1690 903 1720 nostrum
946 1696 987 1722 se
1026 1683 1204 1722 Domino
1244 1684 1354 1722 sistat
1394 1697 1545 1734 suaque

148 1743 311 1786 peccata
331 1737 577 1783 confiteatur,
601 1750 646 1774 ac
678 1749 741 1774 me
772 1736 831 1774 his
862 1737 990 1775 verbis
1021 1744 1276 1787 praeeuntem
1302 1745 1435 1776 mente
1457 1738 1545 1777 sul)-

147 1797 342 1840 sequatur.
663 1825 667 1828 Δ

203 1843 376 1882 Domine
409 1845 518 1882 Deus
552 1845 668 1882 Pater
695 1850 856 1882 aeterne
885 1852 922 1883 et
943 1844 1209 1895 omnipotens,
1232 1845 1485 1895 agnoscimus
1507 1855 1544 1885 et

148 1898 318 1948 ingenue
338 1899 568 1948 profitemur
582 1898 689 1948 apud
703 1906 879 1937 sanctam
896 1900 1141 1937 maiestatem
1159 1907 1278 1946 tuam,
1295 1913 1367 1939 nos
1382 1900 1545 1939 miseros

148 1960 376 2002 peccatores
401 1965 500 1999 esse,
523 1959 750 2002 conceptos,
774 1960 811 1991 et
842 1960 955 1991 natos
986 1953 1024 1991 in
1054 1953 1261 2003 iniquitate
1282 1961 1320 1992 et
1342 1954 1542 2004 pravitate,

148 2007 199 2045 ad
221 2005 437 2055 nequitiam
460 2005 665 2056 proclives,
687 2008 737 2045 ad
768 2020 887 2045 omne
917 2015 1049 2046 autem
1077 2008 1226 2046 bonum
1250 2021 1350 2058 opus
1373 2008 1540 2056 inutiles,

150 2073 314 2110 nosque,
349 2067 391 2098 ut
430 2060 557 2099 vitiosi
590 2073 738 2108 sumus,
772 2062 923 2099 nullum
958 2062 1271 2112 transgrediendi
1308 2071 1443 2101 sancta
1478 2071 1544 2101 tua

150 2115 337 2153 mandata
359 2115 478 2152 finem
500 2115 638 2153 facere.
699 2116 792 2164 Quo
815 2116 856 2153 fit
878 2123 918 2154 ut
940 2115 1101 2154 exitium
1127 2131 1149 2154 a
1177 2115 1280 2154 iusto
1305 2115 1452 2155 iudicio
1477 2124 1545 2155 tuo

149 2167 265 2206 nobis
295 2181 558 2207 accersamus.
617 2170 819 2216 Attamen,
845 2170 1030 2216 Domine,
1053 2171 1167 2208 anxie
1197 2170 1403 2219 gemimus,
1435 2172 1543 2220 quod

149 2229 187 2260 te
208 2222 499 2269 offenderimus,
523 2236 568 2261 ac
597 2236 667 2261 nos
698 2223 870 2273 vitiaque
901 2232 1033 2262 nostra
1063 2225 1312 2271 damnamus,
1335 2237 1425 2261 cum
1455 2238 1545 2263 vera

151 2276 406 2326 poenitentia,
429 2284 622 2326 optantes,
642 2284 683 2315 ut
703 2277 824 2327 gratia
849 2285 913 2316 tua
935 2286 1091 2316 nostrae
1112 2285 1311 2316 succurrat
1337 2278 1527 2317 miseriae.

203 2332 292 2368 Tua
321 2330 435 2380 igitur
464 2343 536 2369 nos
567 2331 833 2370 misericordia
854 2332 1026 2382 dignare,
1050 2334 1159 2370 Deus
1181 2340 1219 2370 et
1243 2333 1357 2370 Pater
1377 2333 1545 2371 clemen-

197 2412 207 2430 ¹
231 2412 297 2443 For
320 2419 501 2444 comments
533 2425 585 2445 see
615 2415 749 2454 Daniel,
778 2415 883 2447 Codex
911 2416 1117 2456 Lz'lmgicns,
1144 2416 1188 2446 iii.
1217 2424 1252 2455 51
1271 2425 1353 2457 sqq„
1382 2423 1440 2457 157
1454 2427 1545 2458 sqq.;

153 2456 330 2497 Rietsehel,
350 2457 519 2488 Lelerlmclz
543 2458 600 2488 der
621 2458 792 2499 Lz'tmgrz'le,
818 2459 838 2490 i.
863 2468 926 2500 414
939 2469 1030 2500 sqq.;
1054 2459 1118 2489 and
1142 2460 1273 2491 Proctcr
1298 2459 1360 2490 and
1388 2460 1492 2498 Frere,
1511 2463 1540 2491 .-1

152 2501 235 2531 Ncw
251 2501 390 2541 History
405 2500 444 2542 (ff
453 2501 505 2531 tlte
523 2502 610 2532 Boos:
625 2501 665 2542 <ff
678 2503 832 2534 Common
850 2503 987 2543 l‘rayer,
1008 2512 1061 2542 131
1081 2513 1128 2543 sq.
