1715 2780
145 98 192 135 16
644 98 736 148 CAJ
747 100 908 143 ETAN,
946 101 1045 148 1518
1494 114 1541 149 33

146 203 192 236 he
226 200 359 246 rejects
390 201 453 236 the
484 200 678 236 ‘usitatam
713 202 934 236 sententiam
959 229 966 236 .
989 229 997 238 .
1022 229 1028 236 .
1049 213 1120 247 qua
1152 202 1284 237 dicitur
1311 210 1544 238 sacramenta

145 259 262 284 novae
280 248 374 293 legis
390 248 649 284 iustificantern
666 249 824 294 gratiam
843 250 931 284 dare
955 249 1024 284 illis
1043 249 1105 295 qui
1126 261 1200 285 non
1221 256 1364 295 ponunt
1388 250 1544 294 obicem,

144 307 228 331 cum
243 295 288 330 sit
307 295 536 341 impossibile
550 303 822 332 sacramentum
838 297 994 332 conferri
1008 297 1203 332 salubriter
1215 296 1287 332 nisi
1302 297 1376 332 iam
1391 298 1545 333 creden-

143 343 240 379 tibus
253 349 289 378 et
306 342 411 378 iustis
425 350 460 379 et
475 344 608 388 dignis.
651 345 808 389 Oportet
821 345 919 379 enim
934 345 1173 380 accedentem
1188 345 1348 381 credere.
1396 345 1544 380 Deinde

143 401 218 425 non
243 397 530 435 sacramentum,
549 390 616 426 sed
640 391 731 426 fides
755 392 979 426 sacramenti
1003 391 1174 426 iustificat
1186 392 1206 427 ’.
1259 393 1319 427 He
1337 392 1482 427 arrived
1507 400 1544 427 at

143 438 344 482 Augsburg
366 447 385 481 7
406 439 514 480 Oct.;
546 439 619 473 and
642 438 772 482 thrice‚
796 448 850 482 12,
874 449 928 483 13,
956 449 997 482 14
1024 440 1107 474 Oct.
1137 438 1226 484 [No.
1250 438 1306 484 16]
1335 440 1544 484 appeared

144 485 284 521 before
310 486 382 520 the
405 486 566 530 Legate
593 485 772 530 (Lutherz'
798 487 863 531 Op.
884 488 969 522 Lat.
993 487 1027 522 ii.
1054 487 1123 530 369
1142 486 1233 532 sq.);
1270 488 1361 529 who,
1390 487 1543 531 though,

143 544 184 568 as
210 532 350 568 Luther
367 532 547 575 believed,
570 534 616 568 he
635 533 710 568 had
732 533 901 568 received
925 534 1174 577 instructions,
1195 534 1254 568 ‘ut
1279 534 1419 570 dictum
1440 535 1542 569 Mar-

142 580 259 615 tinum
277 579 504 615 haereticum
523 581 571 615 ad
589 581 831 626 personaliter
848 593 974 616 coram
994 588 1029 617 te
1048 581 1353 626 comparendum,
1373 582 1543 617 invocato

143 655 151 662 .
171 655 179 663 .
199 653 207 662 .
225 627 469 662 saecularium
496 628 660 671 brachio,
686 627 819 672 cogas'
849 627 990 672 (Letter
1014 629 1055 663 of
1080 629 1154 664 Leo
1172 630 1219 672 X,
1246 639 1290 673 23
1318 630 1424 673 Aug„
1451 629 1541 663 ibid.

144 674 178 709 ii.
191 674 288 719 355),
303 674 473 710 received
490 675 568 709 him
588 675 700 710 ‘satis
716 676 942 719 elementer’‚
956 676 1020 710 but
1039 676 1252 711 demanded
1267 688 1289 711 a
1304 676 1543 711 recantation.

142 722 282 757 Luther
307 721 445 767 replied
465 721 550 757 with
574 735 596 757 a
618 722 876 768 protestation,
907 733 946 767 13
973 724 1072 766 Oct.‚
1096 735 1143 757 an
1170 723 1260 769 [No.
1286 723 1343 768 17]
1373 734 1544 759 answer

145 768 246 811 (ibid.
273 768 307 803 ii.
332 778 398 813 372
425 769 519 815 sqq.)
551 770 755 805 submitted
782 781 829 804 on
860 780 902 813 14
930 771 1042 813 Oct.;
1078 771 1153 805 and
1186 770 1286 813 (ibid.
1318 770 1353 805 ii.
1382 770 1464 814 371)
1495 782 1542 805 an

144 815 233 861 [No.
256 815 312 861 18]
338 818 488 861 appeal
513 819 558 852 to
582 818 665 852 Leo
683 817 724 850 X
744 817 848 861 (ibid.
865 817 899 852 ii.
919 826 986 862 397
1007 817 1103 864 sqq.)
1125 818 1166 853 16
1186 819 1269 853 Oct.
1313 819 1372 853 On
1393 828 1438 853 20
1457 819 1543 854 Oct.

141 864 188 898 he
214 863 279 899 left
304 865 528 909 Augsburg3
559 865 703 900 arrived
729 872 766 900 at
792 864 1028 910 Wittenberg
1053 875 1093 909 31
1117 866 1212 907 Oct„
1233 865 1352 900 where
1379 867 1425 901 he
1452 867 1544 911 pub-

141 910 260 946 lished
297 911 333 945 in
369 912 584 947 November
616 913 678 947 the
712 913 811 947 Acta
845 913 1090 958 Angustana‚
1122 925 1163 947 or
1198 912 1363 948 Minutes
1403 913 1445 948 of
1477 913 1542 947 the

141 959 341 1003 Augsburg
365 959 591 994 Conference
616 959 796 1005 (Lutheri
817 961 884 1004 Op.
903 961 988 995 Lat.
1007 960 1041 994 ii.
1062 961 1128 1004 367
1143 959 1250 1006 sqq).

223 1055 314 1099 No.
347 1057 413 1098 16.
477 1056 711 1100 Luther’s
742 1059 960 1100 account
992 1058 1049 1101 of
1073 1058 1154 1101 his
1186 1059 1461 1103 interview

647 1115 776 1158 with
810 1114 1036 1183 cajetan.

196 1195 298 1233 Veni
315 1195 562 1245 Augusta1n‚¹
580 1203 866 1246 susceptusque
887 1196 941 1234 fui
955 1199 966 1218 ²
982 1210 1005 1234 a
1026 1198 1073 1234 R.
1093 1198 1142 1235 D.
1156 1197 1369 1237 Cardinale
1393 1199 1541 1248 Legato

143 1247 233 1287 satis
254 1250 468 1288 clementer
488 1263 534 1288 ac
558 1263 680 1300 prope
702 1251 952 1289 reverentius.
1006 1251 1085 1289 Hic
1108 1252 1174 1289 ubi
1197 1264 1237 1290 se
1257 1253 1362 1290 nolle
1384 1264 1541 1291 mecum

142 1302 342 1353 disputare
361 1302 537 1351 dixisset,
558 1305 627 1343 sed
649 1304 816 1343 suaviter
843 1312 880 1343 et
908 1312 1070 1355 paterne
1091 1319 1173 1344 rem
1195 1318 1446 1356 componere,
1470 1306 1541 1344 tria

143 1356 238 1395 mihi
267 1358 318 1396 de
348 1358 537 1397 mandato
560 1359 608 1396 D.
631 1371 757 1408 papae
779 1358 838 1410 (ut
867 1360 1082 1409 asserebat)
1105 1361 1284 1399 facienda
1315 1360 1541 1410 proposuit:

142 1409 202 1463 (1)
220 1412 272 1450 ad
287 1424 354 1450 cor
375 1411 541 1451 redirem
563 1420 790 1463 erratusque
804 1426 914 1452 meos
931 1426 1166 1460 revocarem,
1191 1413 1250 1464 (2)
1272 1414 1540 1464 promitterem

142 1465 181 1503 in
211 1466 384 1504 futurum
414 1466 612 1505 abstinere
641 1466 691 1505 ab
726 1466 887 1514 eisdem,
932 1467 990 1519 (3)
1021 1475 1059 1507 et
1097 1468 1147 1506 ab
1178 1468 1363 1507 omnibus
1396 1468 1540 1519 quibus

143 1519 321 1558 Ecclesia
340 1520 556 1570 perturbari
578 1520 712 1571 possit.
773 1523 858 1571 Ego
877 1553 883 1559 .
902 1552 908 1559 .
929 1552 936 1560 .
956 1535 1046 1560 mox
1068 1521 1161 1572 petii
1182 1522 1315 1561 doceri
1336 1524 1375 1560 in
1396 1522 1541 1572 quibus

142 1585 341 1621 errassem,
375 1587 438 1613 me
472 1587 554 1613 non
585 1587 670 1614 esse
705 1576 800 1613 mihi
832 1576 1037 1614 conscium
1068 1576 1184 1614 ullius
1215 1576 1365 1615 erroris.
1423 1578 1540 1614 Tunc

141 1627 299 1677 protulit
320 1629 649 1678 Extravagantem
665 1629 884 1669 Clementis
899 1631 971 1676 VI,
987 1643 1088 1680 quae
1110 1630 1247 1680 incipit
1263 1645 1270 1668 z
1300 1631 1541 1680 Unigenitus

142 1681 224 1728 &c.,
248 1683 357 1731 quod
383 1690 519 1721 contra
543 1696 630 1721 eam
657 1683 910 1722 asseruissem
938 1684 1214 1734 Propositione
1236 1686 1308 1734 58:
1340 1685 1435 1722 Non
1456 1697 1541 1723 esse

143 1735 279 1774 merita
298 1735 445 1776 Christi
470 1736 803 1786 indulgentiarum
825 1739 1066 1777 thesaurum.
1124 1738 1301 1787 Urgebat
1331 1737 1474 1788 itaque,
1499 1746 1540 1776 ut

143 1802 364 1828 revocarem
393 1820 400 1828 .
425 1820 432 1828 .
456 1820 463 1828 .
493 1792 690 1838 Secundo,
732 1791 877 1830 obiecit
917 1792 1024 1840 quod
1064 1791 1339 1841 Propositione
1381 1804 1398 1840 7
1441 1792 1541 1831 inter

142 1843 423 1882 declarandum
448 1845 672 1892 docueram,
698 1846 970 1884 Necessariam
997 1858 1083 1884 esse
1108 1846 1228 1884 fidem
1255 1858 1462 1884 accessuro
1488 1848 1538 1885 ad

142 1904 441 1945 sacramentum,
464 1905 531 1936 aut
552 1898 590 1936 in
611 1898 800 1937 iudicium
822 1912 1083 1938 accessurum.
1136 1901 1256 1938 Hanc
1273 1899 1377 1938 enim
1395 1913 1538 1938 novam

143 1957 180 1988 et
200 1963 403 1990 erroneam
424 1952 646 1991 doctrinam
673 1953 799 2003 putari
820 1953 953 2000 voluit,
977 1955 1047 1992 sed
1074 1955 1205 2004 potius
1232 1953 1425 1992 incertum
1453 1967 1539 1992 esse

142 2017 300 2044 omnem
320 2007 590 2053 accedentem,
613 2007 776 2056 gratiam
797 2015 1115 2057 consequeretur,
1137 2021 1264 2046 necne
1287 2038 1294 2046 .
1318 2039 1325 2046 .
1348 2038 1355 2045 .

197 2059 403 2110 Respondi
430 2068 536 2108 tunc,
561 2060 663 2098 Mihi
687 2074 768 2100 non
796 2063 922 2099 solum
952 2062 1066 2100 istam
1095 2062 1313 2101 Clementis
1344 2074 1429 2100 esse
1456 2062 1540 2100 dili-

142 2119 276 2161 genter
295 2113 429 2161 visam‚
453 2115 523 2153 sed
544 2122 581 2152 et
601 2116 763 2153 alteram
784 2115 867 2154 eius
887 2117 1085 2154 aemulam
1107 2145 1115 2154 .
1140 2146 1146 2153 .
1169 2146 1177 2154 .
1201 2115 1295 2154 Sixti
1318 2115 1444 2166 quarti
1462 2147 1469 2154 .
1488 2147 1496 2154 .
1520 2147 1536 2162 .‚

143 2178 276 2204 verum
302 2180 384 2206 non
411 2168 596 2207 habuisse
624 2182 709 2206 eam
737 2170 844 2219 apud
864 2183 927 2207 me
948 2169 1039 2208 satis
1066 2169 1320 2216 auctoritatis,
1343 2183 1433 2207 cum
1455 2170 1539 2207 aliis

143 2219 273 2258 multis
294 2227 377 2259 tum
394 2234 441 2260 ea
461 2223 630 2260 maxime
645 2235 763 2261 causa
778 2224 887 2273 quod
904 2223 1102 2273 scripturis
1123 2223 1267 2262 sanctis
1287 2223 1483 2262 abutitur.
1503 2254 1510 2261 .
1531 2254 1538 2262 .

145 2273 243 2312 Ideo
269 2274 488 2325 scripturas,
511 2289 608 2325 quas
632 2290 706 2326 ego
732 2276 772 2314 in
801 2277 1075 2327 Propositione
1103 2291 1190 2316 mea
1214 2290 1368 2327 sequor,
1391 2290 1476 2316 esse
1503 2277 1538 2315 ei

144 2329 416 2375 praeferendas
429 2329 607 2378 omnino,
622 2343 668 2368 ac
682 2330 779 2368 nihil
792 2330 885 2370 inde
901 2331 1068 2381 probari,
1087 2332 1156 2370 sed
1178 2331 1327 2370 recitari
1349 2333 1538 2370 duntaxat

143 2393 188 2418 ac
208 2382 350 2420 narrari
371 2383 599 2432 opinionem
622 2385 658 2422 S.
680 2386 871 2423 Thomae.

318 2463 326 2479 ¹
352 2465 368 2497 7
387 2464 460 2495 Oct.
1198 2465 1208 2481 '2
1237 2475 1271 2495 η
1291 2468 1363 2496 oct.

200 2539 263 2570 944
826 2537 852 2561 D
