1715 2780
146 109 201 147 80
528 107 962 153 REFORMATION,
1000 119 1151 156 1524ffl5
1473 116 1540 153 17¹

145 215 267 249 letter
297 216 341 249 to
369 212 634 247 Camerarius
666 211 1022 256 (Sz'lamtgsberz'cltlc
1058 210 1124 244 der
1144 209 1435 255 psallas-philol.
1468 209 1550 242 und

145 261 389 296 historischen
425 259 550 294 Classe
578 260 644 294 der
675 259 761 294 Ιε.-ὐ.
795 259 831 292 A
837 258 1004 292 kademie
1041 258 1109 291 der
1148 255 1462 302 Wissensclzaften
1497 266 1545 288 au

145 309 348 351 MMzclzen,
376 308 567 353 Jahrgang
595 307 695 350 1876,
723 305 821 350 601),
845 305 918 340 this
942 316 1016 340 was
1043 316 1091 339 no
1114 305 1186 340 less
1215 316 1262 339 an
1290 302 1463 338 occasion
1490 303 1545 336 for

146 355 294 400 dismay
311 356 402 391 than
420 355 478 389 for
494 353 648 390 ridicule
667 360 704 389 to
725 353 813 398 [No.
832 351 892 398 85]
918 354 1118 387 Erasmus
1136 353 1179 386 in
1205 363 1230 387 a
1255 353 1382 387 letter
1400 361 1455 385 on
1474 351 1544 386 the

146 404 356 447 marriage
381 403 427 436 of
446 402 802 446 oecolampadius,
826 408 913 445 1527
935 400 1020 445 (Ep.
1041 408 1120 444 951,
1145 400 1211 444 Op.
1232 400 1302 434 III.
1322 399 1343 433 i.
1367 402 1484 441 1071).

193 450 239 485 V.
267 452 323 495 By
341 451 404 485 the
430 449 568 494 victory
595 450 637 483 of
658 448 784 491 Pavia,
813 458 857 491 24
884 448 976 482 Feb.
1006 456 1117 492 1525;
1146 448 1231 488 and,
1262 456 1303 489 14
1328 447 1412 490 Jan.
1444 446 1543 489 1526,

149 497 240 544 [No.
257 496 316 542 86]
336 499 408 533 the
421 497 580 542 Treaty
593 497 640 531 of
652 496 826 539 Madrid,
842 494 961 529 which
980 495 1107 529 united
1122 494 1277 529 Charles
1296 493 1370 528 and
1390 492 1545 527 Francis

148 544 316 590 ‘against
338 544 497 580 heretics
522 545 604 579 who
621 544 716 579 have
735 542 889 578 severed
908 543 1130 577 themselves
1149 542 1243 576 from
1263 542 1326 576 the
1349 541 1481 575 bosom
1508 539 1551 574 of

148 593 211 627 the
237 592 324 637 holy
343 593 493 627 Church
509 591 516 605 '
545 591 637 630 (Art.
665 591 709 626 26
737 591 772 625 in
802 592 863 625 Du
894 591 1016 632 Mont,
1037 589 1153 634 Cc17755
1177 589 1458 634 dzffilomaliqne,
1482 587 1544 622 IV.

150 640 170 675 i.
191 640 286 685 405).

181 725 272 769 No.
305 727 382 769 80.
436 726 635 770 Letters
667 725 725 768 of
749 724 938 767 Luther
968 724 1071 766 and
1101 724 1361 774 Erasmus,
1392 733 1514 775 1523.

206 813 265 865 (1)
295 813 446 851 Lntlzer
470 818 505 850 to
539 811 864 861 Oecolampadizts,
898 824 945 848 20
972 809 1259 860 June—Quid
1292 811 1478 847 Erasmus
1507 806 1545 845 in

149 881 275 906 rerum
307 866 565 917 spiritualium
595 865 743 905 iudicio
773 866 914 904 sentiat
943 872 1010 902 aut
1040 865 1208 911 simulet,
1240 870 1433 902 testantur
1462 861 1546 900 eius

149 921 270 961 libelli
299 922 472 968 abunde,
499 928 578 959 tam
603 920 717 972 primi
744 933 862 970 quam
894 918 1107 957 novissimi.
1168 919 1254 968 Ego
1285 917 1356 956 etsi
1387 918 1546 955 aculeos

149 976 232 1015 eius
262 975 408 1015 alicubi
441 975 579 1023 sentio,
612 983 745 1014 tamen
779 973 872 1024 quia
900 973 1057 1012 simulat
1087 986 1128 1011 se
1159 986 1240 1011 non
1270 985 1355 1010 esse
1389 973 1544 1009 hostem

149 1032 290 1082 palam,
319 1030 461 1069 simulo
489 1038 527 1068 et
552 1043 625 1080 ego
652 1043 717 1068 me
744 1042 827 1067 non
857 1027 1072 1078 intelligere
1104 1041 1193 1065 suas
1223 1025 1397 1073 astutias,
1426 1039 1546 1075 quan-

150 1098 269 1135 quam
300 1084 470 1135 penitius
501 1084 738 1134 intelligatur
772 1096 892 1133 quam
927 1082 1010 1132 ipse
1042 1083 1187 1120 credat.
1248 1083 1339 1131 Ipse
1372 1080 1464 1118 fecit
1495 1080 1546 1118 ad

150 1140 259 1190 quod
280 1138 483 1178 ordinatus
505 1138 587 1176 fuit.
648 1138 820 1188 Linguas
842 1135 1066 1184 introduxit,
1091 1144 1128 1174 et
1149 1149 1171 1174 a
1192 1134 1387 1185 sacrilegis
1408 1133 1547 1172 studiis

150 1193 357 1233 revocavit.
418 1194 534 1231 Forte
569 1200 607 1231 et
638 1193 721 1242 ipse
755 1205 845 1230 curn
888 1192 1003 1229 Mose
1034 1189 1073 1228 in
1103 1190 1389 1240 campestribus
1421 1187 1547 1226 Moab

152 1247 359 1287 morietur:
391 1261 482 1286 nam
504 1248 554 1286 ad
580 1246 741 1285 meliora
768 1246 897 1284 studia
926 1245 1052 1295 (quod
1076 1245 1127 1283 ad
1154 1246 1340 1294 pietatem
1363 1242 1549 1294 pertinet)

152 1316 231 1341 non
252 1303 443 1353 provehit.
502 1302 739 1351 Vellemque
755 1300 896 1338 mirum
915 1299 953 1337 in
973 1299 1136 1337 modum
1157 1298 1355 1337 abstinere
1376 1297 1505 1347 ipsum
1526 1310 1549 1334 a

150 1356 362 1395 tractandis
376 1355 582 1406 Scripturis
598 1386 605 1394 .
623 1386 630 1394 .
647 1386 674 1403 .,
692 1356 801 1405 quod
817 1368 897 1393 non
913 1355 960 1392 sit
976 1367 1045 1404 par
1059 1353 1140 1392 istis
1161 1352 1307 1399 officiis,
1325 1360 1362 1391 et
1383 1353 1549 1390 lectores

152 1412 289 1450 frustra
313 1418 482 1461 occupat
509 1418 547 1448 et
563 1417 736 1448 moratur
756 1409 796 1447 in
823 1408 1029 1458 Scripturis
1055 1407 1264 1446 discendis.
1324 1407 1423 1446 Satis
1446 1407 1547 1452 fecit,

152 1466 260 1516 quod
290 1466 437 1503 malum
467 1464 663 1503 ostendit:
707 1471 746 1502 at
775 1464 926 1502 bonum
958 1463 1167 1501 ostendere
1198 1462 1257 1511 (ut
1287 1460 1421 1511 video)
1447 1468 1485 1498 et
1509 1459 1548 1497 in

153 1527 292 1558 terram
328 1518 599 1570 promissionis
634 1519 778 1557 ducere
818 1531 897 1556 non
938 1525 1078 1567 potest.
1148 1517 1226 1555 Sed
1266 1515 1361 1565 quid
1394 1528 1467 1565 ego
1499 1515 1549 1553 de

155 1574 319 1613 Erasmo
346 1582 423 1612 tam
453 1575 606 1612 multa?
651 1572 725 1611 nisi
751 1580 793 1611 ut
819 1571 921 1610 illius
949 1572 1112 1609 nomine
1142 1578 1180 1609 et
1199 1571 1431 1608 auctoritate
1453 1568 1549 1606 1111111

155 1627 344 1668 movearis
374 1636 492 1678 atque
516 1628 618 1666 adeo
645 1628 828 1677 gaudeas,
857 1626 887 1664 si
912 1626 1008 1676 quid
1038 1625 1072 1664 ei
1104 1624 1311 1675 displicere
1339 1625 1482 1662 sentias
1511 1622 1548 1660 in

155 1695 193 1721 re
216 1682 290 1721 ista
313 1682 611 1732 Scripturarum,
635 1689 676 1720 ut
703 1681 770 1731 qui
798 1682 859 1720 vel
886 1694 966 1719 non
992 1679 1116 1730 possit
1137 1680 1197 1717 vel
1219 1692 1299 1716 non
1321 1679 1411 1716 velit
1433 1678 1483 1716 de
1505 1676 1549 1715 iis

154 1736 468 1784 recteiudicare3
489 1738 589 1774 sicut
603 1749 728 1787 paene
744 1743 848 1774 totus
870 1734 946 1772 iam
969 1734 1074 1772 orbis
1096 1733 1232 1783 incipit
1253 1734 1303 1771 de
1325 1745 1372 1770 eo
1394 1731 1549 1769 sentire.

209 1791 266 1842 (2)
297 1792 493 1829 Erasmus
513 1797 548 1828 to
568 1791 746 1839 haring-li,
768 1804 812 1839 31
840 1789 1196 1839 Aug.—-Luthe1·us
1222 1785 1406 1837 proponit
1437 1798 1551 1835 quae-

155 1845 245 1883 dam
275 1846 496 1896 aenigmata
525 1844 564 1882 in
595 1844 768 1895 speciem
798 1843 992 1882 absurda:
1022 1842 1156 1881 onmia
1184 1854 1303 1891 opera
1324 1848 1548 1878 sanctorum

156 1912 239 1937 esse
277 1908 450 1949 peccata,
493 1912 594 1949 quae
634 1897 811 1948 indigent
860 1897 1090 1947 ignoscente
1131 1895 1207 1934 Dei
1253 1893 1552 1937 misericordia;

155 1953 321 1992 liberum
369 1953 571 1992 arbitrium
619 1966 704 1991 esse
744 1965 890 1990 nomen
931 1951 1071 1998 inane,
1120 1951 1203 1989 sola
1238 1951 1316 1988 fide
1351 1948 1550 1987 iustificari

157 2007 369 2055 hominem,
402 2021 521 2058 opera
558 2007 655 2045 1111111
689 2007 741 2045 ad
778 2020 859 2045 rem
899 2007 1038 2044 facere.
1109 2006 1170 2043 De
1202 2003 1262 2042 his
1297 2004 1549 2048 contendere,

158 2063 359 2111 quomodo
392 2061 485 2101 velit
516 2061 679 2111 intelligi
719 2062 925 2108 Lutherus,
961 2073 1042 2098 non
1074 2059 1191 2098 video
1225 2071 1343 2108 quem
1382 2059 1551 2095 fructum

159 2116 300 2154 afferat.
360 2115 517 2155 Deinde
547 2115 663 2154 video
695 2114 734 2153 in
764 2114 961 2166 plerisque
984 2113 1039 2152 illi
1068 2112 1237 2152 addictis
1265 2112 1401 2150 miram
1433 2112 1553 2162 pervi-

160 2170 333 2218 caciam,
362 2178 400 2209 et
430 2170 470 2208 in
500 2171 661 2208 Lutheri
693 2169 845 2219 scriptis
867 2176 1059 2219 quantum
1091 2165 1405 2212 maledicentiae,
1438 2178 1554 2215 saepe

161 2231 309 2272 praeter
336 2237 429 2263 16111.
490 2225 570 2262 Ista
599 2237 663 2262 1116
693 2230 839 2274 cogunt
869 2221 1126 2261 subdubitare
1156 2223 1207 2260 de
1228 2221 1364 2271 spiritu
1386 2220 1553 2266 illorum,

161 2289 277 2326 quem
294 2278 346 2316 ob
360 2291 517 2317 causam
535 2278 597 2316 cui
618 2280 731 2316 faveo
752 2277 867 2316 velim
885 2290 969 2316 esse
991 2276 1199 2314 sincerum.
1222 2306 1229 2314 .
1252 2305 1258 2313 .
1283 2305 1290 2313 .
1316 2276 1402 2325 Ego
1419 2274 1556 2312 floren—

161 2330 349 2370 tissimam
393 2332 593 2383 regionem
633 2329 848 2385 [Brabant]
890 2330 1028 2381 reliqui
1072 2344 1123 2369 ne
1168 2329 1351 2368 miscerer
1397 2326 1556 2377 negotio

164 2384 408 2425 Pharisaico:
437 2400 528 2425 nam
559 2386 633 2425 alia
663 2387 748 2437 lege
778 2399 860 2424 non
888 2385 1062 2424 licuisset
1092 2384 1170 2423 illic
1200 2383 1368 2422 vivere..
1396 2411 1431 2419 ..
1456 2380 1556 2419 Satis

163 2439 350 2478 admonui
382 2440 612 2491 Episcopos,
645 2440 736 2479 satis
764 2440 965 2490 Principes
987 2440 1046 2478 vel
1074 2440 1115 2477 in
1134 2439 1269 2477 libello
1290 2438 1340 2475 de
1364 2434 1555 2485 Principe,

164 2492 284 2531 homo
313 2494 455 2533 nullius
485 2494 737 2533 auctoritatis.
796 2494 904 2542 Quid
935 2507 997 2532 me
1027 2494 1145 2532 velles
1176 2495 1301 2530 facere
1331 2490 1560 2540 praeterea?
