1715 2780
143 78 194 117 27
299 70 418 107 THE
460 67 847 108 DISPUTATION
887 69 960 105 AT
1002 67 1237 113 LEIPZIG,
1283 79 1382 116 1519
1493 79 1537 115 51

197 175 270 211 Per
294 173 391 211 haec
411 174 502 211 volo
531 172 741 222 probatum
770 172 878 221 quod
909 184 955 209 ex
984 171 1173 217 Decretis,
1204 170 1540 217 damnationibus,

141 226 494 278 approbationibus
522 225 806 265 recentioribus
829 225 1032 264 Ecclesiae
1059 226 1177 263 Rom.
1201 224 1298 262 nihil
1320 232 1456 263 contra
1480 238 1543 263 me

142 281 278 332 agitur,
314 295 405 319 curn
440 281 519 320 sint
552 279 846 330 suspectissima
875 279 1009 317 onmia
1043 287 1081 318 et
1110 278 1296 329 antiquae
1325 278 1477 318 veritati
1506 286 1545 317 et

143 335 421 374 consuetudini
461 349 529 385 per
571 334 706 373 onmia
743 335 945 381 contraria,
997 333 1254 371 nihilominus
1294 341 1427 372 tamen
1474 346 1545 383 pro

143 389 358 429 reverentia
378 397 416 428 et
436 389 599 428 vitando
619 388 831 427 schismate
851 387 1111 427 libentissime
1132 389 1267 435 tolero,
1286 396 1324 426 et
1340 388 1545 426 toleranda

143 445 372 495 persuadeo,
403 445 526 483 modo
555 457 636 482 non
664 450 817 481 tantum
848 444 930 481 iure
959 442 1094 481 divino
1124 449 1182 480 tot
1209 449 1366 480 sanctos
1392 455 1546 492 praece-

143 499 282 537 dentes
302 499 550 538 damnemus.
611 499 725 536 Haec
746 496 866 536 habui
887 510 989 547 quae
1009 496 1183 536 dicerem
1205 498 1255 535 de
1274 495 1458 534 articulis.

766 616 922 655 Eccius.

199 719 206 727 .
227 718 234 726 .
255 719 261 726 .
283 690 345 727 De
362 687 524 727 Graecis
546 689 690 726 sanctis
712 687 883 726 diximus
905 686 1086 737 saepius,
1116 688 1186 725 sed
1208 688 1284 725 hoc
1305 687 1546 725 horrendum

146 742 331 781 omnibus
361 741 508 782 Christi
536 741 720 781 fidelibus
741 755 827 780 esse
853 741 1019 779 arbitror
1039 742 1148 791 quod
1174 742 1412 780 reverendus
1434 744 1548 779 Pater

145 805 281 836 contra
319 804 399 835 tam
435 803 617 835 sanctum
657 803 694 834 et
733 795 933 834 laudabile
973 794 1281 835 Constantiense
1321 795 1546 834 Concilium

145 858 254 890 tanto
281 864 479 890 consensu
510 850 630 889 totius
652 849 960 890 Christianitatis
988 857 1268 900 congregatum
1294 863 1374 888 non
1397 857 1549 889 veretur

146 905 276 945 dicere
323 905 507 943 articulos
555 906 709 955 aliquos
763 904 989 943 Hussiticos
1038 911 1076 943 et
1119 903 1382 943 Wicklefficos
1430 903 1549 942 fuisse

146 959 504 1000 Christianissimos
534 967 571 998 et
602 960 861 1010 evangelicos.

640 1023 765 1068 [Hora
784 1033 802 1066 7
823 1024 881 1059 die
902 1033 921 1067 7
940 1022 1057 1068 Julii.]

768 1084 922 1120 Eccius.

203 1178 210 1186 .
236 1177 242 1184 .
265 1177 271 1184 .
295 1147 396 1187 Petit
426 1156 559 1187 tamen
588 1162 611 1186 a
642 1162 716 1196 me,
748 1156 790 1186 ut
819 1148 984 1198 probem
1015 1147 1048 1185 ei
1080 1147 1293 1185 concilium
1324 1161 1405 1185 non
1436 1160 1551 1197 posse

148 1215 284 1240 errare.
336 1202 483 1241 Nescio
503 1202 600 1252 quid
622 1202 696 1240 sibi
717 1202 809 1241 velit
830 1202 904 1240 ista
923 1201 1062 1252 petitio
1083 1215 1133 1239 an
1155 1201 1272 1240 tacite
1293 1201 1493 1240 laudabile
1513 1209 1551 1240 et

147 1255 361 1306 gloriosum
396 1256 703 1296 Constantiense
735 1256 963 1296 Concilium
997 1256 1090 1295 velit
1128 1256 1273 1294 habere
1308 1265 1548 1306 suspectum.

153 1312 243 1349 Hoc
263 1310 355 1350 dico
370 1310 495 1358 vobis,
515 1312 750 1350 Reverende
767 1313 893 1357 Pater,
916 1310 948 1349 si
969 1310 1126 1349 creditis
1144 1309 1357 1348 concilium
1378 1310 1552 1360 legitime

150 1372 430 1415 congregatum
452 1378 576 1404 errare
597 1372 636 1404 et
657 1378 814 1412 errasse,
838 1366 930 1404 estis
953 1364 1049 1402 mihi
1068 1366 1169 1403 sicut
1189 1364 1370 1403 ethnicus
1398 1372 1436 1403 et
1457 1364 1553 1414 pub-

149 1418 310 1457 licanus.
371 1419 480 1468 Quid
505 1419 553 1458 sit
574 1419 804 1467 haereticus,
828 1419 867 1457 in
889 1419 1110 1469 praesentia
1130 1432 1211 1457 non
1233 1418 1442 1458 discutiam
1466 1450 1472 1456 .
1501 1451 1506 1456 .
1529 1449 1535 1455 .

801 1586 902 1623 XIV

236 1673 356 1710 THE
395 1672 792 1712 CIRCULATION
833 1672 905 1711 OF
946 1673 1221 1711 LUTHER'S
1257 1672 1457 1711 WORKS

201 1780 362 1825 Froben,
385 1781 632 1824 1460-†1527‚
651 1780 714 1814 the
741 1779 884 1814 famous
910 1777 1049 1823 printer
1065 1778 1106 1813 of
1126 1778 1245 1822 Basel,
1265 1778 1391 1822 acting·
1417 1790 1465 1813 on
1492 1779 1554 1812 the

155 1827 366 1871 suggestion
391 1828 431 1862 of
453 1829 590 1862 Beatus
610 1827 827 1869 Rhenanus,
850 1826 1097 1871 1485-†1547,
1117 1827 1205 1861 then
1224 1832 1409 1861 corrector
1432 1826 1471 1859 of
1491 1826 1554 1860 the

154 1885 269 1918 press,
293 1875 404 1909 made
421 1875 485 1909 the
511 1875 589 1908 first
611 1880 769 1918 attempt
793 1880 829 1907 at
857 1885 879 1908 a
903 1873 1096 1908 collection
1121 1874 1160 1907 of
1185 1874 1354 1908 Luther’s
1373 1874 1492 1907 works
1517 1873 1553 1906 111

156 1922 239 1956 Oct.
264 1923 365 1965 1518.
414 1920 503 1967 [No.
526 1920 586 1965 28]
612 1921 690 1956 His
711 1922 838 1956 letter
858 1923 903 1956 to
930 1921 1086 1956 Luther
1110 1919 1288 1964 (Lutlzeri
1311 1922 1376 1965 Op.
1402 1921 1486 1954 Lat.
1508 1920 1552 1953 iv.

155 1968 197 2002 82
225 1967 295 2013 sq.)
323 1969 363 2003 of
393 1977 435 2012 14
463 1970 551 2004 Feb.
583 1977 674 2013 1519
703 1968 901 2003 illustrates
925 1969 987 2003 the
1015 1968 1177 2013 rapidity
1205 1968 1290 2003 with
1319 1967 1439 2001 which
1468 1968 1554 2010 they

155 2026 248 2049 were
266 2015 378 2060 being
396 2016 531 2060 spread
545 2028 632 2050 over
651 2017 809 2060 Europe,
826 2016 901 2050 and
915 2016 993 2050 also
1011 2016 1073 2050 the
1092 2016 1299 2050 connexion
1314 2015 1354 2049 of
1368 2015 1430 2049 the
1449 2026 1553 2059 press

155 2062 228 2096 and
250 2063 291 2096 of
312 2062 525 2097 humanism
543 2063 628 2098 with
655 2063 718 2098 the
743 2063 1007 2097 Reformation.
1059 2063 1140 2097 The
1168 2063 1372 2107 Day-book
1395 2062 1436 2095 of
1456 2062 1553 2107 John

157 2109 331 2153 Dowrne,a
356 2110 566 2145 bookseller
591 2117 628 2144 at
647 2110 800 2152 Oxford,
827 2111 949 2144 shows
975 2110 1131 2144 thirteen
1159 2110 1295 2144 entries
1323 2110 1363 2143 of
1388 2109 1554 2143 Luther's

156 2156 273 2191 works
297 2157 379 2191 sold
398 2157 435 2191 in
453 2165 552 2202 1520,
579 2157 636 2191 his
661 2163 757 2192 most
784 2158 942 2201 popular
965 2157 1065 2191 book
1083 2157 1196 2201 being
1221 2158 1284 2192 the
1303 2157 1490 2190 lx'esolulso
1514 2157 1556 2189 de

148 2205 327 2247 potestate
344 2205 473 2249 Papae
490 2205 587 2248 (Oxf.
610 2204 691 2239 His.
712 2204 891 2249 Society’s
914 2205 1154 2246 Colla-tanea,
1178 2204 1269 2248 164).

157 2265 242 2308 No.
267 2268 335 2309 28.
398 2267 566 2311 Letter
598 2267 656 2310 of
679 2268 877 2311 Froben
908 2269 961 2310 to
994 2267 1195 2318 Luther‚
1227 2279 1276 2321 14
1301 2267 1416 2310 Feb.
1439 2277 1553 2319 1519.

213 2336 333 2374 Dono
353 2336 463 2375 dedit
487 2336 583 2375 mihi
606 2337 758 2375 Blasius
780 2338 1004 2376 Salmonius
1026 2336 1250 2387 Bibliopola
1272 2335 1487 2386 Lipsiensis
1514 2334 1553 2371 in

159 2389 343 2437 proximis
390 2390 578 2429 nundinis
626 2391 1032 2430 Franckfordensibus
1080 2391 1234 2429 libellos
1274 2390 1399 2427 varios
1447 2402 1468 2426 a
1516 2396 1554 2425 te

159 2443 418 2491 elucubratos,
447 2458 548 2494 quos
575 2445 754 2483 omnium
779 2446 987 2484 doctorum
1016 2444 1162 2483 iudicio
1189 2444 1427 2494 approbatos
1453 2442 1553 2492 typis

826 2512 848 2536 E
871 2512 889 2536 2
