<?xml version="1.0" encoding="UTF-8"?>
<!DOCTYPE html PUBLIC "-//W3C//DTD XHTML 1.0 Transitional//EN"
    "http://www.w3.org/TR/xhtml1/DTD/xhtml1-transitional.dtd">
<html xmlns="http://www.w3.org/1999/xhtml" xml:lang="en" lang="en">
 <head>
  <title>
</title>
<meta http-equiv="Content-Type" content="text/html;charset=utf-8" />
  <meta name='ocr-system' content='tesseract 3.04.00' />
  <meta name='ocr-capabilities' content='ocr_page ocr_carea ocr_par ocr_line ocrx_word'/>
</head>
<body>
  <div class='ocr_page' id='page_1' title='image "./docreform00kidd_0167.png"; bbox 0 0 1715 2780; ppageno 0'>
   <div class='ocr_carea' id='block_1_1' title="bbox 115 95 1517 148">
    <p class='ocr_par' dir='ltr' id='par_1_1' title="bbox 115 95 1517 148">
     <span class='ocr_line' id='line_1_1' title="bbox 115 95 1517 148; baseline -0.005 -11"><span class='ocrx_word' id='word_1_1' title='bbox 115 105 168 148; x_wconf 89' lang='lat'>70</span> <span class='ocrx_word' id='word_1_2' title='bbox 283 96 402 138; x_wconf 79' lang='lat' dir='ltr'>THE</span> <span class='ocrx_word' id='word_1_3' title='bbox 434 98 665 137; x_wconf 84' lang='lat' dir='ltr'>MISSION</span> <span class='ocrx_word' id='word_1_4' title='bbox 697 97 768 136; x_wconf 87' lang='lat' dir='ltr'>OF</span> <span class='ocrx_word' id='word_1_5' title='bbox 799 95 1341 145; x_wconf 75' lang='lat' dir='ltr'>CAMPEGGIO,1523-4</span> <span class='ocrx_word' id='word_1_6' title='bbox 1445 105 1517 143; x_wconf 76' lang='lat'>139</span> 
     </span>
    </p>
   </div>
   <div class='ocr_carea' id='block_1_2' title="bbox 116 197 1523 904">
    <p class='ocr_par' dir='ltr' id='par_1_2' title="bbox 116 197 1520 579">
     <span class='ocr_line' id='line_1_2' title="bbox 118 197 1519 252; baseline -0.004 -11"><span class='ocrx_word' id='word_1_7' title='bbox 118 202 238 241; x_wconf 87' lang='lat' dir='ltr'>libere</span> <span class='ocrx_word' id='word_1_8' title='bbox 276 215 439 252; x_wconf 89' lang='lat' dir='ltr'>possum</span> <span class='ocrx_word' id='word_1_9' title='bbox 478 200 708 240; x_wconf 89' lang='lat' dir='ltr'>huiusmodi</span> <span class='ocrx_word' id='word_1_10' title='bbox 746 201 990 250; x_wconf 83' lang='lat' dir='ltr'>corruptelae</span> <span class='ocrx_word' id='word_1_11' title='bbox 1029 197 1105 237; x_wconf 90' lang='lat' dir='ltr'>iam</span> <span class='ocrx_word' id='word_1_12' title='bbox 1146 198 1238 237; x_wconf 87' lang='lat' dir='ltr'>satis</span> <span class='ocrx_word' id='word_1_13' title='bbox 1281 205 1441 237; x_wconf 86' lang='lat' dir='ltr'>cautum</span> <span class='ocrx_word' id='word_1_14' title='bbox 1482 206 1519 236; x_wconf 87' lang='lat' dir='ltr'>et</span> 
     </span>
     <span class='ocr_line' id='line_1_3' title="bbox 117 251 1519 312; baseline -0.004 -16"><span class='ocrx_word' id='word_1_15' title='bbox 117 255 316 308; x_wconf 91' lang='lat' dir='ltr'>provisum</span> <span class='ocrx_word' id='word_1_16' title='bbox 349 269 434 295; x_wconf 88' lang='lat' dir='ltr'>esse</span> <span class='ocrx_word' id='word_1_17' title='bbox 468 262 506 294; x_wconf 89' lang='lat' dir='ltr'>et</span> <span class='ocrx_word' id='word_1_18' title='bbox 535 257 639 307; x_wconf 89' lang='lat' dir='ltr'>leges</span> <span class='ocrx_word' id='word_1_19' title='bbox 669 254 710 293; x_wconf 91' lang='lat' dir='ltr'>in</span> <span class='ocrx_word' id='word_1_20' title='bbox 739 255 813 293; x_wconf 89' lang='lat' dir='ltr'>hac</span> <span class='ocrx_word' id='word_1_21' title='bbox 841 266 882 292; x_wconf 92' lang='lat' dir='ltr'>re</span> <span class='ocrx_word' id='word_1_22' title='bbox 910 254 1053 292; x_wconf 87' lang='lat' dir='ltr'>multas</span> <span class='ocrx_word' id='word_1_23' title='bbox 1083 254 1180 292; x_wconf 88' lang='lat' dir='ltr'>latas</span> <span class='ocrx_word' id='word_1_24' title='bbox 1210 265 1324 301; x_wconf 66' lang='lat' dir='ltr'>esse,</span> <span class='ocrx_word' id='word_1_25' title='bbox 1356 265 1458 312; x_wconf 79' lang='lat' dir='ltr'>quae</span> <span class='ocrx_word' id='word_1_26' title='bbox 1489 251 1519 289; x_wconf 90' lang='lat' dir='ltr'>si</span> 
     </span>
     <span class='ocr_line' id='line_1_4' title="bbox 117 305 1519 356; baseline -0.004 -6"><span class='ocrx_word' id='word_1_27' title='bbox 117 310 314 350; x_wconf 82' lang='lat' dir='ltr'>observari</span> <span class='ocrx_word' id='word_1_28' title='bbox 335 311 573 350; x_wconf 81' lang='lat' dir='ltr'>mandentur</span> <span class='ocrx_word' id='word_1_29' title='bbox 593 317 631 348; x_wconf 91' lang='lat' dir='ltr'>et</span> <span class='ocrx_word' id='word_1_30' title='bbox 651 310 702 349; x_wconf 91' lang='lat' dir='ltr'>ad</span> <span class='ocrx_word' id='word_1_31' title='bbox 722 308 763 348; x_wconf 89' lang='lat' dir='ltr'>id</span> <span class='ocrx_word' id='word_1_32' title='bbox 785 322 859 356; x_wconf 89' lang='lat' dir='ltr'>me,</span> <span class='ocrx_word' id='word_1_33' title='bbox 882 307 1090 347; x_wconf 89' lang='lat' dir='ltr'>sufficienti</span> <span class='ocrx_word' id='word_1_34' title='bbox 1114 308 1300 346; x_wconf 78' lang='lat' dir='ltr'>facultate</span> <span class='ocrx_word' id='word_1_35' title='bbox 1322 305 1519 345; x_wconf 88' lang='lat' dir='ltr'>munitum</span> 
     </span>
     <span class='ocr_line' id='line_1_5' title="bbox 117 360 1520 412; baseline -0.004 -8"><span class='ocrx_word' id='word_1_36' title='bbox 117 364 352 412; x_wconf 89' lang='lat' dir='ltr'>vocaverint,</span> <span class='ocrx_word' id='word_1_37' title='bbox 376 364 506 404; x_wconf 90' lang='lat' dir='ltr'>statim</span> <span class='ocrx_word' id='word_1_38' title='bbox 534 363 669 403; x_wconf 80' lang='lat' dir='ltr'>onmia</span> <span class='ocrx_word' id='word_1_39' title='bbox 694 363 837 402; x_wconf 90' lang='lat' dir='ltr'>fuerint</span> <span class='ocrx_word' id='word_1_40' title='bbox 857 362 1046 402; x_wconf 86' lang='lat' dir='ltr'>restituta.</span> <span class='ocrx_word' id='word_1_41' title='bbox 1104 363 1208 400; x_wconf 90' lang='lat' dir='ltr'>Tota</span> <span class='ocrx_word' id='word_1_42' title='bbox 1234 361 1309 400; x_wconf 89' lang='lat' dir='ltr'>nisi</span> <span class='ocrx_word' id='word_1_43' title='bbox 1329 360 1445 400; x_wconf 92' lang='lat' dir='ltr'>huius</span> <span class='ocrx_word' id='word_1_44' title='bbox 1466 360 1520 399; x_wconf 91' lang='lat' dir='ltr'>rei</span> 
     </span>
     <span class='ocr_line' id='line_1_6' title="bbox 117 416 1519 469; baseline -0.004 -11"><span class='ocrx_word' id='word_1_45' title='bbox 117 419 215 458; x_wconf 92' lang='lat' dir='ltr'>ratio</span> <span class='ocrx_word' id='word_1_46' title='bbox 236 418 276 458; x_wconf 89' lang='lat' dir='ltr'>in</span> <span class='ocrx_word' id='word_1_47' title='bbox 297 420 374 458; x_wconf 91' lang='lat' dir='ltr'>hoc</span> <span class='ocrx_word' id='word_1_48' title='bbox 395 419 468 458; x_wconf 89' lang='lat' dir='ltr'>sita</span> <span class='ocrx_word' id='word_1_49' title='bbox 488 426 546 458; x_wconf 90' lang='lat' dir='ltr'>est</span> <span class='ocrx_word' id='word_1_50' title='bbox 565 434 571 458; x_wconf 93' lang='lat'>:</span> <span class='ocrx_word' id='word_1_51' title='bbox 608 426 661 465; x_wconf 86' lang='lat' dir='ltr'>ut,</span> <span class='ocrx_word' id='word_1_52' title='bbox 685 431 786 469; x_wconf 90' lang='lat' dir='ltr'>quae</span> <span class='ocrx_word' id='word_1_53' title='bbox 807 418 1021 456; x_wconf 87' lang='lat' dir='ltr'>commode</span> <span class='ocrx_word' id='word_1_54' title='bbox 1042 416 1257 455; x_wconf 90' lang='lat' dir='ltr'>adinventa</span> <span class='ocrx_word' id='word_1_55' title='bbox 1283 423 1322 455; x_wconf 92' lang='lat' dir='ltr'>et</span> <span class='ocrx_word' id='word_1_56' title='bbox 1343 423 1447 454; x_wconf 89' lang='lat' dir='ltr'>recte</span> <span class='ocrx_word' id='word_1_57' title='bbox 1468 416 1519 454; x_wconf 89' lang='lat' dir='ltr'>ad</span> 
     </span>
     <span class='ocr_line' id='line_1_7' title="bbox 117 470 1518 525; baseline -0.003 -13"><span class='ocrx_word' id='word_1_58' title='bbox 117 487 255 525; x_wconf 87' lang='lat' dir='ltr'>pacem</span> <span class='ocrx_word' id='word_1_59' title='bbox 287 481 325 512; x_wconf 92' lang='lat' dir='ltr'>et</span> <span class='ocrx_word' id='word_1_60' title='bbox 354 473 544 512; x_wconf 89' lang='lat' dir='ltr'>unionem</span> <span class='ocrx_word' id='word_1_61' title='bbox 572 472 887 513; x_wconf 87' lang='lat' dir='ltr'>Christianorum</span> <span class='ocrx_word' id='word_1_62' title='bbox 909 470 1128 522; x_wconf 83' lang='lat' dir='ltr'>excogitata</span> <span class='ocrx_word' id='word_1_63' title='bbox 1152 478 1190 509; x_wconf 90' lang='lat' dir='ltr'>et</span> <span class='ocrx_word' id='word_1_64' title='bbox 1211 470 1317 510; x_wconf 90' lang='lat' dir='ltr'>edita</span> <span class='ocrx_word' id='word_1_65' title='bbox 1337 477 1440 517; x_wconf 87' lang='lat' dir='ltr'>sunt,</span> <span class='ocrx_word' id='word_1_66' title='bbox 1462 483 1518 516; x_wconf 86' lang='lat' dir='ltr'>ea,</span> 
     </span>
     <span class='ocr_line' id='line_1_8' title="bbox 116 527 1032 579; baseline -0.003 -12"><span class='ocrx_word' id='word_1_67' title='bbox 116 528 290 579; x_wconf 90' lang='lat' dir='ltr'>inquam,</span> <span class='ocrx_word' id='word_1_68' title='bbox 314 527 448 567; x_wconf 85' lang='lat' dir='ltr'>onmia</span> <span class='ocrx_word' id='word_1_69' title='bbox 468 527 741 566; x_wconf 82' lang='lat' dir='ltr'>custodiantur</span> <span class='ocrx_word' id='word_1_70' title='bbox 761 534 799 564; x_wconf 87' lang='lat' dir='ltr'>et</span> <span class='ocrx_word' id='word_1_71' title='bbox 820 533 1032 564; x_wconf 89' lang='lat' dir='ltr'>serventur.</span> 
     </span>
    </p>

    <p class='ocr_par' dir='ltr' id='par_1_3' title="bbox 116 579 1523 904">
     <span class='ocr_line' id='line_1_9' title="bbox 173 579 1521 633; baseline -0.004 -12"><span class='ocrx_word' id='word_1_72' title='bbox 173 591 225 633; x_wconf 88' lang='lat'><strong>50.</strong></span> <span class='ocrx_word' id='word_1_73' title='bbox 259 583 405 632; x_wconf 85' lang='lat' dir='ltr'>Quoad</span> <span class='ocrx_word' id='word_1_74' title='bbox 436 581 638 620; x_wconf 89' lang='lat' dir='ltr'>materiam</span> <span class='ocrx_word' id='word_1_75' title='bbox 668 580 950 632; x_wconf 83' lang='lat' dir='ltr'>gravaminum,</span> <span class='ocrx_word' id='word_1_76' title='bbox 983 580 1080 618; x_wconf 91' lang='lat' dir='ltr'>illud</span> <span class='ocrx_word' id='word_1_77' title='bbox 1111 579 1218 618; x_wconf 88' lang='lat' dir='ltr'>idern</span> <span class='ocrx_word' id='word_1_78' title='bbox 1240 579 1332 619; x_wconf 92' lang='lat' dir='ltr'>dico</span> <span class='ocrx_word' id='word_1_79' title='bbox 1353 579 1462 629; x_wconf 88' lang='lat' dir='ltr'>quod</span> <span class='ocrx_word' id='word_1_80' title='bbox 1483 586 1521 617; x_wconf 91' lang='lat' dir='ltr'>et</span> 
     </span>
     <span class='ocr_line' id='line_1_10' title="bbox 116 633 1522 686; baseline -0.003 -11"><span class='ocrx_word' id='word_1_81' title='bbox 116 636 211 676; x_wconf 87' lang='lat' dir='ltr'>alias</span> <span class='ocrx_word' id='word_1_82' title='bbox 239 665 248 674; x_wconf 93' lang='lat'><strong>.</strong></span> <span class='ocrx_word' id='word_1_83' title='bbox 277 667 284 674; x_wconf 95' lang='lat'><strong>.</strong></span> <span class='ocrx_word' id='word_1_84' title='bbox 315 665 323 674; x_wconf 92' lang='lat'><strong>.</strong></span> <span class='ocrx_word' id='word_1_85' title='bbox 353 635 551 686; x_wconf 85' lang='lat' dir='ltr'>respondi,</span> <span class='ocrx_word' id='word_1_86' title='bbox 585 635 681 673; x_wconf 90' lang='lat' dir='ltr'>mihi</span> <span class='ocrx_word' id='word_1_87' title='bbox 716 634 839 686; x_wconf 89' lang='lat' dir='ltr'>magis</span> <span class='ocrx_word' id='word_1_88' title='bbox 871 636 1025 685; x_wconf 88' lang='lat' dir='ltr'>placere</span> <span class='ocrx_word' id='word_1_89' title='bbox 1055 641 1097 672; x_wconf 91' lang='lat' dir='ltr'>ut</span> <span class='ocrx_word' id='word_1_90' title='bbox 1128 633 1290 673; x_wconf 89' lang='lat' dir='ltr'>materia</span> <span class='ocrx_word' id='word_1_91' title='bbox 1324 635 1423 672; x_wconf 90' lang='lat' dir='ltr'>haec</span> <span class='ocrx_word' id='word_1_92' title='bbox 1454 646 1522 683; x_wconf 88' lang='lat' dir='ltr'>per</span> 
     </span>
     <span class='ocr_line' id='line_1_11' title="bbox 118 688 1520 740; baseline -0.004 -10"><span class='ocrx_word' id='word_1_93' title='bbox 118 698 290 730; x_wconf 88' lang='lat' dir='ltr'>oratores</span> <span class='ocrx_word' id='word_1_94' title='bbox 321 690 495 729; x_wconf 88' lang='lat' dir='ltr'>eruditos</span> <span class='ocrx_word' id='word_1_95' title='bbox 528 697 567 728; x_wconf 91' lang='lat' dir='ltr'>et</span> <span class='ocrx_word' id='word_1_96' title='bbox 598 690 699 728; x_wconf 90' lang='lat' dir='ltr'>bene</span> <span class='ocrx_word' id='word_1_97' title='bbox 729 689 940 728; x_wconf 88' lang='lat' dir='ltr'>instructos</span> <span class='ocrx_word' id='word_1_98' title='bbox 970 689 1077 740; x_wconf 89' lang='lat' dir='ltr'>apud</span> <span class='ocrx_word' id='word_1_99' title='bbox 1108 690 1212 728; x_wconf 90' lang='lat' dir='ltr'><strong>S.D.</strong></span> <span class='ocrx_word' id='word_1_100' title='bbox 1233 689 1283 727; x_wconf 92' lang='lat' dir='ltr'>N.</span> <span class='ocrx_word' id='word_1_101' title='bbox 1308 696 1346 726; x_wconf 90' lang='lat' dir='ltr'>et</span> <span class='ocrx_word' id='word_1_102' title='bbox 1376 688 1520 726; x_wconf 89' lang='lat' dir='ltr'>Sedem</span> 
     </span>
     <span class='ocr_line' id='line_1_12' title="bbox 117 741 1523 803; baseline -0.004 -19"><span class='ocrx_word' id='word_1_103' title='bbox 117 744 389 796; x_wconf 89' lang='lat' dir='ltr'>Apostolicam</span> <span class='ocrx_word' id='word_1_104' title='bbox 421 751 671 783; x_wconf 89' lang='lat' dir='ltr'>tractaretur.</span> <span class='ocrx_word' id='word_1_105' title='bbox 707 743 827 794; x_wconf 90' lang='lat' dir='ltr'>idque</span> <span class='ocrx_word' id='word_1_106' title='bbox 858 751 937 782; x_wconf 91' lang='lat' dir='ltr'>tam</span> <span class='ocrx_word' id='word_1_107' title='bbox 969 756 1040 794; x_wconf 91' lang='lat' dir='ltr'>pro</span> <span class='ocrx_word' id='word_1_108' title='bbox 1070 742 1261 803; x_wconf 75' lang='lat' dir='ltr'>dignitate</span> <span class='ocrx_word' id='word_1_109' title='bbox 1283 741 1395 781; x_wconf 89' lang='lat' dir='ltr'>Sedis</span> <span class='ocrx_word' id='word_1_110' title='bbox 1417 755 1523 792; x_wconf 90' lang='lat' dir='ltr'>prae-</span> 
     </span>
     <span class='ocr_line' id='line_1_13' title="bbox 117 796 1523 859; baseline -0.004 -21"><span class='ocrx_word' id='word_1_111' title='bbox 117 801 219 838; x_wconf 87' lang='lat' dir='ltr'>fatae</span> <span class='ocrx_word' id='word_1_112' title='bbox 249 812 368 859; x_wconf 90' lang='lat' dir='ltr'>quam</span> <span class='ocrx_word' id='word_1_113' title='bbox 399 800 435 838; x_wconf 90' lang='lat' dir='ltr'>S.</span> <span class='ocrx_word' id='word_1_114' title='bbox 456 800 504 837; x_wconf 90' lang='lat' dir='ltr'>R.</span> <span class='ocrx_word' id='word_1_115' title='bbox 525 800 570 846; x_wconf 94' lang='lat' dir='ltr'>I.,</span> <span class='ocrx_word' id='word_1_116' title='bbox 592 812 615 837; x_wconf 91' lang='lat' dir='ltr'>a</span> <span class='ocrx_word' id='word_1_117' title='bbox 644 797 788 859; x_wconf 89' lang='lat' dir='ltr'>quibus</span> <span class='ocrx_word' id='word_1_118' title='bbox 819 797 936 836; x_wconf 90' lang='lat' dir='ltr'>etiam</span> <span class='ocrx_word' id='word_1_119' title='bbox 972 798 1084 848; x_wconf 87' lang='lat' dir='ltr'>plura</span> <span class='ocrx_word' id='word_1_120' title='bbox 1118 796 1361 857; x_wconf 83' lang='lat' dir='ltr'>impetraturi</span> <span class='ocrx_word' id='word_1_121' title='bbox 1391 802 1523 834; x_wconf 83' lang='lat' dir='ltr'>essent</span> 
     </span>
     <span class='ocr_line' id='line_1_14' title="bbox 118 849 1522 904; baseline -0.003 -12"><span class='ocrx_word' id='word_1_122' title='bbox 118 867 237 904; x_wconf 90' lang='lat' dir='ltr'>quam</span> <span class='ocrx_word' id='word_1_123' title='bbox 258 853 299 892; x_wconf 92' lang='lat' dir='ltr'>in</span> <span class='ocrx_word' id='word_1_124' title='bbox 320 854 533 892; x_wconf 90' lang='lat' dir='ltr'>multorum</span> <span class='ocrx_word' id='word_1_125' title='bbox 551 852 739 903; x_wconf 92' lang='lat' dir='ltr'>opinione</span> <span class='ocrx_word' id='word_1_126' title='bbox 754 853 907 891; x_wconf 82' lang='lat' dir='ltr'>cadant.</span> <span class='ocrx_word' id='word_1_127' title='bbox 960 850 1244 899; x_wconf 87' lang='lat' dir='ltr'>Nihilominus,</span> <span class='ocrx_word' id='word_1_128' title='bbox 1268 850 1298 889; x_wconf 87' lang='lat' dir='ltr'>si</span> <span class='ocrx_word' id='word_1_129' title='bbox 1314 849 1522 889; x_wconf 89' lang='lat' dir='ltr'>maluerint</span> 
     </span>
    </p>
   </div>
   <div class='ocr_carea' id='block_1_3' title="bbox 118 903 1525 1056">
    <p class='ocr_par' dir='ltr' id='par_1_4' title="bbox 118 903 1525 1056">
     <span class='ocr_line' id='line_1_15' title="bbox 118 903 1525 956; baseline -0.004 -9"><span class='ocrx_word' id='word_1_130' title='bbox 118 909 245 947; x_wconf 88' lang='lat' dir='ltr'>hance</span> <span class='ocrx_word' id='word_1_131' title='bbox 274 921 356 947; x_wconf 92' lang='lat' dir='ltr'>rem</span> <span class='ocrx_word' id='word_1_132' title='bbox 387 921 543 947; x_wconf 88' lang='lat' dir='ltr'>mecum</span> <span class='ocrx_word' id='word_1_133' title='bbox 574 914 739 946; x_wconf 90' lang='lat' dir='ltr'>tractare</span> <span class='ocrx_word' id='word_1_134' title='bbox 767 938 773 945; x_wconf 93' lang='lat'><strong>.</strong></span> <span class='ocrx_word' id='word_1_135' title='bbox 803 919 940 956; x_wconf 83' lang='lat' dir='ltr'>..ego</span> <span class='ocrx_word' id='word_1_136' title='bbox 970 919 1034 944; x_wconf 91' lang='lat' dir='ltr'>me</span> <span class='ocrx_word' id='word_1_137' title='bbox 1063 905 1185 944; x_wconf 85' lang='lat' dir='ltr'>offero</span> <span class='ocrx_word' id='word_1_138' title='bbox 1215 904 1386 956; x_wconf 89' lang='lat' dir='ltr'>benigne</span> <span class='ocrx_word' id='word_1_139' title='bbox 1416 903 1525 943; x_wconf 89' lang='lat' dir='ltr'>audi-</span> 
     </span>
     <span class='ocr_line' id='line_1_16' title="bbox 119 959 1461 1013; baseline -0.003 -12"><span class='ocrx_word' id='word_1_140' title='bbox 119 970 249 1001; x_wconf 92' lang='lat' dir='ltr'>turum</span> <span class='ocrx_word' id='word_1_141' title='bbox 279 961 423 1010; x_wconf 88' lang='lat' dir='ltr'>omnia,</span> <span class='ocrx_word' id='word_1_142' title='bbox 455 975 501 1000; x_wconf 89' lang='lat' dir='ltr'>ac</span> <span class='ocrx_word' id='word_1_143' title='bbox 527 992 533 999; x_wconf 90' lang='lat'><strong>.</strong></span> <span class='ocrx_word' id='word_1_144' title='bbox 562 991 569 999; x_wconf 94' lang='lat'><strong>.</strong></span> <span class='ocrx_word' id='word_1_145' title='bbox 595 992 602 999; x_wconf 92' lang='lat'><strong>.</strong></span> <span class='ocrx_word' id='word_1_146' title='bbox 627 974 888 1013; x_wconf 87' lang='lat' dir='ltr'>quaecunque</span> <span class='ocrx_word' id='word_1_147' title='bbox 918 959 1091 999; x_wconf 87' lang='lat' dir='ltr'>fuerint.</span> <span class='ocrx_word' id='word_1_148' title='bbox 1144 960 1461 1007; x_wconf 81' lang='lat' dir='ltr'>‚reformanda,.</span> 
     </span>
     <span class='ocr_line' id='line_1_17' title="bbox 118 1017 429 1056; baseline 0 -2"><span class='ocrx_word' id='word_1_149' title='bbox 118 1017 429 1056; x_wconf 89' lang='lat' dir='ltr'>reformaturum.</span> 
     </span>
    </p>
   </div>
   <div class='ocr_carea' id='block_1_4' title="bbox 121 1070 1526 1610">
    <p class='ocr_par' dir='ltr' id='par_1_5' title="bbox 175 1070 690 1120">
     <span class='ocr_line' id='line_1_18' title="bbox 175 1070 690 1120; baseline -0.004 -11"><span class='ocrx_word' id='word_1_150' title='bbox 175 1070 233 1120; x_wconf 79' lang='lat'>(2)</span> <span class='ocrx_word' id='word_1_151' title='bbox 264 1072 450 1109; x_wconf 79' lang='lat' dir='ltr'>Eiusdem</span> <span class='ocrx_word' id='word_1_152' title='bbox 467 1071 690 1119; x_wconf 73' lang='lat' dir='ltr'>Replicatio.</span> 
     </span>
    </p>

    <p class='ocr_par' dir='ltr' id='par_1_6' title="bbox 121 1123 1526 1610">
     <span class='ocr_line' id='line_1_19' title="bbox 174 1123 1523 1175; baseline -0.001 -13"><span class='ocrx_word' id='word_1_153' title='bbox 174 1126 271 1164; x_wconf 89' lang='lat' dir='ltr'>Viso</span> <span class='ocrx_word' id='word_1_154' title='bbox 310 1125 483 1175; x_wconf 86' lang='lat' dir='ltr'>capitulo</span> <span class='ocrx_word' id='word_1_155' title='bbox 522 1132 786 1163; x_wconf 85' lang='lat' dir='ltr'>concernente</span> <span class='ocrx_word' id='word_1_156' title='bbox 835 1123 1036 1162; x_wconf 87' lang='lat' dir='ltr'>materiam</span> <span class='ocrx_word' id='word_1_157' title='bbox 1084 1136 1274 1161; x_wconf 87' lang='lat' dir='ltr'>novarum</span> <span class='ocrx_word' id='word_1_158' title='bbox 1316 1124 1523 1161; x_wconf 83' lang='lat' dir='ltr'>haeresum</span> 
     </span>
     <span class='ocr_line' id='line_1_20' title="bbox 122 1177 1525 1229; baseline -0.003 -11"><span class='ocrx_word' id='word_1_159' title='bbox 122 1179 249 1218; x_wconf 87' lang='lat' dir='ltr'>Nobis</span> <span class='ocrx_word' id='word_1_160' title='bbox 271 1192 339 1229; x_wconf 90' lang='lat' dir='ltr'>per</span> <span class='ocrx_word' id='word_1_161' title='bbox 360 1181 397 1218; x_wconf 89' lang='lat' dir='ltr'>S.</span> <span class='ocrx_word' id='word_1_162' title='bbox 416 1181 461 1217; x_wconf 89' lang='lat' dir='ltr'>R.</span> <span class='ocrx_word' id='word_1_163' title='bbox 481 1180 512 1217; x_wconf 90' lang='lat' dir='ltr'><strong>I.</strong></span> <span class='ocrx_word' id='word_1_164' title='bbox 534 1179 745 1228; x_wconf 86' lang='lat' dir='ltr'>deputatos</span> <span class='ocrx_word' id='word_1_165' title='bbox 768 1178 908 1216; x_wconf 86' lang='lat' dir='ltr'>ultimo</span> <span class='ocrx_word' id='word_1_166' title='bbox 930 1179 1018 1216; x_wconf 91' lang='lat' dir='ltr'>loco</span> <span class='ocrx_word' id='word_1_167' title='bbox 1033 1177 1209 1216; x_wconf 82' lang='lat' dir='ltr'>exhibito</span> <span class='ocrx_word' id='word_1_168' title='bbox 1222 1191 1279 1224; x_wconf 87' lang='lat' dir='ltr'>ac,</span> <span class='ocrx_word' id='word_1_169' title='bbox 1296 1184 1338 1215; x_wconf 93' lang='lat' dir='ltr'>ut</span> <span class='ocrx_word' id='word_1_170' title='bbox 1353 1190 1525 1215; x_wconf 84' lang='lat' dir='ltr'>asserue-</span> 
     </span>
     <span class='ocr_line' id='line_1_21' title="bbox 121 1232 1525 1284; baseline -0.003 -12"><span class='ocrx_word' id='word_1_171' title='bbox 121 1241 221 1281; x_wconf 90' lang='lat' dir='ltr'>runt,</span> <span class='ocrx_word' id='word_1_172' title='bbox 268 1247 337 1284; x_wconf 90' lang='lat' dir='ltr'>per</span> <span class='ocrx_word' id='word_1_173' title='bbox 384 1246 452 1272; x_wconf 84' lang='lat' dir='ltr'>eos</span> <span class='ocrx_word' id='word_1_174' title='bbox 500 1234 700 1279; x_wconf 87' lang='lat' dir='ltr'>concluso,</span> <span class='ocrx_word' id='word_1_175' title='bbox 743 1232 911 1271; x_wconf 87' lang='lat' dir='ltr'>dicimus</span> <span class='ocrx_word' id='word_1_176' title='bbox 951 1240 989 1271; x_wconf 89' lang='lat' dir='ltr'>et</span> <span class='ocrx_word' id='word_1_177' title='bbox 1035 1233 1322 1281; x_wconf 82' lang='lat' dir='ltr'>respondemus</span> <span class='ocrx_word' id='word_1_178' title='bbox 1369 1238 1525 1269; x_wconf 87' lang='lat' dir='ltr'>nostrae</span> 
     </span>
     <span class='ocr_line' id='line_1_22' title="bbox 122 1285 1526 1337; baseline -0.001 -12"><span class='ocrx_word' id='word_1_179' title='bbox 122 1287 350 1327; x_wconf 85' lang='lat' dir='ltr'>intentionis</span> <span class='ocrx_word' id='word_1_180' title='bbox 372 1301 458 1327; x_wconf 87' lang='lat' dir='ltr'>esse</span> <span class='ocrx_word' id='word_1_181' title='bbox 480 1289 588 1326; x_wconf 86' lang='lat' dir='ltr'>nullo</span> <span class='ocrx_word' id='word_1_182' title='bbox 609 1294 737 1337; x_wconf 78' lang='lat' dir='ltr'>pacto,</span> <span class='ocrx_word' id='word_1_183' title='bbox 760 1287 862 1325; x_wconf 86' lang='lat' dir='ltr'>circa</span> <span class='ocrx_word' id='word_1_184' title='bbox 890 1286 1061 1326; x_wconf 90' lang='lat' dir='ltr'>Concilii</span> <span class='ocrx_word' id='word_1_185' title='bbox 1085 1285 1289 1324; x_wconf 83' lang='lat' dir='ltr'>Generalis</span> <span class='ocrx_word' id='word_1_186' title='bbox 1317 1298 1526 1336; x_wconf 83' lang='lat' dir='ltr'>congrega-</span> 
     </span>
     <span class='ocr_line' id='line_1_23' title="bbox 123 1339 1526 1391; baseline -0.003 -10"><span class='ocrx_word' id='word_1_187' title='bbox 123 1341 271 1381; x_wconf 87' lang='lat' dir='ltr'>tionem</span> <span class='ocrx_word' id='word_1_188' title='bbox 307 1349 345 1380; x_wconf 90' lang='lat' dir='ltr'>et</span> <span class='ocrx_word' id='word_1_189' title='bbox 376 1355 632 1381; x_wconf 87' lang='lat' dir='ltr'>communem</span> <span class='ocrx_word' id='word_1_190' title='bbox 662 1341 1009 1391; x_wconf 82' lang='lat' dir='ltr'>congregationem</span> <span class='ocrx_word' id='word_1_191' title='bbox 1045 1340 1306 1379; x_wconf 84' lang='lat' dir='ltr'>Germanicae</span> <span class='ocrx_word' id='word_1_192' title='bbox 1343 1339 1526 1378; x_wconf 73' lang='lat' dir='ltr'>Nationis</span> 
     </span>
     <span class='ocr_line' id='line_1_24' title="bbox 122 1393 1525 1446; baseline -0.003 -11"><span class='ocrx_word' id='word_1_193' title='bbox 122 1397 172 1435; x_wconf 88' lang='lat' dir='ltr'>ad</span> <span class='ocrx_word' id='word_1_194' title='bbox 211 1396 317 1435; x_wconf 89' lang='lat' dir='ltr'>diem</span> <span class='ocrx_word' id='word_1_195' title='bbox 363 1396 450 1434; x_wconf 91' lang='lat' dir='ltr'>l)ivi</span> <span class='ocrx_word' id='word_1_196' title='bbox 491 1395 651 1434; x_wconf 81' lang='lat' dir='ltr'>Martini</span> <span class='ocrx_word' id='word_1_197' title='bbox 691 1395 866 1446; x_wconf 83' lang='lat' dir='ltr'>proxime</span> <span class='ocrx_word' id='word_1_198' title='bbox 907 1394 1022 1434; x_wconf 90' lang='lat' dir='ltr'>futuri</span> <span class='ocrx_word' id='word_1_199' title='bbox 1064 1395 1103 1433; x_wconf 93' lang='lat' dir='ltr'>in</span> <span class='ocrx_word' id='word_1_200' title='bbox 1151 1394 1306 1433; x_wconf 81' lang='lat' dir='ltr'>civitate</span> <span class='ocrx_word' id='word_1_201' title='bbox 1353 1393 1525 1445; x_wconf 86' lang='lat' dir='ltr'>Spirensi</span> 
     </span>
     <span class='ocr_line' id='line_1_25' title="bbox 124 1448 1525 1502; baseline -0.003 -14"><span class='ocrx_word' id='word_1_202' title='bbox 124 1451 306 1498; x_wconf 84' lang='lat' dir='ltr'>fiendam,</span> <span class='ocrx_word' id='word_1_203' title='bbox 340 1450 553 1502; x_wconf 86' lang='lat' dir='ltr'>quicquam</span> <span class='ocrx_word' id='word_1_204' title='bbox 584 1449 770 1501; x_wconf 73' lang='lat' dir='ltr'>polliceri,</span> <span class='ocrx_word' id='word_1_205' title='bbox 799 1449 987 1489; x_wconf 85' lang='lat' dir='ltr'>assentire</span> <span class='ocrx_word' id='word_1_206' title='bbox 1018 1450 1076 1488; x_wconf 81' lang='lat' dir='ltr'>vel</span> <span class='ocrx_word' id='word_1_207' title='bbox 1109 1448 1331 1487; x_wconf 76' lang='lat' dir='ltr'>consentire</span> <span class='ocrx_word' id='word_1_208' title='bbox 1363 1450 1462 1487; x_wconf 88' lang='lat' dir='ltr'>ultra</span> <span class='ocrx_word' id='word_1_209' title='bbox 1490 1456 1525 1486; x_wconf 81' lang='lat' dir='ltr'>et</span> 
     </span>
     <span class='ocr_line' id='line_1_26' title="bbox 124 1502 1526 1554; baseline -0.004 -10"><span class='ocrx_word' id='word_1_210' title='bbox 124 1513 274 1554; x_wconf 78' lang='lat' dir='ltr'>praeter</span> <span class='ocrx_word' id='word_1_211' title='bbox 304 1513 480 1544; x_wconf 89' lang='lat' dir='ltr'>tenorem</span> <span class='ocrx_word' id='word_1_212' title='bbox 511 1518 647 1543; x_wconf 88' lang='lat' dir='ltr'>eorum</span> <span class='ocrx_word' id='word_1_213' title='bbox 678 1517 779 1554; x_wconf 84' lang='lat' dir='ltr'>quae</span> <span class='ocrx_word' id='word_1_214' title='bbox 810 1518 877 1554; x_wconf 83' lang='lat' dir='ltr'>per</span> <span class='ocrx_word' id='word_1_215' title='bbox 908 1506 993 1543; x_wconf 84' lang='lat' dir='ltr'>Nos</span> <span class='ocrx_word' id='word_1_216' title='bbox 1015 1503 1130 1542; x_wconf 81' lang='lat' dir='ltr'>dictis</span> <span class='ocrx_word' id='word_1_217' title='bbox 1153 1506 1188 1542; x_wconf 90' lang='lat' dir='ltr'>S.</span> <span class='ocrx_word' id='word_1_218' title='bbox 1210 1505 1255 1541; x_wconf 80' lang='lat' dir='ltr'><strong>R.</strong></span> <span class='ocrx_word' id='word_1_219' title='bbox 1274 1505 1303 1541; x_wconf 91' lang='grc' dir='ltr'>Ι.</span> <span class='ocrx_word' id='word_1_220' title='bbox 1328 1502 1526 1553; x_wconf 66' lang='lat' dir='ltr'>deputatis</span> 
     </span>
     <span class='ocr_line' id='line_1_27' title="bbox 124 1558 821 1610; baseline -0.001 -13"><span class='ocrx_word' id='word_1_221' title='bbox 124 1558 161 1597; x_wconf 91' lang='lat' dir='ltr'>in</span> <span class='ocrx_word' id='word_1_222' title='bbox 184 1559 335 1610; x_wconf 86' lang='lat' dir='ltr'>scriptis</span> <span class='ocrx_word' id='word_1_223' title='bbox 357 1560 448 1598; x_wconf 84' lang='lat' dir='ltr'>data</span> <span class='ocrx_word' id='word_1_224' title='bbox 469 1567 506 1598; x_wconf 88' lang='lat' dir='ltr'>et</span> <span class='ocrx_word' id='word_1_225' title='bbox 527 1558 700 1597; x_wconf 73' lang='lat' dir='ltr'>exhibita</span> <span class='ocrx_word' id='word_1_226' title='bbox 721 1567 821 1597; x_wconf 85' lang='lat' dir='ltr'>sunt.</span> 
     </span>
    </p>
   </div>
   <div class='ocr_carea' id='block_1_5' title="bbox 185 1645 1463 1747">
    <p class='ocr_par' dir='ltr' id='par_1_7' title="bbox 185 1645 1463 1747">
     <span class='ocr_line' id='line_1_28' title="bbox 185 1645 1463 1747; baseline -0.002 -58"><span class='ocrx_word' id='word_1_227' title='bbox 185 1646 275 1691; x_wconf 89' lang='lat' dir='ltr'>No.</span> <span class='ocrx_word' id='word_1_228' title='bbox 300 1657 358 1700; x_wconf 95' lang='lat'>71.</span> <span class='ocrx_word' id='word_1_229' title='bbox 425 1646 536 1690; x_wconf 88' lang='lat' dir='ltr'>The</span> <span class='ocrx_word' id='word_1_230' title='bbox 568 1646 823 1747; x_wconf 50' lang='lat' dir='ltr'>remecflile³s</span> <span class='ocrx_word' id='word_1_231' title='bbox 855 1646 1055 1689; x_wconf 80' lang='lat' dir='ltr'>desired</span> <span class='ocrx_word' id='word_1_232' title='bbox 1087 1647 1153 1700; x_wconf 89' lang='lat' dir='ltr'>by</span> <span class='ocrx_word' id='word_1_233' title='bbox 1186 1645 1272 1688; x_wconf 89' lang='lat' dir='ltr'>the</span> <span class='ocrx_word' id='word_1_234' title='bbox 1307 1645 1463 1688; x_wconf 83' lang='lat' dir='ltr'>Court</span> 
     </span>
     <span class='ocr_line' id='line_1_29' title="bbox 682 1716 942 1747; baseline 0 -1"><span class='ocrx_word' id='word_1_235' title='bbox 682 1717 711 1746; x_wconf 95' lang='lat' dir='ltr'>o</span> <span class='ocrx_word' id='word_1_236' title='bbox 813 1716 942 1747; x_wconf 86' lang='lat' dir='ltr'>ome.</span> 
     </span>
    </p>
   </div>
   <div class='ocr_carea' id='block_1_6' title="bbox 126 1777 1538 2587">
    <p class='ocr_par' dir='ltr' id='par_1_8' title="bbox 126 1777 1530 1993">
     <span class='ocr_line' id='line_1_30' title="bbox 240 1777 1529 1829; baseline -0.003 -9.911"><span class='ocrx_word' id='word_1_237' title='bbox 240 1782 321 1819; x_wconf 79' lang='lat' dir='ltr'>‚At</span> <span class='ocrx_word' id='word_1_238' title='bbox 342 1779 522 1820; x_wconf 81' lang='lat' dir='ltr'>Pontifex</span> <span class='ocrx_word' id='word_1_239' title='bbox 550 1794 596 1818; x_wconf 90' lang='lat' dir='ltr'>ea</span> <span class='ocrx_word' id='word_1_240' title='bbox 626 1779 722 1818; x_wconf 81' lang='lat' dir='ltr'>scita</span> <span class='ocrx_word' id='word_1_241' title='bbox 750 1779 977 1829; x_wconf 88' lang='lat' dir='ltr'>Principum</span> <span class='ocrx_word' id='word_1_242' title='bbox 1006 1780 1296 1817; x_wconf 79' lang='lat' dir='ltr'>Geimanorum</span> <span class='ocrx_word' id='word_1_243' title='bbox 1317 1777 1529 1827; x_wconf 81' lang='lat' dir='ltr'>aegerrime</span> 
     </span>
     <span class='ocr_line' id='line_1_31' title="bbox 126 1831 1530 1886; baseline -0.003 -13"><span class='ocrx_word' id='word_1_244' title='bbox 126 1834 223 1882; x_wconf 89' lang='lat' dir='ltr'>tulit,</span> <span class='ocrx_word' id='word_1_245' title='bbox 247 1834 467 1886; x_wconf 88' lang='lat' dir='ltr'>intelligens</span> <span class='ocrx_word' id='word_1_246' title='bbox 495 1848 641 1873; x_wconf 89' lang='lat' dir='ltr'>novum</span> <span class='ocrx_word' id='word_1_247' title='bbox 671 1835 720 1872; x_wconf 91' lang='lat' dir='ltr'>de</span> <span class='ocrx_word' id='word_1_248' title='bbox 751 1833 938 1883; x_wconf 83' lang='lat' dir='ltr'>religione</span> <span class='ocrx_word' id='word_1_249' title='bbox 968 1832 1139 1871; x_wconf 84' lang='lat' dir='ltr'>tribunal</span> <span class='ocrx_word' id='word_1_250' title='bbox 1167 1846 1214 1871; x_wconf 90' lang='lat' dir='ltr'>eo</span> <span class='ocrx_word' id='word_1_251' title='bbox 1236 1839 1352 1883; x_wconf 84' lang='lat' dir='ltr'>pacto</span> <span class='ocrx_word' id='word_1_252' title='bbox 1373 1831 1530 1870; x_wconf 84' lang='lat' dir='ltr'>excitari</span> 
     </span>
     <span class='ocr_line' id='line_1_32' title="bbox 126 1885 1530 1939; baseline -0.001 -13"><span class='ocrx_word' id='word_1_253' title='bbox 126 1889 222 1928; x_wconf 86' lang='lat' dir='ltr'>citra</span> <span class='ocrx_word' id='word_1_254' title='bbox 241 1888 362 1939; x_wconf 88' lang='lat' dir='ltr'>ipsius</span> <span class='ocrx_word' id='word_1_255' title='bbox 389 1888 674 1927; x_wconf 87' lang='lat' dir='ltr'>auctoritatem.</span> <span class='ocrx_word' id='word_1_256' title='bbox 734 1887 889 1927; x_wconf 91' lang='lat' dir='ltr'>Idcirco</span> <span class='ocrx_word' id='word_1_257' title='bbox 910 1894 1068 1926; x_wconf 88' lang='lat' dir='ltr'>coetum</span> <span class='ocrx_word' id='word_1_258' title='bbox 1097 1888 1252 1925; x_wconf 90' lang='lat' dir='ltr'>Romae</span> <span class='ocrx_word' id='word_1_259' title='bbox 1274 1885 1440 1936; x_wconf 84' lang='lat' dir='ltr'>collegit,</span> <span class='ocrx_word' id='word_1_260' title='bbox 1464 1886 1530 1937; x_wconf 89' lang='lat' dir='ltr'>qui</span> 
     </span>
     <span class='ocr_line' id='line_1_33' title="bbox 128 1941 1117 1993; baseline -0.001 -12"><span class='ocrx_word' id='word_1_261' title='bbox 128 1943 232 1982; x_wconf 80' lang='lat' dir='ltr'>varia</span> <span class='ocrx_word' id='word_1_262' title='bbox 251 1942 416 1982; x_wconf 86' lang='lat' dir='ltr'>huiusce</span> <span class='ocrx_word' id='word_1_263' title='bbox 437 1942 583 1993; x_wconf 85' lang='lat' dir='ltr'>negotii</span> <span class='ocrx_word' id='word_1_264' title='bbox 604 1942 733 1993; x_wconf 89' lang='lat' dir='ltr'>capita</span> <span class='ocrx_word' id='word_1_265' title='bbox 754 1941 824 1980; x_wconf 89' lang='lat' dir='ltr'>rite</span> <span class='ocrx_word' id='word_1_266' title='bbox 845 1942 1117 1993; x_wconf 87' lang='lat' dir='ltr'>perpenderet.</span> 
     </span>
    </p>

    <p class='ocr_par' dir='ltr' id='par_1_9' title="bbox 129 1995 1536 2587">
     <span class='ocr_line' id='line_1_34' title="bbox 185 1995 1533 2046; baseline -0.004 -10"><span class='ocrx_word' id='word_1_267' title='bbox 185 2011 244 2045; x_wconf 91' lang='lat'>24.</span> <span class='ocrx_word' id='word_1_268' title='bbox 275 1997 478 2036; x_wconf 87' lang='lat' dir='ltr'>Primum:</span> <span class='ocrx_word' id='word_1_269' title='bbox 519 1998 633 2046; x_wconf 88' lang='lat' dir='ltr'>Quae</span> <span class='ocrx_word' id='word_1_270' title='bbox 661 1996 758 2035; x_wconf 91' lang='lat' dir='ltr'>ratio</span> <span class='ocrx_word' id='word_1_271' title='bbox 788 2004 890 2035; x_wconf 86' lang='lat' dir='ltr'>esset</span> <span class='ocrx_word' id='word_1_272' title='bbox 917 1996 1104 2043; x_wconf 82' lang='lat' dir='ltr'>ineunda,</span> <span class='ocrx_word' id='word_1_273' title='bbox 1125 2003 1168 2034; x_wconf 87' lang='lat' dir='ltr'>ut</span> <span class='ocrx_word' id='word_1_274' title='bbox 1194 1995 1338 2034; x_wconf 88' lang='lat' dir='ltr'>Edicto</span> <span class='ocrx_word' id='word_1_275' title='bbox 1360 1996 1407 2031; x_wconf 59' lang='lat' dir='ltr'>w</span> <span class='ocrx_word' id='word_1_276' title='bbox 1409 2008 1533 2033; x_wconf 88' lang='lat' dir='ltr'>orma-</span> 
     </span>
     <span class='ocr_line' id='line_1_35' title="bbox 129 2049 1530 2102; baseline -0.002 -12"><span class='ocrx_word' id='word_1_277' title='bbox 129 2051 244 2091; x_wconf 88' lang='lat' dir='ltr'>tiensi</span> <span class='ocrx_word' id='word_1_278' title='bbox 264 2052 613 2102; x_wconf 89' lang='lat' dir='ltr'>obtemperaretur.</span> <span class='ocrx_word' id='word_1_279' title='bbox 659 2052 940 2102; x_wconf 91' lang='lat' dir='ltr'>Opportunum</span> <span class='ocrx_word' id='word_1_280' title='bbox 957 2051 1007 2089; x_wconf 87' lang='lat' dir='ltr'>ad</span> <span class='ocrx_word' id='word_1_281' title='bbox 1022 2050 1063 2089; x_wconf 91' lang='lat' dir='ltr'>id</span> <span class='ocrx_word' id='word_1_282' title='bbox 1079 2049 1206 2088; x_wconf 90' lang='lat' dir='ltr'>visum</span> <span class='ocrx_word' id='word_1_283' title='bbox 1224 2058 1293 2097; x_wconf 88' lang='lat' dir='ltr'>est,</span> <span class='ocrx_word' id='word_1_284' title='bbox 1312 2063 1335 2088; x_wconf 88' lang='lat' dir='ltr'>a</span> <span class='ocrx_word' id='word_1_285' title='bbox 1348 2049 1530 2095; x_wconf 84' lang='lat' dir='ltr'>Caesare,</span> 
     </span>
     <span class='ocr_line' id='line_1_36' title="bbox 130 2104 1531 2154; baseline -0.003 -9"><span class='ocrx_word' id='word_1_286' title='bbox 130 2105 240 2145; x_wconf 89' lang='lat' dir='ltr'>cuius</span> <span class='ocrx_word' id='word_1_287' title='bbox 274 2107 396 2145; x_wconf 88' lang='lat' dir='ltr'>decus</span> <span class='ocrx_word' id='word_1_288' title='bbox 428 2113 466 2144; x_wconf 91' lang='lat' dir='ltr'>et</span> <span class='ocrx_word' id='word_1_289' title='bbox 499 2105 710 2145; x_wconf 83' lang='lat' dir='ltr'>auctoritas</span> <span class='ocrx_word' id='word_1_290' title='bbox 741 2105 781 2144; x_wconf 91' lang='lat' dir='ltr'>in</span> <span class='ocrx_word' id='word_1_291' title='bbox 815 2119 860 2144; x_wconf 91' lang='lat' dir='ltr'>ea</span> <span class='ocrx_word' id='word_1_292' title='bbox 892 2119 931 2143; x_wconf 92' lang='lat' dir='ltr'>re</span> <span class='ocrx_word' id='word_1_293' title='bbox 961 2104 1137 2154; x_wconf 84' lang='lat' dir='ltr'>agitatur,</span> <span class='ocrx_word' id='word_1_294' title='bbox 1171 2105 1284 2143; x_wconf 81' lang='lat' dir='ltr'>enixe</span> <span class='ocrx_word' id='word_1_295' title='bbox 1314 2104 1531 2154; x_wconf 87' lang='lat' dir='ltr'>petendum</span> 
     </span>
     <span class='ocr_line' id='line_1_37' title="bbox 132 2157 1534 2211; baseline -0.003 -12"><span class='ocrx_word' id='word_1_296' title='bbox 132 2161 327 2211; x_wconf 89' lang='lat' dir='ltr'>simulque</span> <span class='ocrx_word' id='word_1_297' title='bbox 355 2174 378 2199; x_wconf 91' lang='lat' dir='ltr'>a</span> <span class='ocrx_word' id='word_1_298' title='bbox 409 2160 602 2198; x_wconf 88' lang='lat' dir='ltr'>Pontifice</span> <span class='ocrx_word' id='word_1_299' title='bbox 633 2160 772 2199; x_wconf 89' lang='lat' dir='ltr'>sedulo</span> <span class='ocrx_word' id='word_1_300' title='bbox 805 2160 1024 2198; x_wconf 87' lang='lat' dir='ltr'>curandum</span> <span class='ocrx_word' id='word_1_301' title='bbox 1061 2166 1103 2197; x_wconf 91' lang='lat' dir='ltr'>ut</span> <span class='ocrx_word' id='word_1_302' title='bbox 1134 2160 1263 2209; x_wconf 80' lang='lat' dir='ltr'>Reges</span> <span class='ocrx_word' id='word_1_303' title='bbox 1295 2157 1461 2207; x_wconf 87' lang='lat' dir='ltr'>Angliae</span> <span class='ocrx_word' id='word_1_304' title='bbox 1496 2165 1534 2195; x_wconf 85' lang='lat' dir='ltr'>et</span> 
     </span>
     <span class='ocr_line' id='line_1_38' title="bbox 133 2211 1531 2272; baseline -0.004 -19"><span class='ocrx_word' id='word_1_305' title='bbox 133 2213 358 2253; x_wconf 86' lang='lat' dir='ltr'>Lusitaniae</span> <span class='ocrx_word' id='word_1_306' title='bbox 371 2215 423 2253; x_wconf 91' lang='lat' dir='ltr'>ad</span> <span class='ocrx_word' id='word_1_307' title='bbox 440 2215 479 2253; x_wconf 91' lang='lat' dir='ltr'>id</span> <span class='ocrx_word' id='word_1_308' title='bbox 496 2215 779 2264; x_wconf 88' lang='lat' dir='ltr'>compellerent</span> <span class='ocrx_word' id='word_1_309' title='bbox 794 2213 995 2264; x_wconf 84' lang='lat' dir='ltr'>Principes</span> <span class='ocrx_word' id='word_1_310' title='bbox 1011 2227 1058 2251; x_wconf 87' lang='lat' dir='ltr'>ac</span> <span class='ocrx_word' id='word_1_311' title='bbox 1075 2212 1265 2272; x_wconf 80' lang='lat' dir='ltr'>Civitates</span> <span class='ocrx_word' id='word_1_312' title='bbox 1283 2211 1531 2256; x_wconf 81' lang='lat' dir='ltr'>Germaniae,</span> 
     </span>
     <span class='ocr_line' id='line_1_39' title="bbox 132 2265 1534 2327; baseline -0.003 -21"><span class='ocrx_word' id='word_1_313' title='bbox 132 2267 295 2307; x_wconf 87' lang='lat' dir='ltr'>adiectis</span> <span class='ocrx_word' id='word_1_314' title='bbox 316 2268 434 2307; x_wconf 89' lang='lat' dir='ltr'>etiarn</span> <span class='ocrx_word' id='word_1_315' title='bbox 457 2268 572 2306; x_wconf 87' lang='lat' dir='ltr'>minis</span> <span class='ocrx_word' id='word_1_316' title='bbox 589 2267 813 2327; x_wconf 80' lang='lat' dir='ltr'>denegandi</span> <span class='ocrx_word' id='word_1_317' title='bbox 830 2268 1068 2306; x_wconf 86' lang='lat' dir='ltr'>commercia</span> <span class='ocrx_word' id='word_1_318' title='bbox 1090 2266 1169 2305; x_wconf 89' lang='lat' dir='ltr'>suis</span> <span class='ocrx_word' id='word_1_319' title='bbox 1190 2266 1230 2304; x_wconf 91' lang='lat' dir='ltr'>in</span> <span class='ocrx_word' id='word_1_320' title='bbox 1247 2265 1374 2316; x_wconf 84' lang='lat' dir='ltr'>regnis</span> <span class='ocrx_word' id='word_1_321' title='bbox 1392 2278 1534 2303; x_wconf 85' lang='lat' dir='ltr'>merca</span> 
     </span>
     <span class='ocr_line' id='line_1_40' title="bbox 133 2318 1535 2372; baseline -0.003 -13"><span class='ocrx_word' id='word_1_322' title='bbox 133 2322 283 2361; x_wconf 87' lang='lat' dir='ltr'>toribus</span> <span class='ocrx_word' id='word_1_323' title='bbox 300 2322 595 2360; x_wconf 85' lang='lat' dir='ltr'>contumacium</span> <span class='ocrx_word' id='word_1_324' title='bbox 613 2322 828 2372; x_wconf 88' lang='lat' dir='ltr'>regionum,</span> <span class='ocrx_word' id='word_1_325' title='bbox 850 2329 1051 2371; x_wconf 87' lang='lat' dir='ltr'>tamquam</span> <span class='ocrx_word' id='word_1_326' title='bbox 1073 2320 1224 2359; x_wconf 86' lang='lat' dir='ltr'>haeresi</span> <span class='ocrx_word' id='word_1_327' title='bbox 1246 2318 1535 2358; x_wconf 72' lang='lat' dir='ltr'>contaminatis.</span> 
     </span>
     <span class='ocr_line' id='line_1_41' title="bbox 136 2373 1533 2433; baseline -0.003 -20"><span class='ocrx_word' id='word_1_328' title='bbox 136 2376 225 2414; x_wconf 90' lang='lat' dir='ltr'>Fuit</span> <span class='ocrx_word' id='word_1_329' title='bbox 254 2376 294 2415; x_wconf 94' lang='lat' dir='ltr'>id</span> <span class='ocrx_word' id='word_1_330' title='bbox 324 2376 445 2427; x_wconf 81' lang='lat' dir='ltr'>ipsius</span> <span class='ocrx_word' id='word_1_331' title='bbox 480 2375 682 2414; x_wconf 90' lang='lat' dir='ltr'>Pontificis</span> <span class='ocrx_word' id='word_1_332' title='bbox 718 2375 951 2414; x_wconf 86' lang='lat' dir='ltr'>consilium:</span> <span class='ocrx_word' id='word_1_333' title='bbox 987 2388 1078 2413; x_wconf 81' lang='lat' dir='ltr'>nam</span> <span class='ocrx_word' id='word_1_334' title='bbox 1111 2382 1262 2425; x_wconf 85' lang='lat' dir='ltr'>praeter</span> <span class='ocrx_word' id='word_1_335' title='bbox 1292 2373 1533 2433; x_wconf 78' lang='lat' dir='ltr'>egregiorum</span> 
     </span>
     <span class='ocr_line' id='line_1_42' title="bbox 134 2426 1533 2485; baseline -0.003 -18"><span class='ocrx_word' id='word_1_336' title='bbox 134 2428 288 2468; x_wconf 90' lang='lat' dir='ltr'>illorum</span> <span class='ocrx_word' id='word_1_337' title='bbox 323 2432 479 2480; x_wconf 83' lang='lat' dir='ltr'>Regum</span> <span class='ocrx_word' id='word_1_338' title='bbox 519 2430 693 2469; x_wconf 89' lang='lat' dir='ltr'>studium</span> <span class='ocrx_word' id='word_1_339' title='bbox 729 2430 937 2480; x_wconf 84' lang='lat' dir='ltr'>religionis,</span> <span class='ocrx_word' id='word_1_340' title='bbox 971 2429 1288 2480; x_wconf 83' lang='lat' dir='ltr'>peculiaremque</span> <span class='ocrx_word' id='word_1_341' title='bbox 1329 2427 1366 2464; x_wconf 87' lang='lat' dir='ltr'>in</span> <span class='ocrx_word' id='word_1_342' title='bbox 1408 2426 1533 2485; x_wconf 66' lang='lat' dir='ltr'>ipsum</span> 
     </span>
     <span class='ocr_line' id='line_1_43' title="bbox 139 2481 1536 2528; baseline -0.003 -7"><span class='ocrx_word' id='word_1_343' title='bbox 139 2483 368 2522; x_wconf 84' lang='lat' dir='ltr'>Pontificem</span> <span class='ocrx_word' id='word_1_344' title='bbox 410 2484 724 2523; x_wconf 63' lang='lat' dir='ltr'>benexolentiain</span> <span class='ocrx_word' id='word_1_345' title='bbox 766 2498 810 2522; x_wconf 80' lang='lat' dir='ltr'>ac</span> <span class='ocrx_word' id='word_1_346' title='bbox 851 2483 1196 2528; x_wconf 65' lang='lat' dir='ltr'>necessitudinem,</span> <span class='ocrx_word' id='word_1_347' title='bbox 1234 2495 1368 2520; x_wconf 76' lang='lat' dir='ltr'>eoiinn</span> <span class='ocrx_word' id='word_1_348' title='bbox 1410 2481 1536 2519; x_wconf 73' lang='lat' dir='ltr'>otti&lt;i¹r</span> 
     </span>
     <span class='ocr_line' id='line_1_44' title="bbox 138 2535 1538 2587; baseline -0.003 -12"><span class='ocrx_word' id='word_1_349' title='bbox 138 2536 298 2576; x_wconf 88' lang='lat' dir='ltr'>minime</span> <span class='ocrx_word' id='word_1_350' title='bbox 338 2546 518 2587; x_wconf 79' lang='lat' dir='ltr'>suspecta</span> <span class='ocrx_word' id='word_1_351' title='bbox 559 2538 766 2576; x_wconf 74' lang='lat' dir='ltr'>Germanis</span> <span class='ocrx_word' id='word_1_352' title='bbox 802 2539 929 2575; x_wconf 83' lang='lat' dir='ltr'>futura</span> <span class='ocrx_word' id='word_1_353' title='bbox 964 2551 1010 2575; x_wconf 54' lang='lat'>§.1</span> <span class='ocrx_word' id='word_1_354' title='bbox 1006 2545 1084 2574; x_wconf 84' lang='grc'><strong>1111</strong></span> <span class='ocrx_word' id='word_1_355' title='bbox 1148 2538 1274 2585; x_wconf 68' lang='lat' dir='ltr'>Reges</span> <span class='ocrx_word' id='word_1_356' title='bbox 1315 2535 1354 2573; x_wconf 87' lang='lat' dir='ltr'>id</span> <span class='ocrx_word' id='word_1_357' title='bbox 1390 2549 1423 2572; x_wconf 95' lang='lat' dir='ltr'>n</span> <span class='ocrx_word' id='word_1_358' title='bbox 1417 2543 1538 2573; x_wconf 60' lang='lat' dir='ltr'>unm</span> 
     </span>
    </p>
   </div>
  </div>
 </body>
</html>
