1715 2780
147 128 211 167 181
394 128 816 170 REFORMATION
848 128 908 169 IN
939 122 1170 178 Z'URICH‚
1209 143 1306 182 1522
1465 146 1540 184 405

200 232 261 269 62.
295 231 634 282 Quandoquidem
660 235 834 272 autem‘
848 232 1038 283 sanguine
1068 233 1237 273 Christi'
1264 242 1373 284 parta
1402 243 1460 274 est
1485 250 1543 275 ec-

146 284 265 323 clesia
296 287 414 324 Deo.
468 285 595 336 ,quid
624 295 683 325 est
712 288 821 337 quod
842 287 1005 337 quidam
1028 301 1099 326 nos
1119 296 1382 328 contemnunt
1403 290 1470 340 qui
1492 292 1542 329 de

142 351 259 390 grege
279 316 445 378 Christi
446 353 602 379 sumus.
594 342 611 371 ³
648 354 694 380 ac
715 354 796 380 non
818 343 939 381 modo
960 355 1041 381 non
1064 342 1379 382 Christianorum
1401 345 1471 383 sed
1493 358 1542 383 ne

144 392 352 432 hominum
386 394 548 444 quidem
583 396 672 434 loco
704 395 863 443 habent,
899 410 981 435 non
1020 396 1197 436 contenti
1236 397 1266 435 si
1302 397 1544 448 benignitate

143 454 278 486 nostra
306 448 422 487 liceat
450 448 525 487 sibi
555 448 691 488 otiosis
719 463 852 489 curare
874 450 1096 498 cuticulam,
1120 452 1158 489 ni
1181 465 1337 502 prorsus
1358 454 1409 491 ad
1430 453 1544 492 servi-

144 508 269 540 tutem
297 501 501 553 adigant.
555 503 700 552 ‚Quid
730 504 891 554 inquam
923 504 962 543 in
993 519 1111 544 causa
1140 514 1209 554 est,
1242 514 1284 544 ut
1314 507 1388 545 hae
1418 506 1542 546 indul-

141 555 297 606 gentiae
327 569 531 617 nunquam
561 559 868 608 promulgentur,
891 573 1035 609 nempe
1064 561 1172 610 quod
1202 561 1374 610 pretioso
1395 561 1541 601 Christi

143 610 333 661 sanguine
363 610 484 649 simus
513 611 647 662 empti,
679 614 749 651 sed
784 614 883 652 fictis
918 613 1267 663 pollicitationibus
1303 615 1437 654 omnia
1475 615 1543 654 im-

143 665 324 714 pleantur
350 666 402 704 ad
431 667 724 716 emungendam
754 669 994 717 pecuniam?
1024 698 1031 706 .
1142 670 1340 708 lactamus
1380 669 1540 720 quidem

143 717 290 758 Christi
320 719 551 770 sanguinem
574 750 582 758 .
606 751 613 759 .
638 750 646 758 .
668 722 738 760 sed
768 722 798 760 si
829 721 915 771 quis
942 735 991 761 eo
1012 698 1132 761 fre-tus
1153 723 1313 762 firmiter
1333 724 1542 763 crediderit

143 772 217 811 sibi
246 782 437 824 perpetuo
465 773 548 813 eius
577 774 699 825 gratia
731 777 861 814 Deum
892 775 1128 826 ignoturum,
1155 778 1261 816 hunc
1293 791 1383 816 mox
1412 779 1542 817 haere-

120 825 263 865 *ticum
292 827 611 878 pronunciamus.
668 830 917 877 Constanter,
950 831 986 870 O
1017 831 1097 879 viri,
1123 841 1367 882 perseverate
1397 832 1437 870 in
1467 834 1542 871 isto

142 881 275 930 verbo,
309 883 419 932 quod
453 882 565 921 vobis
597 883 677 922 sive
709 885 760 922 de
794 883 986 923 industria
1025 885 1105 924 sive
1144 899 1237 924 casu
1277 886 1443 925 excidit:
1483 895 1541 926 est

143 934 248 974 enim
280 935 415 975 salutis
455 937 630 985 verbum,
671 937 873 978 Christum
914 940 1063 978 scilicet
1102 939 1308 979 ecclesiam
1350 941 1540 991 sanguine

140 1002 212 1028 suo
232 1003 399 1040 parasse.
442 992 682 1042 Quicunque
704 992 819 1042 igitur
840 993 879 1032 id
902 993 1061 1032 firmiter
1074 994 1295 1042 crediderit,
1312 1008 1357 1033 ex
1375 997 1540 1034 ecclesia

142 1043 287 1083 Christi
322 1052 381 1083 est
420 1058 465 1083 ea
496 1059 615 1096 quam
648 1059 720 1085 suo
752 1047 943 1097 sanguine
975 1048 1148 1099 paravit3
1186 1063 1278 1087 narn
1320 1050 1417 1088 fides
1457 1052 1540 1088 sola

141 1097 275 1136 salutis
305 1111 423 1137 causa
452 1107 561 1138 est..
635 1102 839 1140 .Studete
869 1101 969 1141 intra
998 1116 1085 1141 eam
1111 1105 1319 1142 ecclesiam
1344 1104 1539 1143 numerari

141 1165 243 1201 quae
264 1153 409 1192 Christi
432 1154 622 1204 sanguine
643 1168 818 1204 respersa
839 1164 907 1203 est,
938 1163 980 1195 ut
1008 1156 1102 1195 odio
1128 1157 1305 1196 habeatis
1331 1158 1538 1197 ecclesiam

142 1206 451 1257 malignantium
513 1210 621 1268 Quid
654 1209 766 1248 vobis
805 1223 896 1248 cum
935 1224 981 1250 ea
1020 1211 1186 1250 ecclesia
1220 1225 1320 1262 quae
1351 1212 1456 1251 carni
1486 1212 1540 1251 in-

139 1259 275 1299 nititur
294 1268 332 1300 et
353 1262 553 1312 sanguini.
546 1264 562 1292 ³

194 1317 256 1364 63.
288 1314 327 1354 Si
359 1315 456 1354 nihil
486 1315 790 1365 immutandum,
831 1318 949 1356 ‘nihil
980 1320 1236 1368 novandum,'
1265 1333 1333 1359 cur
1371 1320 1537 1371 synaxis,

139 1367 232 1407 olim
281 1369 355 1408 sub
403 1377 567 1420 utraque
614 1371 745 1421 specie
784 1372 865 1411 fieri
905 1382 1094 1412 consueta
1132 1351 1351 1413 secundum
1393 1375 1539 1415 Christi

139 1422 426 1462 institutionem
456 1438 502 1463 ac
537 1438 650 1463 usum
685 1428 968 1477 apostolorum,
1006 1435 1156 1467 mutata
1186 1431 1273 1467 est?
1312 1431 1372 1468 vel
1407 1429 1537 1479 potius

140 1476 345 1516 mutilata?
401 1478 483 1518 Cur
509 1479 685 1530 episcopi
707 1494 849 1519 munus
870 1481 908 1520 in
932 1481 1116 1532 principis
1138 1491 1426 1522 commutatum
1452 1486 1539 1522 651.Ρ

138 1530 220 1570 Cur
258 1531 553 1571 matrimonium
586 1534 778 1573 vetitum?
835 1535 1003 1586 Aliaque
1033 1545 1216 1576 sexcenta
1245 1546 1388 1576 novata
1418 1540 1539 1576 sunt?

138 1586 443 1625 reclamantibus
483 1587 652 1636 Christo,
694 1589 882 1639 apostolis
921 1591 1205 1652 communique
1240 1592 1416 1630 iudicio?
1473 1594 1536 1630 An

138 1639 379 1689 potentiores
409 1640 500 1680 estis
532 1644 620 1681 Deo
652 1651 694 1681 ut
728 1643 768 1682 id
801 1652 930 1683 vetare
959 1658 1043 1683 aus1
1073 1645 1166 1692 sitis,
1199 1647 1307 1695 quod
1343 1645 1537 1696 integrum

139 1693 319 1733 Christus
363 1695 570 1745 reliquit..
603 1727 610 1735 .
643 1727 650 1735 .
682 1705 749 1735 aut
789 1705 868 1735 tam
913 1698 1058 1758 stupidi
1092 1707 1134 1737 ut
1173 1713 1426 1749 persuasuros
1467 1714 1535 1738 vos

138 1749 349 1787 autumetis
378 1748 509 1788 liberis
540 1749 579 1788 in
610 1750 768 1791 Christo
799 1752 1064 1799 conscientiis,
1097 1761 1137 1791 ut
1167 1755 1276 1813 quod
1311 1767 1379 1803 per
1408 1755 1533 1804 legem

139 1800 311 1840 divinam
352 1802 467 1841 licere
507 1803 646 1852 sciunt,
678 1806 793 1844 licere
823 1819 902 1844 non
933 1808 1103 1856 putent?
1141 1808 1293 1846 etiamsi
1328 1809 1378 1847 ad
1414 1808 1533 1846 ravim

137 1868 263 1905 usque
282 1856 469 1896 clametis.

192 1912 255 1956 64.
288 1911 479 1959 Quamvis
509 1912 626 1950 verba
656 1921 782 1951 xestra
812 1915 930 1974 paulo
965 1923 1054 1965 post
1089 1915 1315 1965 temperetis
1350 1916 1389 1954 in
1429 1917 1534 1955 hunc

139 1964 327 2002 modum:
379 1966 544 2005 ‘Donec
584 1966 638 2004 1111
677 1981 844 2017 quorum
886 1969 1046 2008 interest
1075 1970 1125 2008 de
1155 1970 1345 2009 ecclesiae
1376 1972 1534 2020 negotio

136 2017 397 2066 conveniant,'
415 2020 484 2059 816.
545 2021 665 2069 Quod
687 2029 769 2059 tum
791 2031 1021 2061 eventurum
1043 2032 1150 2074 puto,
1169 2037 1259 2062 cum
1281 2028 1367 2063 ‘aut
1382 2027 1447 2063 11
1448 2038 1532 2062 111111

138 2072 303 2111 Parthus
324 2072 434 2112 bibet
454 2081 521 2112 aut
542 2075 756 2114 Germania
777 2077 937 2127 'ligrim.
944 2078 977 2097 ’¹
1036 2080 1270 2117 Persuasum
1293 2079 1399 2118 enim
1420 2079 1533 2117 vobis

137 2138 222 2164 esse
251 2126 379 2176 cupio,
403 2129 511 2178 quod
541 2129 614 2167 hac
644 2138 776 2168 nostra
805 2138 1038 2181 tempestate
1069 2132 1164 2170 nihil
1196 2132 1325 2171 minus
1352 2133 1531 2171 saexituri

138 2178 214 2217 sint
228 2188 364 2219 contra
379 2182 596 2221 mundioris
611 2183 899 2224 Christianismi
914 2187 1133 2225 adsertores
1137 2200 1268 2236 ‚quam
1284 2187 1378 2226 011111
1395 2186 1532 2225 Iudaei

137 2232 176 2270 in
206 2233 407 2273 Christum
438 2235 566 2286 ipsum
598 2237 813 2277 saevierint.
874 2239 953 2288 Qui
984 2240 1089 2279 6111111
1121 2241 1202 2278 ficri
1230 2255 1345 2290 posse
1375 2240 1530 2290 putatis,

137 2293 179 2324 ut
209 2288 246 2325 hi
277 2301 444 2338 quorum
475 2291 670 2340 laquearia
700 2292 825 2331 nitent
854 2307 959 2340 auro,
984 2296 1113 2333 mulae
1141 2295 1317 2344 gemmis,
1347 2295 1532 2333 satellites

136 2340 271 2388 serico,
303 2342 375 2392 ipsi
405 2345 464 2382 his
494 2346 680 2384 omnibus
710 2348 873 2385 modum
909 2350 1031 2386 ullum
1063 2356 1129 2387 aut
1160 2349 1443 2387 correctionem
1480 2363 1533 2388 re-

136 2393 311 2444 cipiant?
367 2398 635 2438 Convenirent
664 2400 824 2450 quidem
856 2401 907 2439 illi
938 2403 1062 2450 facile,
1094 2402 1123 2441 51
1154 2402 1285 2440 1166161
1314 2404 1369 2441 615
1399 2402 1531 2441 omnia

137 2460 182 2486 ex
213 2450 405 2490 sententia
435 2459 604 2492 statuere
634 2467 713 2502 sua,
751 2469 832 2493 non
864 2456 1107 2506 Scripturae:
1149 2456 1187 2495 id
1219 2458 1326 2505 quod
1359 2458 1529 2495 mundus

625 2514 633 2533 ¹
660 2516 778 2557 Virgil,
796 2517 931 2555 Eclocac
950 2519 968 2549 i.
988 2518 1038 2549 62.
