1715 2780
132 116 208 154 219
360 106 602 144 GERMAN
635 103 1041 142 serZERLANI)
1072 102 1146 139 'ro
1184 114 1282 150 1529
1454 100 1528 148 467

131 210 343 262 suppetias.
403 208 679 248 Ecclesiastica
708 220 806 258 pars,
830 205 897 245 ubi
919 205 1068 244 videret
1096 211 1234 243 contra
1263 206 1429 242 Senatus
1451 203 1529 242 edi-

131 273 238 304 ctum
269 272 485 315 contraque
512 263 783 302 iusiurandum
810 260 892 300 fieri
916 258 1203 305 conventicula,
1239 258 1367 297 induit
1397 271 1528 296 arma:

132 333 224 359 mox
262 319 368 358 idem
407 317 498 357 fecit
531 319 661 364 altera,
694 329 832 367 operas
867 314 984 354 etiam
1025 314 1199 353 educens
1238 312 1278 351 in
1317 314 1444 351 forum
1484 326 1529 349 ac

132 374 383 413 bombardas.
425 371 670 411 Auctoritate
691 373 858 409 Senatus
873 371 1020 408 factum
1035 376 1092 407 est
1107 375 1148 406 ut
1162 380 1248 417 pars
1265 365 1531 405 ecclesiastica

133 429 350 479 deponeret
378 440 485 465 arma
500 441 510 475 ;
548 427 656 476 quod
685 438 800 475 aegre
829 425 920 462 fecit
949 431 985 462 et
1016 424 1148 470 altera,
1169 422 1239 460 sed
1269 422 1320 460 ad
1349 428 1529 471 tempus:

134 496 225 521 nam
247 495 369 533 quum
391 482 592 520 decretum
614 487 716 519 esset
737 478 883 518 saevire
903 477 942 516 in
960 477 1072 516 divos
1087 490 1133 515 ac
1146 476 1267 524 divas,
1284 476 1531 514 condensant

133 550 219 576 sese
248 536 289 574 in
318 537 413 583 foro,
446 534 645 585 dispositis
677 534 882 573 tormentis
913 531 1046 570 aeneis
1085 538 1123 569 et
1156 530 1306 581 aliquot
1345 528 1530 568 noctibus

133 590 210 629 illic
240 590 314 629 sub
345 589 412 629 dio
441 590 610 639 agebant
640 595 835 627 exstructa
864 600 956 637 pyra
986 585 1144 636 ingenti,
1178 598 1322 635 magno
1351 582 1530 623 omnium

135 652 265 684 metu:
311 646 349 682 in
385 645 529 682 nullius
564 651 697 682 tamen
731 643 850 681 aedes
885 641 1106 691 irruperunt
1138 652 1268 689 neque
1298 638 1531 688 cuiusquam

134 712 276 751 corpus
299 697 511 749 attigerunt
531 698 604 736 nisi
632 697 741 747 quod
766 696 930 743 Consul,
954 694 1049 733 mihi
1071 693 1270 744 proximus
1291 692 1454 740 vicinus,
1477 693 1532 729 vir

134 754 327 792 facundus
358 761 396 791 et
425 753 476 791 de
505 751 707 802 republica
736 750 874 789 crebro
903 750 1006 787 bene
1037 747 1208 795 meritus,
1235 755 1356 786 noctu
1387 747 1533 796 scapha

135 807 322 846 subduxit
356 820 452 854 sese,
484 805 677 856 periturus
711 804 749 843 ni
790 804 829 843 id
865 805 1031 843 fecisset.
1093 803 1352 852 Profugerunt
1392 808 1429 839 et
1468 799 1532 838 alii
1584 806 1590 809 “

133 863 356 912 complures
396 868 514 908 metu,
547 859 613 910 qui
652 868 785 898 tamen
819 872 865 897 ex
898 856 1130 896 auctoritate
1161 857 1328 894 Senatus
1364 853 1534 893 revocati

136 924 236 964 sunt,
274 915 304 954 si
338 916 483 954 vellent
518 915 600 953 iure
632 913 776 952 civium
809 913 961 951 vivere:
1004 924 1025 950 e
1060 912 1207 949 Senatu
1238 923 1328 949 vero
1359 909 1533 947 submoti

135 978 236 1018 sunt,
268 977 465 1020 quotquot
495 969 668 1008 faverent
698 967 882 1018 pristinae
912 966 1101 1016 religioni,
1134 978 1182 1003 ne
1212 977 1290 1014 qua
1319 971 1421 1002 esset
1456 962 1534 1001 illic

134 1024 405 1075 suffragiorum
435 1022 641 1062 dissensio.
701 1024 907 1060 Hactenus
937 1028 1070 1059 tamen
1105 1020 1272 1057 Senatus
1308 1019 1534 1056 moderatus

135 1086 194 1118 est
222 1079 448 1125 tumultum,
470 1084 513 1116 ut
542 1091 610 1128 per
639 1077 768 1115 fabros
799 1083 837 1114 et
865 1074 1033 1113 artifices
1057 1075 1286 1112 tollerentur
1312 1086 1333 1110 e
1363 1071 1531 1122 templis,

136 1146 238 1183 quae
275 1132 359 1172 tolli
398 1131 618 1182 placuisset.
700 1130 839 1169 Tantis
877 1136 1009 1168 autem
1049 1126 1228 1166 ludibriis
1266 1126 1325 1165 usi
1365 1133 1456 1164 sunt
1495 1125 1534 1163 in

136 1187 344 1226 simulacra
369 1186 549 1225 divorum
573 1194 692 1236 atque
719 1184 837 1223 etiam
866 1181 1062 1229 Crucifixi‚
1086 1189 1127 1220 ut
1150 1182 1291 1219 mirum
1312 1180 1360 1218 sit
1381 1181 1534 1218 nullum

136 1240 214 1279 illic
243 1240 392 1280 editum
424 1240 655 1278 miraculum
685 1252 808 1290 quum
839 1238 932 1277 olim
964 1245 1042 1275 tam
1080 1237 1203 1274 multa
1233 1236 1385 1273 soleant
1419 1235 1536 1272 edere

136 1296 196 1334 vel
230 1297 365 1334 leviter
397 1293 536 1334 offensi
565 1293 655 1333 divi.
714 1296 937 1332 Statuarum
967 1292 1064 1329 nihil
1095 1289 1273 1328 relictum
1304 1296 1362 1327 est
1392 1302 1465 1327 ncc
1495 1287 1535 1326 in

136 1350 291 1400 templis
321 1363 395 1388 nec
425 1350 464 1387 in
485 1348 686 1387 vestibulis
717 1361 791 1386 nec
820 1347 860 1384 in
881 1345 1097 1397 porticibus
1119 1357 1193 1382 nec
1214 1343 1253 1381 in
1276 1342 1533 1382 monasteriis

137 1403 340 1454 Quicquid
372 1410 452 1442 erat
483 1402 675 1453 pictarum
708 1401 923 1452 imaginum
956 1401 1086 1438 calcea
1118 1398 1336 1436 incrustura
1365 1396 1533 1436 oblitum

136 1465 219 1506 est3
256 1459 365 1508 quod
395 1465 475 1496 erat
505 1470 628 1507 capax
656 1456 767 1507 ignis,
799 1455 839 1493 in
869 1468 1006 1505 rogum
1042 1453 1267 1492 coniectum
1304 1459 1386 1499 est3
1425 1451 1535 1501 quod

136 1525 259 1560 secus,
282 1511 517 1551 frustulatim
547 1510 849 1550 comminutum.
908 1510 994 1548 Nec
1024 1507 1192 1557 pretium
1224 1520 1297 1545 nec
1325 1519 1385 1544 ars
1416 1505 1537 1555 impe-

136 1567 249 1605 travit
269 1573 311 1605 ut
331 1565 516 1616 cuiquam
538 1566 703 1604 omnino
723 1572 957 1614 parceretur.
1019 1563 1117 1600 Mox
1138 1561 1177 1598 in
1199 1567 1327 1599 totum
1348 1560 1535 1609 abrogata

137 1621 272 1667 Missa,
313 1628 355 1658 ut
394 1632 467 1658 nec
505 1619 685 1669 privatim
724 1618 834 1658 domi
874 1619 930 1656 fas
969 1623 1073 1655 esset
1112 1614 1340 1661 sacrificare,
1383 1626 1456 1652 nec
1495 1612 1535 1651 in

137 1673 311 1713 finitimis
328 1673 436 1725 pagis
452 1673 587 1712 audire
605 1686 770 1712 sacrum.
809 1672 893 1712 Ubi
907 1684 1085 1710 summus
1100 1669 1164 1707 ille
1181 1676 1309 1707 metus
1325 1668 1534 1718 ademptus

136 1735 195 1767 est
217 1741 263 1767 ac
290 1729 579 1778 propemodum
609 1740 698 1778 spes
725 1734 828 1765 esset
850 1727 931 1764 sore
952 1732 994 1763 ut
1016 1724 1055 1762 in
1078 1722 1222 1762 nullius
1244 1723 1448 1760 facultates
1468 1729 1535 1759 aut

135 1790 254 1832 caput
275 1781 496 1830 saeviretur,
510 1782 561 1820 ad
578 1783 679 1819 hanc
693 1781 944 1819 clementiam
958 1780 1193 1818 adhortante
1208 1774 1534 1826 Oecolampadio‚

135 1835 314 1886 quotidie
343 1843 474 1875 tamen
506 1849 552 1874 ex
581 1835 740 1886 synodis
770 1834 924 1873 illorum
951 1831 1163 1883 prodibant
1192 1844 1293 1869 nova
1317 1829 1536 1880 plebiscita,

135 1889 249 1940 coepi
269 1891 319 1930 de
340 1889 545 1941 migrando
566 1889 746 1940 cogitare.
771 1919 777 1927 .
803 1920 808 1926 .
833 1919 840 1926 .

193 1943 384 1994 Friburgi,
409 1959 431 1995 9
455 1943 564 1991 Maii,
587 1946 706 1982 Anno
732 1956 844 1993 1529.

820 2087 855 2122 X

606 2157 836 2204 CAPPEL,
869 2169 883 2193 1
894 2167 1023 2205 529-3
1033 2167 1047 2192 1

186 2246 283 2280 Bern
307 2245 381 2280 and
407 2244 515 2279 Basel
539 2243 614 2278 had
640 2249 702 2277 not
730 2249 790 2287 yet
815 2253 910 2287 gone
937 2252 1025 2276 over
1050 2247 1086 2275 to
1108 2239 1254 2281 reform,
1273 2238 1377 2272 when
1403 2235 1534 2271 Zurich

138 2291 380 2336 inaugurated
399 2303 420 2326 a
438 2291 560 2337 policy
582 2291 622 2325 of
635 2290 785 2335 league's
803 2290 859 2324 sor
876 2288 1114 2324 sels-defence
1132 2296 1268 2329 among
1294 2285 1356 2319 the
1383 2284 1534 2318 reform-

139 2338 202 2382 ing
218 2338 321 2374 cities
344 2339 394 2383 by
415 2337 583 2382 entering
609 2338 695 2378 into,
723 2345 764 2381 25
794 2338 885 2371 Dec.
914 2344 1013 2380 1527,
1042 2335 1132 2380 [No.
1160 2331 1244 2375 220]
1264 2332 1303 2367 A
1320 2331 1534 2366 Christian

139 2385 256 2420 Civic
280 2386 469 2421 Alliance
495 2385 582 2420 with
609 2386 818 2419 Constance
843 2383 1055 2426 (Bullffiger,
1082 2381 1103 2423 i,
1124 2378 1142 2425 ξ
1163 2380 1258 2423 223).
1310 2378 1391 2413 The
1415 2383 1535 2421 treaty

139 2443 213 2466 was
239 2432 424 2467 modelled
449 2443 497 2466 on
523 2433 604 2467 that
629 2432 677 2476 by
696 2430 814 2465 which
843 2431 951 2466 Base]
980 2429 1052 2464 had
1080 2428 1175 2462 been
1200 2425 1380 2461 admitted
1407 2431 1446 2459 to
1472 2424 1535 2459 the

141 2479 427 2514 Consederation
458 2479 602 2523 (supra,
630 2491 665 2523 p.
694 2479 799 2522 365);
833 2478 898 2511 but
925 2476 1011 2511 with
1043 2485 1113 2509 one
1141 2472 1350 2516 significant
1378 2472 1532 2514 change.

777 2535 804 2561 H
827 2525 851 2561 h
877 2538 894 2561 2
