1715 2780
100 113 182 153 304
538 103 598 140 IN
631 102 872 148 GENEVA,
910 113 1060 152 1541—2
1420 105 1496 152 605

99 205 298 266 pientiam,
320 204 550 255 potentiam,
572 206 689 243 laude
709 212 747 243 et
767 203 976 254 gratiarum
1005 203 1161 242 actione
1189 217 1495 254 prosequamur:

99 274 179 312 quo
199 273 239 298 111
259 258 430 298 solidum
453 259 649 297 bonorum
671 258 848 296 omnium
869 257 992 308 gloria
1012 269 1134 307 penes
1156 257 1284 308 ipsum
1310 258 1491 297 resideat.

151 315 213 353 M
246 313 461 352 Nullamne
482 312 597 350 huius
619 311 737 362 partis
758 313 931 362 regulam
952 311 1229 361 praescripsit?

151 370 199 407 P.
231 366 435 417 Quicquid
466 367 628 405 laudum
663 366 746 404 eius
777 372 901 404 exstat
933 365 971 403 in
1011 365 1218 415 Scripturis
1254 379 1324 416 pro
1361 367 1494 416 regula

101 421 216 461 nobis
237 434 322 460 esse
343 420 475 459 debet.

152 476 214 514 M
247 474 409 513 Nihilne
429 473 549 512 habet
570 473 706 513 Oratio
728 472 941 512 Dominica
962 474 1072 523 quod
1092 474 1169 511 11110
1190 473 1412 523 pertineat?

153 531 200 567 P.
232 529 400 578 Nempe,
437 540 560 578 quum
599 535 782 587 optamus
821 526 1054 565 sanctificari
1094 527 1176 565 eius
1215 540 1373 574 nomen,
1415 528 1491 566 hoc

101 590 283 633 optamus
309 589 352 620 ut
372 581 558 620 omnibus
583 581 665 620 eius
686 581 871 631 operibus
892 594 962 619 sua
982 588 1136 619 constet
1155 581 1289 631 gloria.
1335 583 1393 620 Ut
1413 580 1494 620 sive

101 635 374 696 peccatoribus
409 635 595 685 ignoscat,
638 635 880 673 misericors·
871 665 881 682 ,
930 635 1010 673 sive
1049 634 1264 674 vindictam
1304 642 1492 681 exerceat,

102 690 224 729 iustus
241 705 250 738 3
294 689 374 728 sive
412 695 582 739 praestet
620 688 699 727 51115
741 690 850 738 quod
890 688 1077 738 promisit,
1119 702 1234 727 verax
1275 696 1491 728 censeatur.

102 744 286 794 Denique
320 750 374 789 ut,
410 742 600 793 quicquid
635 755 799 792 operum
834 742 917 781 eius
949 742 1157 789 cernimus,
1183 743 1233 781 ad
1263 755 1354 781 eum
1383 742 1495 792 glori-

102 798 302 837 ficandum
334 809 405 836 nos
434 796 587 835 excitet.
649 798 741 834 Hoc
774 809 865 835 vero
899 803 967 842 est,
1005 796 1200 834 bonorum
1232 796 1285 834 illi
1316 796 1493 835 omnium

101 852 260 891 laudern
282 850 463 889 tribuere.

154 906 216 943 M.
249 904 358 954 Quid
378 905 539 943 tandem
561 916 606 942 ex
629 903 672 942 iis
699 917 800 954 quae
828 905 1018 942 hactenus
1044 910 1206 942 tractata
1227 912 1317 942 sunt
1337 917 1360 941 a
1380 903 1495 942 nobis

103 958 331 1009 colligemus
345 959 361 995 ?

156 1014 203 1051 P.
236 1013 357 1061 Quod
377 1011 525 1050 scilicet
555 1011 694 1050 veritas
722 1011 804 1061 ipsa
833 1012 951 1050 docet
981 1019 1019 1050 et
1048 1024 1121 1062 ego
1143 1011 1254 1050 initio
1284 1011 1494 1062 proposui:

103 1068 205 1105 hanc
234 1079 320 1105 esse
349 1064 468 1104 vitam
497 1073 709 1112 aeternam,
733 1078 855 1103 unum
883 1078 1017 1104 verum
1040 1067 1172 1104 Deum
1194 1079 1310 1104 nosse
1330 1072 1492 1116 patrem,

103 1127 142 1160 et
157 1133 275 1170 quem
294 1119 398 1157 misit
416 1120 548 1157 Iesum
564 1119 776 1159 Christum.
821 1119 950 1169 (Ioan.
965 1118 1051 1156 xvii.
1070 1122 1124 1170 3.)
1170 1120 1300 1167 Illum,
1319 1119 1492 1169 inquam,

103 1187 231 1222 nosse,
262 1180 305 1212 ut
334 1172 514 1212 debitum
545 1173 579 1211 ei
609 1174 802 1211 honorem
833 1174 1062 1222 cultumque
1083 1172 1350 1219 exhibeamus,
1374 1180 1496 1223 utque

103 1227 219 1267 nobis
248 1240 330 1266 non
360 1226 556 1265 Dominus
587 1233 740 1265 tantum
775 1226 823 1265 sit
853 1227 922 1265 sed
948 1227 1066 1265 etiam
1094 1229 1208 1265 Pater
1231 1240 1277 1265 ac
1304 1230 1493 1272 Servator‚

103 1294 256 1331 nosque
276 1280 330 1319 illi
350 1280 521 1318 vicissim
542 1280 610 1318 filii
631 1280 752 1319 simus
770 1288 807 1319 et
820 1280 930 1327 servi,
949 1287 986 1318 et
1003 1280 1168 1330 proinde
1185 1280 1305 1319 vitam
1321 1288 1494 1320 nostram

104 1335 356 1374 illustrandae
376 1333 459 1372 eius
478 1333 623 1384 gloriae
644 1334 885 1373 dedicemus.

158 1390 220 1427 M
252 1390 342 1437 Qua
362 1388 423 1426 via
442 1389 493 1427 ad
514 1395 666 1426 tantum
688 1388 839 1426 bonum
860 1387 1112 1438 pervenitur?

158 1444 206 1481 Ρ.
239 1444 287 1481 111
323 1443 429 1480 hunc
464 1442 583 1481 finem
618 1455 772 1480 sacrum
812 1455 927 1480 suum
958 1442 1135 1480 Verbum
1172 1441 1287 1480 nobis
1326 1441 1492 1491 reliquit.

107 1498 177 1536 Est
197 1495 303 1535 enim
325 1495 533 1546 spiritualis
553 1496 742 1543 doctrina,
766 1497 962 1546 quaedam
983 1495 1100 1534 veluti
1124 1495 1249 1542 ianua,
1277 1509 1355 1545 qua
1375 1496 1495 1546 ingre-

105 1549 263 1590 dimur
254 1563 294 1588 1n
314 1550 481 1588 caeleste
501 1549 584 1588 eius
605 1562 779 1599 regnum.

159 1605 221 1642 M
254 1603 431 1643 Ubinam
452 1605 722 1653 quaerendum
745 1603 859 1642 nobis
880 1610 937 1642 est
959 1604 1034 1641 hoc
1056 1603 1263 1642 Verbum?

159 1658 209 1695 P.
243 1658 290 1696 In
312 1657 517 1707 Scripturis
538 1657 694 1704 sanctis,
718 1657 861 1706 quibus
880 1657 1113 1695 continetur.

160 1712 221 1749 M.
253 1712 311 1750 Ut
331 1712 499 1749 fructum
522 1710 615 1750 inde
636 1710 826 1760 percipias
847 1710 1012 1760 qualiter
1032 1723 1080 1748 eo
1102 1711 1293 1749 utendum
1311 1718 1368 1748 est
1386 1712 1401 1747 Ρ

160 1766 206 1802 Ρ.
239 1764 278 1803 Si
314 1763 441 1814 ipsum
477 1765 602 1802 solida
636 1764 765 1802 cordis
797 1763 1050 1813 persuasione
1088 1763 1373 1813 amplectimur,
1416 1777 1494 1802 non

107 1830 219 1857 secus
239 1831 285 1856 ac
305 1825 451 1856 certam
472 1817 673 1855 veritatem
695 1831 715 1855 6
737 1819 846 1856 caelo
868 1818 1082 1867 profectam
1100 1832 1105 1854 :
1128 1817 1158 1855 51
1180 1830 1252 1855 1105
1275 1817 1324 1855 1111
1348 1817 1496 1856 dociles

106 1872 341 1921 praebemus
359 1886 365 1909 :
387 1871 417 1909 si
435 1872 656 1909 voluntates
680 1878 911 1920 mentesque
928 1878 1078 1910 nostras
1096 1871 1136 1908 in
1156 1871 1239 1909 eius
1259 1871 1495 1921 obsequium

107 1925 359 1965 subiicimus:
389 1924 420 1963 si
448 1938 627 1962 amamus
657 1925 785 1974 ipsum
815 1939 862 1963 ex
890 1925 1046 1963 animo:
1078 1925 1108 1963 si
1138 1924 1325 1964 cordibus
1355 1925 1496 1963 nostris

106 1980 228 2018 semel
256 1978 495 2028 insculptum
522 1979 616 2016 fixas
637 1978 714 2016 illic
734 1978 884 2017 radices
906 1979 1036 2025 habet,
1059 1986 1099 2016 ut
1129 1980 1296 2017 fructum
1328 1979 1497 2028 proferat

107 2032 147 2071 in
175 2032 276 2071 vita:
307 2032 338 2070 si
368 2032 540 2082 denique
565 2033 777 2070 formamur
803 2033 854 2070 ad
878 2032 960 2070 eius
987 2033 1184 2082 regulam:
1213 2039 1296 2070 tum
1318 2032 1433 2071 nobis
1458 2031 1496 2069 in

107 2087 284 2133 salutem,
308 2085 422 2124 sicuti
442 2085 681 2124 destinatum
704 2093 773 2133 est,
796 2087 922 2124 cedet.

161 2141 223 2178 M
255 2141 406 2178 Suntne
426 2139 559 2177 omnia
580 2141 676 2177 haec
698 2139 736 2177 in
757 2140 941 2178 facultate
962 2146 1095 2178 nostra
1114 2139 1270 2189 posita?

161 2194 209 2231 P.
241 2193 350 2231 Nihil
389 2192 562 2243 ipsorum
596 2206 763 2242 prorsus,
795 2194 865 2232 sed
899 2193 1014 2232 unius
1045 2193 1120 2232 Dei
1155 2200 1212 2231 est
1244 2193 1319 2230 hoc
1355 2199 1494 2238 totum,

108 2247 217 2296 quod
238 2246 360 2293 retuli,
385 2246 424 2284 in
444 2247 559 2285 nobis
580 2247 732 2285 efficere
752 2246 915 2296 Spiritus
936 2247 994 2285 sui
1015 2247 1147 2297 gratia.

162 2301 223 2337 M
254 2301 403 2338 Verum
429 2312 563 2338 annon
589 2300 818 2339 adhibenda
838 2308 895 2339 est
914 2314 936 2338 a
957 2301 1072 2339 nobis
1093 2299 1304 2349 diligentia,
1327 2306 1365 2337 et
1387 2298 1495 2336 omni

108 2352 240 2391 studio
271 2352 514 2400 enitendum,
542 2355 722 2404 legendo,
748 2354 959 2401 audiendo,
991 2353 1233 2397 meditando,
1263 2359 1303 2390 ut
1332 2365 1379 2390 eo
1412 2365 1495 2402 pro-

109 2405 286 2444 ficiamus
302 2407 318 2443 ?

163 2461 211 2498 P.
243 2461 331 2498 Imo
353 2472 464 2498 vero:
487 2473 608 2509 quum
630 2474 671 2499 se
692 2461 859 2509 quisque
882 2460 1056 2509 privatim
1080 2459 1310 2508 quotidiana
1331 2459 1498 2498 lectione
