1715 2780
91 112 156 150 116
345 111 465 150 THE
496 112 634 151 DIET
664 113 737 153 OF
765 114 1086 162 AUGSBURG‚
1124 128 1224 166 1530
1410 120 1484 169 283

356 239 452 277 VII.
511 241 577 277 DE
607 250 845 278 POTESTATE
875 251 1202 280 ECCLESIAsricA.

144 322 315 372 Magnae
334 321 622 372 disputationes
650 325 806 363 fuerunt
832 326 882 363 de
906 333 1102 375 potestate
1131 327 1420 378 episcoporum,
1444 329 1484 367 in

88 374 232 425 quibus
253 377 434 414 nonnulli
463 377 718 417 incommode
739 378 1074 418 commiscuerunt
1098 388 1334 430 potestatem
1363 384 1485 421 eccle-

89 428 284 468 siasticam
313 437 352 468 et
377 437 612 480 potestatem
639 433 769 482 gladii.
829 435 880 471 Et
901 447 947 472 ex
967 435 1042 472 hac
1062 434 1296 474 confusione
1315 436 1486 475 maxima

88 482 201 530 bella,
224 484 383 522 maximi
405 492 535 524 motus
556 486 801 534 exstiterunt,
821 488 917 526 dum
939 487 1164 536 Pontifices,
1183 489 1268 528 freti
1290 498 1484 540 potestate

88 536 267 585 clavium,
307 550 389 577 non
427 540 555 577 solum
595 553 719 579 novos
758 542 885 580 cultus
925 542 1187 591 instituerunt,
1220 544 1484 584 reservatione

88 604 262 639 casuum,
299 592 480 631 violentis
523 594 1000 634 excommunicationibus
1039 596 1302 636 conscientias
1349 611 1484 638 onera-

87 652 239 693 verunt,
271 647 342 685 sed
373 647 491 685 etiam
525 661 643 698 regna
684 649 823 688 mundi
861 651 1067 689 transferre
1105 659 1143 690 et
1181 651 1483 702 imperatoribus

87 697 260 738 adimere
296 699 502 750 imperium
549 701 681 740 conati
726 711 828 742 sunt.
890 718 922 741 2.
952 706 1067 743 Haec
1097 705 1190 743 vitia
1228 708 1353 745 multo
1391 715 1483 746 ante

87 754 422 803 reprehenderunt
459 754 499 793 in
539 757 705 794 ecclesia
743 756 925 796 homines
959 758 1013 808 pii
1052 766 1089 797 et
1129 760 1282 799 eruditi.
1341 762 1482 811 Itaque

87 806 207 846 nostri
237 808 288 846 ad
314 810 577 848 consolandas
604 810 866 850 conscientias
897 812 1023 851 coacti
1053 821 1144 851 sunt
1173 816 1383 854 ostendere
1410 817 1483 854 dek-

85 861 222 899 crimen
248 864 506 901 ecclesiasticae
523 865 726 914 potestatis
750 871 786 903 et
802 867 1004 916 potestatis
1026 869 1162 916 gladii,
1196 876 1233 907 et
1261 870 1481 908 docuerunt

87 923 292 966 utramque
304 925 463 967 propter
483 919 715 957 mandatum
735 919 809 958 Dei
826 919 1005 970 religiose
1022 923 1287 961 venerandam
1306 931 1344 962 et
1362 925 1481 962 hono-

86 982 125 1008 re
144 969 393 1009 afficiendam
410 984 506 1018 esse,
523 979 725 1022 tamquam
748 987 902 1012 summa
926 974 1000 1014 Dei
1018 976 1212 1014 beneficia
1232 976 1271 1015 in
1289 979 1410 1016 terris.

139 1037 173 1073 3.
205 1023 269 1063 Sic
306 1033 438 1063 autem
478 1026 666 1074 sentiunt,
690 1033 914 1077 potestatem
953 1031 1117 1068 clavium
1156 1044 1225 1069 seu
1255 1037 1479 1081 potestatem

83 1078 333 1128 episcoporum
363 1078 469 1117 iuxta
492 1082 737 1130 evangelium
768 1089 1003 1131 potestatem
1034 1097 1119 1122 esse
1149 1097 1217 1123 seu
1248 1087 1480 1125 mandatum

85 1130 161 1170 Dei
186 1133 439 1182 praedicandi
464 1134 666 1184 evangelii,
695 1135 920 1175 remittendi
945 1144 983 1176 et
1013 1137 1208 1177 retinendi
1237 1147 1410 1189 peccata,
1442 1148 1480 1179 et

84 1185 384 1226 administrandi
414 1197 668 1227 sacramenta.
729 1191 832 1228 Nam
861 1203 951 1228 cum
977 1192 1053 1230 hoc
1079 1193 1268 1232 mandato
1298 1194 1479 1233 Christus

83 1238 202 1278 mittit
229 1241 468 1290 Apostolos:
499 1242 608 1281 Sicut
638 1244 743 1281 misit
774 1258 830 1282 me
856 1245 991 1292 Pater,
1014 1246 1070 1283 ita
1101 1251 1138 1283 et
1165 1260 1228 1296 ego
1262 1249 1370 1286 mitto
1402 1262 1475 1287 vos.

40 1307 42 1310 ·
83 1294 248 1344 Accipite
277 1295 468 1344 Spiritum
489 1296 672 1335 Sanctum
687 1313 698 1335 :
726 1311 887 1347 quornm
917 1300 1138 1338 remiseritis
1156 1307 1321 1351 peccata,
1355 1304 1479 1341 remit-

84 1352 222 1386 tuntur
238 1349 299 1396 eis,
321 1354 359 1386 et
373 1362 534 1398 qnorum
564 1352 799 1390 retinueritis
818 1359 984 1402 peccata,
1016 1359 1162 1392 retenta
1190 1362 1291 1395 snnt.
1351 1358 1477 1396 Marc.

83 1400 144 1440 xvi
160 1416 167 1440 ε
194 1403 264 1450 Ite,
286 1404 508 1453 praedicate
527 1406 762 1454 evangelimn
782 1408 890 1445 omni
899 1413 1097 1446 creaturae
1117 1416 1190 1447 etc.

137 1469 174 1502 4.
205 1457 319 1495 Haec
339 1464 512 1508 potestas
533 1466 686 1497 tantum
707 1468 909 1500 exercetur
928 1462 1112 1501 docendo
1127 1476 1195 1501 seu
1210 1463 1477 1513 praedicando

83 1509 245 1548 verbum
266 1517 304 1549 et
325 1512 561 1562 porrigendo
583 1522 837 1562 sacramenta,
864 1516 924 1554 vel
946 1517 1078 1555 multis
1106 1518 1167 1556 vel
1188 1517 1349 1568 singulis
1370 1518 1476 1557 iuxta

83 1563 341 1613 vocationem,
378 1565 470 1616 quia
507 1568 781 1606 conceduntur
819 1582 900 1608 non
938 1583 997 1608 res
1032 1572 1265 1621 corporales,
1306 1573 1376 1610 sed
1416 1586 1476 1611 res

81 1623 285 1657 aeternae:
315 1618 460 1658 iustitia
490 1628 658 1668 aeterna,
693 1622 858 1672 Spiritus
893 1625 1071 1672 Sanctus,
1103 1625 1182 1663 vita
1209 1633 1380 1664 aeterna.
1439 1639 1473 1676 5.

85 1672 197 1710 Haec
228 1685 308 1711 non
336 1681 502 1723 possunt
536 1677 761 1725 contingere
799 1676 874 1715 nisi
906 1690 974 1728 per
1006 1678 1266 1717 ministerium
1298 1679 1405 1718 verbi
1437 1689 1475 1718 ct

83 1733 426 1774 sacramentorum,
459 1729 559 1767 sicut
592 1731 735 1768 Paulus
767 1730 886 1769 dicit:
934 1733 1194 1781 Evangelium
1228 1739 1283 1771 est
1300 1735 1474 1783 potentia

81 1779 164 1816 Dei
179 1781 234 1817 ad
249 1782 409 1818 salutem
432 1782 539 1819 omni
559 1784 731 1821 credenti.
791 1785 932 1834 Itaque
953 1799 1075 1835 quum
1097 1793 1272 1836 potestas
1293 1788 1474 1826 ecclesia-

82 1831 177 1871 stica
205 1835 401 1873 concedat
434 1848 493 1874 res
525 1844 717 1884 aeternas,
755 1845 792 1876 et
821 1845 975 1877 tantum
1011 1848 1236 1879 exerceatur
1266 1854 1335 1891 per
1365 1842 1475 1880 mini-

81 1886 238 1924 sterium
256 1888 374 1936 verbi,
391 1902 471 1928 non
485 1889 650 1940 impedit
667 1891 865 1941 politicam
888 1893 1270 1933 administrationem
1293 1895 1392 1934 sicut
1413 1910 1474 1934 ars

82 1941 249 1980 canendi
284 1941 381 1980 nihil
414 1944 578 1993 impedit
612 1945 812 1995 politicam
848 1947 1240 1987 administrationem.
1301 1952 1334 1988 6.
1368 1951 1472 1988 Nam

23 2009 25 2019 ·
81 1994 239 2043 politica
258 1997 544 2036 administratio
558 2007 730 2037 versatur
751 1999 851 2039 circa
872 2001 966 2039 alias
988 2015 1047 2040 res
1064 2016 1182 2052 quam
1201 2003 1447 2053 evangelium
1466 2019 1473 2042 ε

82 2049 326 2098 magistratus
346 2051 523 2090 defendit
544 2065 626 2090 non
647 2061 810 2101 mentes,
834 2056 903 2094 sed
924 2069 1088 2106 corpora
1109 2064 1146 2095 et
1171 2070 1230 2096 res
1251 2060 1473 2107 corporales

80 2101 264 2142 adversus
303 2104 528 2144 manifestas
567 2106 736 2155 iniuriaS,
777 2116 814 2147 et
838 2114 1007 2148 'coercet
1046 2110 1225 2149 homines
1263 2111 1395 2161 gladio
1434 2120 1472 2150 et

81 2156 348 2206 corporalibus
368 2160 517 2208 poenis,
541 2167 582 2198 ut
603 2160 789 2199 iustitiam
811 2163 964 2202 civilem
986 2171 1024 2202 et
1045 2178 1182 2214 pacem
1206 2167 1381 2203 retineat.

137 2220 170 2257 7.
209 2211 302 2248 Non
340 2212 463 2261 igitur
505 2215 787 2253 commiscendae
816 2223 909 2254 sunt
935 2223 1138 2267 potestates
1168 2220 1405 2257 ecclesiastica
1439 2225 1476 2256 et

22 2287 23 2290 =
80 2262 209 2302 civilzk.
277 2266 554 2305 Ecclesiastica
593 2282 705 2306 suum
741 2272 971 2309 mandatum
1018 2272 1137 2310 habet
1175 2273 1365 2322 evangelii
1405 2274 1471 2311 do-

82 2317 196 2355 cendi
217 2325 254 2356 et
277 2320 577 2360 administrandi
598 2332 853 2363 sacramenta.
912 2326 1005 2363 Non
1027 2325 1214 2376 irrumpat
1239 2326 1277 2364 in
1298 2328 1469 2364 alienum

28 2382 30 2403 1
81 2369 263 2420 officium,
284 2386 363 2411 non
385 2376 587 2414 transferat
618 2390 736 2426 regna
766 2378 915 2426 mundi,
942 2392 1023 2418 non
1048 2380 1209 2429 abroget
1230 2382 1333 2429 leges
1356 2380 1471 2430 magi-

81 2429 281 2473 stratuum,
321 2441 402 2465 non
444 2430 554 2468 tollat
597 2430 809 2480 legitimam
845 2432 1125 2480 obedientiam,
1160 2447 1240 2471 non
1281 2433 1469 2483 impediat

81 2476 223 2516 iudicia
251 2481 301 2518 de
331 2482 418 2519 ullis
443 2482 621 2522 civilibus
652 2485 966 2524 ordinationibus
991 2495 1056 2525 aut
1082 2487 1358 2533 contractibus,
1389 2501 1469 2526 non

31 2581 33 2588 Ι
81 2532 315 2579 praescribat
354 2536 456 2584 leges
498 2537 784 2586 magistratibus
819 2541 867 2578 de
901 2541 1022 2578 forma
1061 2540 1323 2590 reipublicae:
1370 2541 1467 2580 sicut
