1715 2780
121 98 175 144 36
337 97 457 133 THE
499 94 697 133 THREE
737 92 1048 130 TREATISES
1094 90 1165 129 OF
1202 101 1302 139 1520
1482 103 1527 138 73

121 203 218 241 fides
238 208 329 240 ante
349 199 484 239 omnia
503 199 687 238 docenda
703 204 741 236 et
762 196 1015 246 provocanda
1032 202 1100 242 est,
1118 195 1196 234 fide
1212 201 1344 232 autem
1366 193 1530 232 obtenta

119 255 302 295 contritio
318 262 357 293 et
373 254 593 293 consolatio
614 250 830 290 inevitabili
851 251 1012 300 sequela
1033 262 1102 287 sua
1123 256 1265 298 sponte
1279 247 1448 286 venient.
1470 278 1476 285 .
1497 277 1503 284 .
1521 278 1527 286 .

173 309 381 350 Confessio
413 321 505 347 vero
540 315 578 346 et
609 304 822 345 satisfactio
854 303 1030 354 egregiae
1065 303 1245 342 officinae
1280 303 1406 340 factae
1440 310 1531 339 sunt

118 363 214 403 lucri
245 371 284 402 et
317 362 528 413 potentiae.
589 362 652 399 De
686 358 936 398 confessione
970 357 1088 408 prius.
1148 358 1242 395 Non
1273 364 1331 395 est
1361 355 1529 395 dubium

117 417 407 457 confessionem
437 423 690 466 peccatorum
720 426 805 452 esse
835 412 1107 459 necessariam,
1138 419 1176 450 et
1206 410 1393 450 divinitus
1424 423 1531 448 man-

117 473 251 511 datam
273 503 279 510 .
305 501 312 509 .
336 502 343 510 .
367 471 536 510 Occulta
555 477 687 508 autern
709 468 917 513 confessio,
942 480 1043 516 quae
1065 466 1187 504 modo
1208 465 1439 511 celebratur,
1457 464 1529 502 etsi

118 525 273 576 probari
303 539 349 564 ex
378 524 576 574 Scriptura
605 536 686 561 non
717 521 851 572 possit,
875 520 974 558 miro
1003 521 1126 559 modo
1156 527 1289 558 tamen
1320 520 1459 569 placet,
1492 526 1529 556 et

117 580 231 628 utilis,
254 579 335 618 imo
356 578 574 618 necessaria
595 585 663 623 est,
687 589 761 615 nec
781 577 921 614 vellem
944 588 1031 613 eam
1052 588 1132 612 non
1154 587 1249 620 esse,
1274 573 1354 612 imo
1375 574 1530 622 gaudeo

117 648 204 673 eam
236 647 321 672 esse
351 634 390 671 in
421 631 587 671 ecclesia
617 630 774 677 Christi,
798 643 889 668 curn
917 629 966 667 sit
990 628 1074 678 ipsa
1099 627 1252 666 afflictis
1277 626 1530 665 conscientiis

116 688 278 727 unicum
303 686 546 726 remedium:
582 684 779 735 siquidem
804 685 960 722 detecta
991 682 1094 721 fratri
1124 690 1260 721 nostro
1287 681 1532 720 conscientia

116 750 155 782 et
175 743 290 788 malo,
321 742 429 792 quod
460 740 616 786 latebat,
641 738 879 777 familiariter
900 739 1081 783 revelato,
1105 737 1269 775 verbum
1291 735 1418 774 solatii
1440 735 1532 773 reci-

117 796 245 847 pimus
276 809 321 835 ex
351 809 417 834 ore
447 794 582 840 fratris,
614 807 636 832 a
667 795 756 832 Deo
786 793 993 842 prolatum,
1023 792 1132 841 quod
1163 791 1241 829 fide
1271 789 1531 840 suscipientes

117 858 277 900 pacatos
316 864 389 889 nos
428 848 592 887 facimus
627 847 667 885 in
708 845 975 885 misericordia
1011 845 1087 884 Dei
1120 858 1189 896 per
1223 845 1379 882 fratrem
1416 843 1531 882 nobis

116 904 324 955 loquentis.
385 905 479 942 Hoc
518 904 646 941 solum
685 902 870 947 detestor,
912 914 997 938 esse
1037 913 1122 938 eam
1164 898 1455 937 confessionem
1492 899 1530 935 in

115 958 361 1008 tyrannidem
379 965 417 996 et
433 956 679 996 exactionem
696 955 928 1006 pontificum
950 955 1163 993 redactam.
1196 955 1299 992 Nam
1318 960 1355 991 et
1377 954 1533 990 occulta

115 1013 189 1052 sibi
224 1020 431 1059 reservant,
467 1011 613 1050 deinde
652 1009 865 1048 nominatis
900 1022 922 1047 a
961 1022 1002 1046 se
1040 1007 1332 1047 confessoribus
1372 1006 1530 1045 revelari

60 1074 68 1080 '
117 1068 318 1113 mandant,
341 1067 392 1105 ad
413 1066 611 1104 vexandas
639 1063 786 1102 scilicet
807 1063 1015 1101 hominum
1038 1061 1311 1100 conscientias.
1334 1093 1341 1100 .
1365 1092 1372 1099 .
1396 1091 1402 1098 .
1422 1060 1531 1109 Quin

116 1135 162 1160 ea
182 1120 431 1170 potissimum
460 1125 656 1158 reservant
686 1117 760 1156 sibi
791 1117 900 1167 impii
931 1116 1094 1165 tyranni,
1118 1129 1219 1165 quae
1248 1115 1410 1153 minoris
1441 1123 1531 1152 sunt

117 1175 320 1221 momenti,
332 1187 473 1224 magna
486 1186 578 1211 vero
591 1171 736 1222 passim
751 1171 977 1220 relinquunt
994 1171 1110 1219 vulgo
1125 1170 1384 1215 sacerdotum,
1401 1169 1532 1218 qualia

117 1236 207 1267 sunt
227 1228 391 1267 ridicula
411 1227 475 1266 illa
495 1235 533 1266 et
554 1227 723 1265 conficta
744 1226 783 1263 in
806 1226 912 1263 bulla
933 1237 1081 1263 coenae
1104 1223 1277 1262 Domini.
1340 1224 1429 1261 Imo
1451 1236 1531 1272 quo

117 1284 165 1321 sit
200 1282 441 1321 manifestior
471 1280 732 1331 perversitatis
768 1279 961 1329 impietas,
994 1292 1040 1317 ea
1071 1291 1172 1328 quae
1211 1285 1348 1315 contra
1380 1278 1529 1315 cultum

119 1336 205 1384 Dei,
230 1338 349 1376 fidem
379 1344 418 1374 et
447 1335 572 1386 prima
593 1342 801 1384 praecepta
831 1341 932 1380 sunt,
956 1346 1037 1371 non
1068 1333 1190 1371 modo
1211 1345 1292 1370 non
1319 1339 1528 1376 reservant,

118 1392 187 1430 sed
208 1399 245 1429 et
275 1392 421 1430 docent
451 1398 488 1429 et
519 1389 698 1439 probant,
722 1389 852 1438 qualia
882 1394 971 1426 sunt
1002 1386 1200 1425 discursus
1231 1386 1285 1424 illi
1315 1385 1531 1436 peregrina-

117 1444 281 1491 tionum,
318 1446 445 1482 cultus
484 1444 652 1494 perversi
693 1450 930 1488 sanctorum,
966 1442 1177 1479 mendaces
1217 1441 1409 1490 legendae
1447 1453 1531 1477 san-

118 1506 282 1547 ctorum,
317 1500 422 1537 varia
459 1497 605 1536 fiducia
643 1504 681 1535 et
716 1496 897 1535 exercitia
931 1509 1094 1545 operum
1131 1502 1168 1533 et
1203 1493 1527 1539 ceremoniarum,

119 1554 261 1602 quibus
283 1552 468 1591 omnibus
490 1553 589 1590 fides
612 1550 687 1590 Dei
710 1549 977 1599 exstinguitur,
1001 1557 1038 1588 et
1060 1548 1239 1587 idolatria
1260 1550 1422 1587 fovetur.
1448 1577 1455 1585 .
1478 1577 1485 1584 .

172 1606 487 1646 Satisfactionem
509 1619 626 1655 quam
650 1604 810 1655 indigne
831 1604 1042 1649 tractarint,
1064 1604 1225 1641 abunde
1240 1602 1319 1641 dixi
1342 1602 1381 1639 in
1403 1602 1530 1640 causis

119 1660 460 1711 indulgentiarum.
494 1691 501 1698 .
536 1690 543 1698 .
576 1690 582 1696 .
614 1661 727 1708 Quae
772 1666 947 1696 monstra
990 1658 1059 1696 tibi
1099 1658 1305 1703 debemus,
1348 1658 1531 1694 Romana

118 1716 242 1762 sedes,
278 1722 316 1754 et
348 1714 424 1753 tuis
463 1713 672 1752 homicidis
712 1712 863 1762 legibus
898 1720 934 1750 et
968 1711 1116 1758 ritibus,
1151 1711 1295 1760 quibus
1336 1711 1528 1748 mundum

118 1776 244 1807 toturn
275 1782 322 1808 eo
353 1768 567 1818 perdidisti,
601 1775 642 1805 ut
672 1767 906 1805 arbitrentur
935 1779 1020 1803 sese
1050 1778 1166 1815 posse
1198 1767 1286 1803 Deo
1315 1778 1383 1814 per
1413 1777 1531 1813 opera

119 1836 188 1872 pro
222 1822 392 1872 peccatis
424 1822 657 1868 satisfacere,
691 1820 752 1859 cui
789 1822 873 1858 sola
904 1821 982 1858 fide
1017 1820 1146 1858 cordis
1176 1818 1333 1857 contriti
1368 1817 1531 1861 satisfit3

119 1890 237 1926 quam
276 1884 318 1915 tu
357 1876 416 1915 his
455 1875 689 1914 tumultibus
727 1888 809 1912 non
848 1875 977 1912 solum
1017 1873 1135 1912 taceri
1167 1874 1260 1911 facis
1299 1874 1369 1910 sed
1405 1872 1531 1922 oppri-

121 1930 193 1969 mis
213 1930 343 1978 etiam,
366 1938 519 1969 tantum
547 1938 589 1967 ut
610 1929 754 1967 habeat
775 1927 1011 1978 sanguisuga
1032 1935 1097 1966 tua
1120 1926 1362 1974 insatiabilis,
1385 1926 1530 1976 quibus

121 1985 247 2023 dicat:
278 1986 394 2033 Affer,
419 1985 537 2031 Affer,
560 1991 597 2022 et
619 1990 781 2034 peccata
801 1983 957 2021 vendat.
983 2013 989 2020 .
1014 2012 1021 2020 .
1047 2013 1053 2020 .

121 2110 211 2154 No.
244 2121 314 2164 37.
381 2111 554 2155 Letter
583 2113 637 2154 to
676 2111 774 2152 Leo
813 2109 863 2150 X
901 2122 966 2152 on
1001 2109 1087 2152 the
1119 2108 1332 2151 treatise
1374 2106 1528 2151 ‘Con-

438 2169 648 2222 cerning
680 2167 940 2213 Christian
974 2167 1212 2221 Liberty.’

176 2285 184 2293 .
199 2283 207 2292 .
224 2256 387 2304 .Quare‚
397 2255 546 2305 optime
561 2257 655 2302 Leo,
667 2254 727 2292 his
742 2268 804 2292 me
817 2253 935 2291 literis
953 2267 1046 2303 rogo
1061 2259 1315 2302 expurgatum
1331 2251 1528 2297 admittas,

122 2307 271 2358 tibique
291 2311 538 2360 persuadeas,
564 2323 626 2348 me
646 2308 743 2347 nihil
768 2321 943 2358 unquam
965 2308 1015 2345 de
1041 2320 1209 2356 persona
1229 2314 1295 2344 tua
1317 2306 1407 2343 mali
1429 2305 1530 2354 cogi-

123 2369 247 2421 tasse:
281 2363 427 2402 deinde
454 2377 517 2402 me
538 2365 655 2402 talem
682 2376 778 2410 esse,
801 2362 869 2412 qui
894 2361 964 2400 tibi
990 2361 1140 2411 optima
1164 2359 1279 2399 velim
1302 2359 1530 2407 contingere

122 2428 162 2453 in
181 2424 396 2456 aeternum.
420 2448 427 2456 .
451 2448 458 2455 .
484 2448 490 2455 .

178 2471 319 2509 Sedem
340 2479 471 2510 autem
493 2479 613 2517 tuam,
635 2484 736 2520 quae
751 2470 870 2510 Curia
887 2471 1069 2507 Romana
1091 2468 1243 2513 dicitur,
1263 2480 1379 2516 quam
1402 2479 1531 2517 neque
