1715 2780
153 108 225 156 136
321 103 441 143 THE
471 102 703 143 MisstoN
734 102 805 142 OF
834 99 1371 150 CAMPEGGIO‚1523-4
1489 100 1548 146 69

152 208 384 249 obedienter
413 208 633 258 paruissent
662 213 700 245 et
730 204 1008 244 satisfecissent
1037 216 1083 242 ac
1112 204 1208 243 illud
1237 201 1342 242 idem
1374 210 1548 242 manute-

153 263 340 310 nuissent,
364 269 401 301 et
426 275 472 300 ex
498 274 545 300 eo
576 261 684 310 quod
711 258 903 310 promissa
931 257 1147 308 adimplere
1176 258 1439 317 neglexerunt,
1465 270 1546 296 non

153 317 362 364 modicam,
385 315 535 354 ratione
558 313 815 364 Reipublicae
829 311 1075 352 Christianae
1095 318 1133 351 et
1154 311 1273 350 totius
1290 312 1547 351 Germanicae

153 370 346 418 Nationis,
379 368 600 408 molestiam
631 375 669 406 et
703 365 993 417 displicentiam
1023 364 1279 416 concepisse;
1307 378 1353 404 ea
1390 373 1548 415 propter

152 424 392 486 desiderium
422 431 460 462 et
489 422 721 473 petitionem
751 429 926 480 nostram
956 419 1097 458 iterum
1127 432 1175 458 eo
1200 419 1480 459 collocavimus
1505 426 1547 457 ut

152 478 278 530 quivis
310 480 548 524 Electorum‚
581 484 667 523 etc.,
700 488 769 525 per
800 488 841 513 se
872 473 1002 525 ipsum
1034 481 1072 512 et
1106 475 1212 524 apud
1244 473 1424 513 subditos
1456 486 1547 512 suos

152 540 303 572 curaret
317 540 354 571 et
371 532 539 570 efficeret
556 531 665 581 quod
679 528 905 568 huiusmodi
921 536 1062 567 nostro
1069 528 1256 567 mandato
1272 526 1547 567 Wormatiensi

154 587 342 636 deinceps
370 587 502 624 adhuc
523 583 755 623 obedienter
781 583 1127 633 obtemperaretur,
1150 581 1261 620 cuius
1285 582 1547 628 occasionem,

151 643 202 680 ad
235 640 463 679 huiusmodi
496 646 669 677 nostram
704 636 936 688 petitionem
977 644 1014 675 et
1054 635 1305 683 desiderium,
1337 635 1471 674 Nostri
1511 643 1548 674 et

152 698 189 734 S.
213 697 260 734 R.
286 696 316 733 Ι.
341 695 554 741 Electores,
577 700 665 740 eto,
687 691 787 730 inter
814 705 854 729 se
881 691 1182 738 concordarunt,
1206 697 1244 728 et
1271 691 1549 729 concluserunt

152 763 193 788 se
222 750 322 788 velle
351 747 458 787 dicto
488 755 623 785 nostro
654 723 842 784 inandato
872 744 1103 784 obedienter
1123 742 1480 795 (quemadmodum
1511 751 1549 782 et

152 804 203 842 ad
241 802 281 841 id
321 816 362 841 se
401 801 594 851 obligatos
633 813 718 839 esse
757 798 1061 849 recognoscunt)
1101 811 1172 849 pro
1201 797 1298 836 virili
1333 811 1402 836 sua
1432 805 1471 836 et
1509 798 1549 835 in

150 864 343 907 quantum
374 854 561 906 possibile
591 854 640 893 sit
667 867 802 905 parere
832 861 869 892 et
898 852 995 892 illud
1025 851 1240 902 adimplere
1265 859 1302 891 et
1330 851 1550 891 observare.

152 914 213 949 Ac
251 923 331 960 quo
369 908 569 960 quaelibet
608 915 780 958 potestas
822 908 942 967 apud
967 906 1261 966 typographos.
1315 905 1549 966 ‚provideat

152 973 194 1003 ut
215 965 403 1013 deinceps
424 963 564 1002 famosi
585 961 707 1000 libelli
734 975 803 1000 seu
830 960 1040 999 iniuriosae
1071 959 1283 1010 scripturae
1312 966 1350 999 et
1374 959 1549 1010 picturae

152 1018 190 1057 in
212 1020 386 1057 futurum
416 1016 455 1055 in
486 1024 613 1055 totum
643 1022 909 1062 amor-‚eantur
931 1022 970 1053 et
999 1013 1159 1053 ulterius
1189 1026 1270 1052 non
1300 1013 1549 1063 divulgentur

152 1073 232 1111 sive
253 1072 488 1119 dilatentur,
518 1071 707 1120 quodque
737 1071 776 1107 111
806 1077 1007 1119 posterum
1036 1067 1186 1106 ratione
1207 1066 1547 1114 bibliothecarum,

154 1127 260 1165 iuxta
280 1134 458 1164 tenorem
479 1123 668 1175 praedicti
689 1122 864 1162 mandati
886 1122 1019 1170 nostri,
1043 1122 1281 1161 observetur.

207 1182 355 1219 Verum
395 1179 426 1217 si
461 1178 645 1229 cuiquam
675 1177 817 1227 aliqua,
849 1176 951 1215 circa
980 1175 1202 1236 praemissa,
1236 1175 1461 1226 gravamina
1488 1176 1549 1214 vel

154 1233 438 1285 impedimenta
467 1233 701 1271 accederent
727 1233 787 1270 vel
817 1231 1060 1277 inferrentur,
1084 1244 1114 1268 1s
1144 1244 1189 1269 ea
1220 1238 1353 1269 nostro
1385 1231 1551 1268 Locum-

154 1288 304 1327 tenenti
334 1295 372 1326 et
403 1285 599 1337 Regimini
632 1286 850 1336 significare
880 1284 1033 1335 poterit,
1065 1285 1131 1334 qui
1161 1297 1183 1322 a
1214 1283 1340 1322 Nobis
1371 1283 1551 1322 commis-

155 1342 307 1381 sionem
348 1342 494 1379 habent
534 1340 665 1389 (prout
704 1347 741 1377 et
780 1339 873 1388 ipsis
920 1347 1056 1377 tenore
1103 1337 1366 1387 praesentium
1406 1337 1552 1376 seriose

155 1395 456 1444 committimus)
496 1402 689 1444 quatenus
729 1392 893 1431 consilio
941 1400 979 1431 et
1025 1392 1169 1430 auxilio
1217 1391 1551 1442 conquerentibus

156 1451 297 1497 adsint,
338 1462 406 1487 eos
452 1456 644 1493 tueantur,
687 1455 724 1485 et
763 1446 911 1485 dictum
952 1454 1127 1484 nostrum
1174 1446 1404 1484 mandatum
1443 1445 1551 1484 omni

155 1502 358 1553 diligentia
380 1510 631 1552 exequantur.
693 1503 742 1539 Et
772 1514 821 1538 ne
852 1501 1001 1538 bonum
1032 1513 1122 1537 cum
1151 1501 1254 1538 malo
1275 1499 1549 1549 supprimatur,

157 1566 195 1596 et
216 1559 375 1596 tandem
398 1555 583 1594 resolutio
604 1555 684 1593 fieri
707 1567 774 1592 seu
795 1553 1035 1592 adamussim
1058 1553 1268 1591 examinari
1290 1552 1411 1603 possit
1432 1566 1550 1603 quam

157 1612 259 1650 xiam
290 1611 329 1649 in
360 1612 433 1648 hac
463 1623 503 1648 ie
524 1609 691 1659 quisque
725 1609 867 1646 debeat
901 1607 1097 1658 amplecti,
1131 1615 1400 1646 convenerunt
1429 1606 1551 1645 nostri

160 1668 504 1711 Locumtenentes‚
528 1665 679 1709 Orator,
705 1664 915 1708 Electores,
939 1669 1024 1708 etc.,
1044 1674 1133 1699 cum
1156 1662 1191 1700 S.
1212 1663 1259 1699 D.
1277 1662 1325 1699 N.
1350 1659 1550 1698 Pontificis

161 1722 307 1768 Legato
347 1718 410 1756 hic
449 1725 665 1768 praesente,
707 1716 774 1766 qui
821 1717 1011 1766 generale,
1054 1715 1219 1753 liberum
1259 1722 1296 1753 et
1334 1715 1551 1753 universale

159 1772 383 1813 Concilium
415 1769 732 1818 Christianitatis,
762 1777 950 1820 tanquam
985 1782 1140 1808 summe
1173 1768 1451 1813 necessarium,
1484 1781 1553 1819 per

161 1829 267 1865 Beat.
292 1829 403 1864 Pont.
428 1827 478 1863 de
497 1838 691 1864 consensu
714 1832 856 1870 nostro,
881 1832 1029 1873 quanto
1050 1823 1163 1861 citius
1184 1831 1221 1862 et
1243 1836 1359 1872 quam
1382 1822 1551 1872 primum

160 1879 356 1929 possibile,
390 1880 560 1917 futurum
592 1878 650 1925 sit,
682 1879 732 1916 ad
763 1879 893 1916 locum
924 1878 1226 1916 convenientem
1257 1876 1297 1914 in
1327 1875 1550 1922 Germania,

158 1941 272 1984 prout
293 1934 417 1977 decet,
442 1932 560 1970 indici
582 1940 619 1970 et
640 1931 841 1981 publicari.

214 1989 264 2025 Et
293 1986 550 2024 nihilominus
571 1985 717 2023 interea
739 1985 925 2034 temporis
946 1985 985 2022 in
1007 1984 1112 2023 diem
1136 1984 1227 2022 Divi
1250 1982 1409 2022 Martini
1429 1984 1552 2033 proxi-

163 2054 268 2079 mum
300 2041 337 2077 in
371 2039 526 2077 civitate
554 2038 724 2097 Spirensi
757 2038 979 2076 communis
1011 2037 1261 2088 congregatio
1292 2037 1552 2076 Germanicae

162 2094 343 2133 Nationis
370 2093 568 2140 celebrari,
593 2105 638 2130 ac
667 2092 705 2129 in
733 2093 915 2139 eandem,
936 2101 977 2130 ut
1004 2093 1226 2142 praefertur,
1252 2090 1458 2130 deliberari
1480 2121 1487 2129 .
1512 2121 1519 2128 .
1542 2119 1551 2129 .

161 2149 304 2187 debeat
325 2160 405 2197 quo
426 2154 542 2196 pacto
564 2159 688 2195 usque
708 2147 759 2184 ad
789 2145 1046 2183 indicendum
1071 2147 1251 2195 generale
1271 2144 1481 2183 concilium
1504 2144 1553 2182 sit

157 2202 367 2252 agendum.
427 2201 490 2238 Ad
521 2213 637 2249 quam
675 2199 1017 2248 congregationem
1048 2200 1173 2248 quivis
1205 2200 1440 2245 Electorum‚
1465 2205 1551 2245 etc.,

159 2270 200 2294 se
222 2254 475 2305 personaliter
496 2255 670 2292 conferre
695 2261 882 2291 teneatur
907 2283 913 2290 .
939 2283 945 2290 .
971 2282 977 2290 .

216 2309 431 2348 Debebunt
471 2308 629 2357 insuper
677 2306 797 2345 nostri
847 2308 1179 2345 Locumtenentes
1218 2314 1256 2344 et
1294 2304 1551 2343 constitutum

162 2364 368 2414 Regimen,
392 2363 619 2411 Principes.
645 2391 652 2399 .
676 2362 920 2408 .Electores,
944 2368 1028 2406 eto,
1048 2359 1149 2397 circa
1170 2358 1407 2409 praescripta
1426 2358 1554 2409 singu-

160 2419 257 2456 lari.
313 2415 587 2456 ‚advertentia
616 2414 837 2465 prospicere
865 2415 973 2464 quod
1005 2413 1136 2452 medio
1165 2421 1341 2473 tempore
1371 2420 1550 2451 sanctum

162 2475 220 2510 Ex
223 2471 418 2521 ingelium
451 2478 488 2508 et
519 2469 693 2508 Xerbum
732 2468 818 2515 Dei,
852 2469 1071 2506 secundum
1102 2481 1235 2506 verum
1268 2467 1463 2507 sincerum
1495 2466 1550 2504 in-

159 2527 359 2565 tellectum
387 2532 423 2564 ct
452 2523 811 2574 interpretationem
842 2524 1061 2561 Doctorum
1083 2535 1103 2559 a
1127 2521 1341 2561 Communi
1371 2520 1549 2559 Ecclesia
