1715 2780
147 141 225 180 272
564 128 623 165 IN
657 126 899 170 GENEVA,
938 123 1117 172 1509—36
1470 133 1539 169 531

149 234 250 273 Dieu
273 241 311 272 et
331 234 381 272 de
402 245 444 270 sa
464 231 612 270 saincte
633 230 776 281 parole,
791 229 814 266 a
830 228 910 266 bon
932 228 1057 266 droict
1078 239 1130 264 on
1152 227 1206 264 les
1228 225 1311 264 doit
1334 226 1488 274 rejetter
1508 233 1545 263 et

148 288 529 327 merveilleusernent
550 286 731 324 detester.
774 284 850 322 Car
863 282 1022 332 n’ayans
1043 293 1092 319 eu
1114 281 1219 318 nulle
1242 280 1363 318 honte
1385 280 1435 318 de
1455 292 1547 316 vou-

147 342 219 381 loir
239 343 414 381 enclorre
443 341 478 379 le
508 352 622 390 corps
653 340 702 377 de
723 339 838 388 Jesus
868 349 917 374 en
949 337 1031 374 leur
1060 334 1217 373 oublie:
1247 333 1351 372 aussi
1373 331 1547 382 (comme

147 398 333 436 effrontez
362 393 586 444 heretiques
616 392 727 443 qu’ils
758 390 864 441 sont)
886 390 930 428 ils
961 391 1068 428 n'ont
1099 403 1147 427 eu
1177 401 1331 426 aucune
1362 389 1482 426 honte
1509 394 1548 425 et

148 463 370 501 vergongne
390 450 440 488 de
468 448 551 487 dire
576 446 665 497 qu'il
692 460 733 484 se
761 446 874 484 laisse
899 457 1059 494 manger
1086 457 1160 481 aux
1188 451 1276 489 rats,
1299 443 1486 492 araignes‚
1510 449 1548 480 et

148 505 333 550 vermine,
355 516 512 541 comme
534 502 558 540 il
588 508 646 539 est
676 499 790 539 escrit
820 500 870 538 de
899 501 1011 537 lettre
1033 511 1152 548 rouge
1180 510 1229 535 en
1255 497 1357 535 leurs
1380 496 1548 534 Messels

148 573 198 598 en
218 560 255 597 la
274 557 349 596 xxii
370 558 546 596 cautelle.
573 586 579 593 .
603 586 610 594 .
635 585 643 593 .
689 556 724 593 Ο
747 553 985 600 miserables,
1009 553 1143 602 quand
1164 551 1189 589 il
1210 553 1271 601 n'y
1292 550 1420 589 auroit
1439 558 1549 588 autre

150 614 227 652 mal
247 626 298 651 en
317 619 426 650 toute
446 618 575 650 vostre
603 608 800 658 theologie
827 607 1027 653 infernale,
1051 606 1081 644 si
1109 619 1189 644 non
1218 619 1266 644 en
1288 618 1332 643 66
1354 617 1430 655 que
1451 617 1549 642 vous

148 668 276 718 parlez
297 673 380 705 tant
396 665 714 704 irreveremment
736 663 789 701 du
810 663 991 712 precieux
1013 674 1127 711 corps
1149 661 1198 698 de
1219 661 1347 709 Jesus,
1363 659 1549 697 combien

149 720 308 760 meritez
327 733 423 759 vous
443 720 495 758 de
515 720 640 768 fagots
662 726 699 756 et
720 718 770 756 de
792 718 869 765 feu,
890 716 1230 765 blasphemateurs
1252 721 1289 752 et
1311 712 1547 762 heretiques,

149 775 254 814 voire
287 776 343 814 les
375 775 461 824 plus
492 773 636 823 grands
671 779 708 810 et
740 783 920 809 enormes
953 768 1020 819 qui
1050 768 1189 818 jamais
1223 775 1340 818 ayent
1379 775 1461 806 este
1499 780 1549 804 au

149 830 327 868 monde?
382 829 564 866 Allumez
593 827 698 865 donc
719 838 787 864 vos
815 825 940 874 fagots
968 837 1066 874 pour
1086 836 1183 861 vous
1209 823 1358 860 brusler
1379 829 1417 860 et
1438 820 1550 859 rostir

149 897 245 923 vous
279 896 459 929 mesmes,
491 894 571 919 non
606 893 675 930 pas
707 892 818 926 nous,
852 892 949 928 pour
980 891 1025 916 ce
1057 890 1134 927 que
1169 890 1269 915 nous
1301 890 1350 914 ne
1385 876 1550 914 voulons

149 937 271 977 croire
291 939 314 975 a
333 950 402 975 vos
423 935 559 983 idoles,
582 935 604 973 a
625 947 692 973 vos
716 933 843 973 Dieux
865 945 1071 971 nouveaux
1093 939 1131 969 et
1156 943 1364 969 nouveaux
1385 929 1548 976 Christs‚

149 991 219 1043 qui
240 1005 281 1031 se
310 991 470 1029 laissent
499 1002 659 1040 manger
688 1002 763 1026 aux
793 987 923 1026 bestes
954 994 991 1025 et
1022 986 1043 1023 a
1063 999 1161 1024 vous
1191 984 1462 1035 pareillement
1483 984 1551 1033 qui

150 1054 251 1086 estes
279 1045 360 1096 pire
394 1058 472 1095 que
506 1044 648 1090 bestes,
685 1056 734 1081 en
764 1055 832 1080 vos
863 1040 1079 1090 badinages
1114 1040 1283 1089 lesquels
1310 1052 1407 1077 vous
1440 1037 1551 1076 faites

149 1102 172 1139 a
202 1102 369 1139 l'entour
399 1101 449 1137 de
478 1106 607 1137 vostre
645 1096 736 1136 dieu
771 1097 821 1135 de
851 1103 973 1146 paste,
1002 1095 1151 1145 duquel
1181 1107 1278 1132 vous
1310 1106 1408 1131 vous
1438 1094 1552 1142 jouez

149 1167 306 1194 comme
326 1167 380 1192 un
399 1154 491 1191 chat
511 1153 628 1191 d'une
650 1149 784 1189 5011115.
813 1181 819 1189 ,
840 1180 848 1188 .
874 1180 880 1187 .

205 1207 259 1256 40,
276 1210 312 1247 16
330 1207 443 1246 fruict
457 1214 495 1245 et
510 1207 654 1256 l'usage
675 1206 725 1244 de
746 1206 782 1242 la
804 1206 937 1242 Messe
962 1210 1020 1242 est
1042 1202 1132 1242 bien
1154 1200 1347 1240 contraire
1367 1214 1417 1239 au
1439 1199 1552 1239 fruict

152 1270 190 1302 et
209 1264 233 1301 a
252 1264 396 1312 l’usage
416 1262 467 1300 de
491 1262 527 1299 13
552 1261 700 1299 saincte
722 1260 832 1298 Cene
859 1259 908 1297 de
929 1259 1044 1308 Jesus
1067 1255 1210 1303 Christ,
1235 1263 1273 1294 et
1293 1257 1391 1294 n'est
1412 1268 1480 1305 pas
1502 1255 1552 1293 de

153 1316 388 1356 merveilles:
414 1329 478 1354 car
499 1322 607 1353 entre
624 1312 756 1353 Christ
777 1321 815 1351 et
832 1311 955 1350 Belial
976 1311 1001 1349 il
1022 1312 1084 1361 n'y
1104 1324 1127 1348 a
1147 1311 1230 1348 rien
1250 1323 1450 1348 commun.
1496 1311 1552 1347 Le

151 1372 265 1410 fruict
291 1378 329 1410 et
354 1371 390 1409 16
410 1383 500 1419 vray
520 1381 638 1419 usage
664 1369 715 1406 de
744 1368 782 1405 la
811 1366 959 1405 saincte
980 1365 1092 1406 Cene
1120 1365 1171 1403 de
1191 1366 1306 1414 Jesus
1328 1362 1460 1403 Christ
1481 1371 1550 1409 est,

151 1438 251 1476 pour
270 1426 306 1464 le
326 1423 504 1475 premier,
528 1424 577 1461 de
598 1422 822 1461 consideres
849 1427 1053 1459 comment
1082 1420 1118 1457 le
1139 1420 1329 1468 Seigneur
1349 1431 1449 1456 nous
1471 1430 1552 1467 pre—

153 1487 263 1518 sente
279 1480 330 1519 de
345 1492 388 1518 sa
403 1486 488 1528 part
504 1479 540 1516 le
555 1489 670 1526 corps
687 1484 724 1514 et
746 1477 782 1514 le
802 1488 897 1525 sang
918 1476 969 1514 de
989 1487 1061 1513 son
1078 1474 1157 1511 Fils
1171 1474 1286 1522 Jesus
1304 1471 1446 1517 Christ,
1465 1472 1486 1509 a
1508 1485 1552 1510 ce

153 1547 230 1584 que
249 1546 350 1572 nous
371 1531 720 1581 communiquions
741 1536 968 1580 vrayement
994 1542 1043 1566 au
1069 1527 1244 1566 sacrifice
1264 1527 1315 1565 de
1336 1528 1372 1564 la
1393 1533 1495 1565 mort
1516 1534 1553 1564 et

153 1587 310 1638 passion
341 1585 507 1634 d'icelui,
530 1593 569 1625 et
599 1598 675 1635 que
696 1586 811 1634 Jesus
842 1597 942 1622 nous
970 1582 1044 1621 soit
1074 1595 1173 1633 pour
1197 1582 1417 1619 nourriture
1448 1579 1553 1630 spiri—

153 1643 271 1681 tuelle
298 1648 336 1680 et
361 1641 557 1687 eternelle‚
580 1647 618 1678 et
639 1652 716 1688 que
743 1651 843 1677 nous
865 1651 966 1676 nous
996 1650 1044 1675 en
1076 1635 1232 1675 tenions
1258 1648 1357 1685 pour
1376 1647 1554 1673 asseurez

153 1709 310 1735 comme
340 1695 366 1733 il
398 1696 433 1733 16
465 1707 565 1733 110115
596 1694 752 1732 (1661316
782 1700 819 1730 61
854 1705 954 1730 110115
985 1704 1034 1729 611
1063 1702 1219 1729 35561116
1250 1703 1317 1739 par
1348 1702 1393 1726 ce
1428 1687 1553 1726 sainct

154 1752 393 1789 Sacrament.
456 1749 609 1787 L'autre
626 1746 760 1797 poinct
776 1754 844 1793 est,
863 1747 914 1784 de
935 1744 1238 1796 publiquement
1259 1744 1352 1781 faire
1366 1750 1553 1792 protesta-

154 1803 238 1843 tion
254 1805 304 1842 de
325 1816 367 1842 sa
387 1803 452 1852 foy
469 1818 474 1840 :
493 1809 532 1841 et
553 1815 601 1840 en
623 1802 828 1840 confiance
849 1799 1020 1838 certaine
1041 1800 1091 1838 de
1113 1799 1224 1844 salut,
1244 1796 1351 1836 avoir
1371 1797 1552 1835 actuelle-

156 1866 265 1897 ment
297 1856 485 1896 memoire
516 1857 566 1895 de
601 1857 637 1893 la
672 1862 772 1893 mort
811 1862 849 1892 et
884 1854 1042 1904 passion
1075 1853 1125 1891 de
1157 1854 1271 1901 Jesus
1304 1850 1447 1897 Christ,
1485 1863 1553 1900 par

155 1913 323 1962 laquelle
344 1924 444 1950 nous
466 1923 637 1949 somnies
659 1910 838 1947 rachetez
851 1909 901 1946 de
918 1906 1149 1946 damnation
1164 1913 1202 1944 et
1222 1905 1431 1956 perdition,
1447 1904 1554 1943 avoir

154 1966 256 2005 aussi
280 1977 528 2005 souvenance
558 1965 608 2003 de
638 1965 674 2001 la
702 1963 849 2013 grande
879 1961 1025 2000 charite
1056 1968 1094 2000 et
1123 1959 1310 1999 dilection
1342 1960 1391 1998 de
1413 1958 1507 2009 quoi
1529 1958 1554 1996 il

155 2034 256 2059 nous
280 2034 303 2058 a
327 2027 411 2058 tant
438 2018 572 2065 aimez,
596 2017 688 2068 qu'il
717 2031 740 2055 a
769 2016 885 2055 baille
916 2030 957 2054 sa
984 2015 1044 2054 vie
1072 2028 1170 2065 pour
1199 2027 1311 2061 nous,
1335 2022 1372 2052 et
1403 2026 1503 2051 nous
1533 2027 1556 2050 3

156 2087 298 2125 purgez
337 2087 405 2124 par
443 2086 515 2112 son
555 2085 662 2122 sang.
735 2072 853 2109 Aussi
893 2083 942 2109 en
988 2077 1154 2120 prenant
1202 2076 1291 2107 tous
1330 2069 1422 2106 d'un
1462 2067 1552 2117 pain

156 2136 195 2168 et
215 2129 308 2167 d'un
330 2127 538 2177 breuvage,
560 2139 660 2165 nous
689 2138 861 2163 somnies
891 2125 1174 2163 admonnestez
1194 2123 1244 2161 de
1274 2123 1311 2160 13
1339 2120 1486 2159 charite
1517 2128 1555 2158 et

155 2183 302 2232 grande
332 2181 454 2220 union
483 2194 532 2220 en
560 2181 728 2229 laquelle
749 2187 836 2217 tous
858 2179 949 2217 d'un
973 2190 1122 2216 mesme
1143 2177 1261 2226 esprit
1282 2189 1382 2214 nous
1403 2176 1554 2213 devons

156 2235 260 2274 vivre
281 2243 318 2274 et
341 2236 485 2273 mourir
506 2236 683 2283 enJesus
699 2232 843 2273 Christ.
891 2234 940 2270 Et
960 2231 1054 2278 ceci,
1078 2231 1170 2270 bien
1188 2230 1373 2275 entendu,
1393 2228 1553 2277 resjouit

157 2291 271 2328 l'ame
293 2290 419 2335 fidele,
442 2290 478 2327 13
498 2289 745 2338 remplissant
759 2288 809 2325 de
825 2286 957 2326 divine
977 2284 1225 2324 consolation
1243 2297 1291 2322 en
1308 2290 1416 2321 toute
1430 2281 1554 2320 humi-

156 2343 234 2391 lite‘,
266 2343 455 2381 croissant
485 2356 534 2381 en
569 2344 632 2391 foy
662 2343 711 2380 de
739 2342 837 2390 jour,
870 2341 1082 2391 s'exercant
1112 2352 1161 2377 en
1191 2345 1300 2376 toute
1329 2336 1450 2375 bonte
1479 2343 1555 2374 tres

158 2398 287 2436 douce
307 2404 345 2436 et
372 2397 543 2436 amiable
563 2395 721 2435 charite'.
783 2394 885 2433 Mais
907 2396 943 2433 le
966 2395 1079 2431 fruict
1101 2393 1151 2431 de
1172 2393 1208 2429 la
1230 2393 1363 2429 Messe
1383 2398 1440 2429 est
1462 2389 1554 2428 bien

158 2459 278 2497 autre,
301 2463 458 2489 comme
487 2449 744 2500 l’experience
773 2450 808 2487 le
833 2461 934 2488 nous
958 2449 1197 2486 demonstre.
1258 2446 1334 2484 Car
1356 2458 1423 2494 par
1444 2443 1555 2483 icelle

160 2512 269 2543 toute
291 2504 546 2543 conoissance
567 2505 617 2541 de
637 2505 751 2551 Jesus
774 2501 905 2541 Christ
926 2509 983 2539 est
1005 2501 1160 2543 effacee,
1183 2499 1218 2536 13
1241 2498 1483 2547 predication
1506 2499 1556 2535 de

800 2567 830 2592 M
853 2569 890 2592 111
916 2569 933 2591 2
