1715 2780
108 109 187 146 109
316 80 611 137 GATHOLIC
643 95 764 133 AND
796 94 1182 140 PROTESTANT,
1220 104 1320 142 1529
1436 104 1508 142 251

110 201 371 243 Switzerland.
430 202 500 250 My
531 200 632 237 neck
646 199 673 236 's
703 204 773 236 not
803 196 992 246 breaking
1022 197 1118 235 then
1139 198 1167 233 1¹
1207 203 1245 233 et
1265 195 1340 233 alia
1361 195 1414 233 ob
1435 196 1512 233 hoc

109 257 259 296 dictum
281 255 544 294 calumniatus
565 260 634 300 est,
657 260 696 291 et
717 250 976 302 quiritabatur
996 249 1222 300 plurimum.
1256 280 1263 287 .
1297 280 1304 287 .
1338 280 1345 287 .

164 309 364 360 Zuinglius
402 308 625 353 excusabat,
658 306 698 345 id
733 305 883 344 dictum
919 318 1004 343 esse
1039 318 1086 343 ex
1125 303 1328 342 idiotismo
1363 310 1512 341 nostro.

112 367 209 404 Esse
240 363 294 402 ita
322 363 495 401 diversas
529 359 721 411 loquendi
753 360 952 406 formulas,
983 360 1055 397 &c.
1117 357 1304 407 Princeps
1340 365 1439 395 nutu
1475 364 1513 396 et

110 417 237 457 verbis
258 416 554 456 excusationem
575 413 806 464 accipiebat.

164 471 365 522 Zuinglius
387 469 568 508 Postillas
592 467 753 506 Lutheri
770 467 914 513 citavit,
933 467 972 504 in
989 466 1134 516 quibus
1156 465 1362 515 scripserat
1381 468 1389 484 ⁶
1403 466 1514 515 quod

113 526 292 567 Christus
319 526 370 563 de
397 537 438 563 se
465 523 616 569 dixerit,
642 523 782 562 “Caro
804 535 885 560 non
906 522 1067 571 prodest
1094 519 1368 570 quicquam.'''
1428 520 1512 557 Iam

112 580 230 619 verba
259 577 583 618 Melanchthonis
613 575 777 615 adduxit
806 575 846 613 in
873 576 978 613 hunc
1006 574 1134 624 ipsum
1160 576 1306 613 locum.
1368 574 1514 622 ‘Quod

113 647 254 684 corpus
270 631 523 683 corporaliter
543 631 814 676 manducatur,
834 642 1057 667 sermonem
1080 641 1166 667 esse
1187 641 1267 667 non
1290 628 1513 666 fundatum.

114 688 287 738 Quando
316 693 466 725 veteres
497 685 689 731 dixerunt,
722 685 877 733 Corpus
908 682 1053 722 Christi
1085 682 1190 721 cibat
1219 682 1405 728 animam,
1438 682 1515 719 hoc

113 744 163 782 de
183 742 466 780 resurrectione
487 739 687 788 intelligo.⁷

168 797 387 834 Lutherus:
420 796 537 832 ‘Non
567 805 661 831 curo
689 791 785 842 quid
810 804 882 830 nos
910 791 1206 841 scripserimus:
1237 791 1307 828 sed
1338 790 1514 839 probate,

117 852 246 889 “Hoc
263 857 321 888 est
337 849 514 899 corpus,'²
533 848 642 897 quod
659 860 741 884 non
758 845 806 884 sit
822 858 965 896 corpus
984 848 989 883 ἒ
1040 846 1195 894 Corpus
1216 844 1323 882 cibat
1343 842 1519 881 hominis

115 917 256 955 corpus
285 902 544 942 aeternaliter.
603 902 660 940 Os
689 913 782 939 cum
816 899 958 949 accipit
993 912 1148 948 corpus,
1180 897 1516 937 immortalitatem

115 959 314 1008 quandam
363 956 539 1007 acquirit.
619 956 722 993 Nam
762 954 925 993 verbum
970 967 1017 992 ex
1060 953 1167 991 iussu
1218 952 1294 991 Dei
1333 952 1516 990 virtutem

116 1012 253 1051 induit.
316 1013 425 1050 Deus
455 1010 551 1049 dicit
575 1012 595 1029 “
610 1008 803 1058 Accipite,
826 1007 941 1046 facite
957 1009 999 1046 '':
1030 1007 1083 1045 ibi
1115 1008 1179 1045 fit:
1211 1006 1318 1045 dicta
1347 1014 1384 1045 et
1415 1007 1519 1044 facta

116 1074 216 1105 sunt.
278 1065 418 1104 Differt
456 1071 634 1103 nostrum
674 1062 815 1109 dicere,
853 1069 891 1100 et
930 1061 1050 1100 iussio
1084 1061 1171 1099 Dei.
1232 1060 1271 1098 Si
1306 1062 1343 1099 S.
1380 1062 1518 1098 Petrus

116 1128 271 1170 praesto
301 1126 414 1167 esset,
446 1118 687 1156 nesciremus
718 1116 814 1167 quid
844 1117 1030 1154 crederet.
1094 1117 1203 1153 Deus
1236 1128 1327 1164 ergo
1362 1127 1442 1151 non
1479 1115 1518 1151 in

117 1174 323 1213 sanctitate
353 1180 497 1220 nostra,
528 1173 597 1210 sed
628 1171 749 1210 verbo
784 1184 856 1208 suo
888 1171 1027 1208 fundat
1063 1176 1257 1206 sanctum.
1318 1168 1518 1206 Pessimus

118 1229 301 1267 sacerdos
323 1227 413 1265 facit
434 1227 639 1265 sanctum.’

173 1281 396 1332 Zuinglius:
431 1280 695 1326 ‘Absurdum‚
719 1279 828 1328 quod
850 1277 959 1328 impii
982 1291 1063 1315 rem
1086 1276 1231 1315 saciant
1253 1278 1427 1314 sacram.'

173 1337 393 1374 Lutherus:
427 1333 621 1372 ‘Minime
659 1333 900 1371 absurdum:
941 1345 1033 1370 nam
1066 1331 1237 1381 baptizat
1273 1331 1408 1368 malus.
1472 1331 1519 1368 In

121 1390 239 1429 verbo
289 1389 364 1428 Dei
413 1390 634 1427 ministrant
682 1386 804 1437 impii.
882 1387 986 1424 Nam
1030 1385 1106 1423 “in
1146 1386 1334 1424 cathedra
1383 1385 1520 1422 Moses

120 1445 269 1490 sedent,
306 1445 402 1482 &c.''
458 1441 703 1492 Augustinus
742 1448 878 1479 contra
920 1441 1150 1478 Donatistas
1188 1439 1253 1486 ait,
1290 1439 1399 1488 quod
1439 1451 1521 1476 non

121 1505 271 1536 tantum
312 1497 445 1548 probis
485 1505 522 1535 et
562 1495 634 1546 piis
673 1494 868 1534 committi
907 1494 1051 1533 debeat
1097 1492 1384 1532 ministerium:
1429 1493 1521 1542 quia

121 1553 266 1590 factum
297 1559 475 1590 nostrum
505 1550 623 1589 situm
654 1557 713 1588 est
742 1549 783 1587 in
812 1549 932 1587 verbo
964 1548 1064 1586 Dei.’

175 1605 399 1656 Zuinglius:
433 1606 575 1643 ‘Aliud
605 1611 663 1642 est
693 1604 856 1653 quando
886 1601 1084 1640 Pharisaei
1114 1603 1273 1648 docent,
1296 1609 1333 1638 et
1360 1601 1522 1650 quando

123 1661 164 1697 fit
195 1661 303 1710 quod
339 1659 519 1699 Christus
554 1657 738 1708 loquitur.
798 1656 1064 1695 Ministerium
1105 1654 1360 1705 praedicandi
1397 1653 1522 1691 maius

124 1721 181 1752 est
201 1713 418 1752 ministerio
438 1711 674 1762 baptizandi.
735 1713 883 1749 Verum
905 1712 956 1749 ad
978 1710 1233 1760 praedicandi
1261 1707 1520 1746 ministerium

125 1767 320 1818 pertinent
341 1767 414 1805 ista
434 1767 563 1813 verba,
585 1768 610 1785 “
630 1768 722 1803 Hoc
744 1773 801 1803 est
822 1778 964 1815 corpus
987 1764 1177 1802 meum.’''

178 1820 512 1871 Oecolampadius
530 1826 648 1870 caput
664 1819 710 1857 vi.
732 1821 842 1857 Ioan.
859 1818 1020 1856 resumit
1039 1833 1043 1855 :
1074 1816 1237 1856 adducit
1254 1815 1370 1854 etiam
1390 1817 1522 1854 locum

125 1877 174 1914 de
196 1875 431 1922 Nicodemo‚
455 1883 493 1913 et
514 1873 691 1924 explicat.

181 1931 398 1968 Lutherus:
432 1928 572 1967 ‘Fides
603 1935 753 1978 spectat
784 1929 859 1965 hoc
890 1940 1073 1976 praesens
1105 1939 1257 1975 coerS,
1281 1933 1319 1963 et
1349 1925 1387 1963 id
1415 1925 1524 1973 quod

127 1982 165 2020 in
186 1985 298 2022 coelo
319 1985 400 2022 est.'

181 2037 515 2087 Oecolampadius
533 2052 540 2075 :
572 2039 579 2055 ‘
596 2037 775 2074 Inculcat
797 2036 993 2073 Lutherus
1015 2048 1169 2084 semper
1186 2033 1304 2080 idem,
1323 2032 1435 2082 quasi
1453 2044 1524 2070 nos

129 2103 269 2139 panem
291 2091 508 2129 habeamus
530 2090 613 2129 sine
630 2090 750 2128 verbo
769 2089 854 2128 Dei.
914 2088 1093 2127 Ecclesia
1115 2088 1154 2125 in
1170 2089 1247 2126 hoc
1269 2088 1432 2125 fundata
1453 2094 1524 2131 est,

132 2146 228 2182 “Tu
249 2158 290 2183 es
311 2145 412 2183 filius
435 2144 511 2183 Dei
526 2146 567 2182 ⁷³:
600 2157 678 2182 non
700 2143 739 2181 in
761 2145 848 2190 hoc,
870 2145 895 2162 “
914 2144 1007 2180 Hoc
1029 2150 1088 2181 est
1108 2155 1251 2192 corpus
1273 2141 1442 2179 meum.”
1457 2142 1465 2156 '

185 2199 403 2238 Lutherus:
437 2200 555 2237 ‘Non
587 2206 734 2236 temere
764 2197 828 2235 hic
858 2198 1067 2242 adhaereo,
1102 2196 1197 2233 mihi
1224 2195 1316 2234 satis
1347 2202 1405 2232 est
1436 2195 1524 2239 hoc,

134 2252 262 2290 “Hoc
292 2260 349 2290 est
378 2265 520 2302 corpus
551 2253 718 2290 meum.⁷⁷
777 2253 862 2301 Ego
893 2252 1016 2289 fateor
1046 2263 1188 2299 corpus
1219 2263 1303 2288 esse
1334 2248 1373 2286 in
1402 2248 1522 2293 caelo,

133 2305 253 2344 fateor
282 2306 399 2344 etiam
430 2320 514 2344 esse
545 2306 584 2343 in
616 2308 880 2344 Sacramento.
943 2306 1035 2343 Non
1064 2317 1158 2342 curo
1186 2304 1295 2353 quod
1321 2302 1368 2340 sit
1390 2308 1526 2339 contra

132 2367 319 2405 naturam,
353 2361 473 2398 modo
503 2374 582 2398 non
612 2367 749 2398 contra
779 2360 923 2397 fidem.’

186 2413 542 2463 Oecolampadius:
576 2417 583 2433 ⁴
603 2416 712 2451 “Per
733 2414 867 2451 omnia
887 2412 1003 2451 nobis
1025 2411 1162 2449 similis
1184 2412 1309 2448 factus
1330 2410 1422 2447 est.''
1472 2409 1528 2447 Ut

134 2465 347 2505 consimilis
370 2467 473 2505 Patri
494 2467 534 2505 in
554 2466 768 2514 divinitate,
793 2466 846 2504 ita
866 2466 982 2504 nobis
1005 2469 1041 2503 in
1065 2464 1336 2503 humanitate.’
