1715 2780
171 122 219 157 60
270 121 508 160 LUTHER
539 121 656 158 ANI)
689 120 911 159 ULRICH
943 119 1060 157 VON
1092 119 1345 166 HUTTEN,
1372 129 1472 168 1520
1513 128 1565 166 33

225 224 483 263 CAOETANUS.
534 222 740 261 Insanire?
782 224 832 261 de
867 223 969 261 facto
998 221 1361 261 excommunicatus
1395 234 1448 269 es,
1480 221 1565 260 irre-

171 285 348 316 verenter
371 279 558 327 loquutus
588 276 785 327 pontificis
814 279 966 326 legato:
996 276 1128 326 itaque
1155 275 1307 326 magnis
1333 284 1371 314 et
1398 275 1566 326 inexpia-

171 332 316 370 bilibus
336 331 500 382 alligasti
527 339 564 370 te
592 330 915 378 execrationibus,
939 344 1057 381 quem
1082 343 1155 380 ego
1180 329 1563 368 excommunicatum

170 387 289 436 paulo
308 393 397 436 post
417 385 682 435 pronuntiabo
699 385 921 431 solenniter,
939 384 1070 434 aliqua
1090 385 1280 422 advocata
1299 383 1503 432 concione,
1526 383 1565 422 in

171 440 342 489 publico,
366 440 475 489 quod
496 439 551 477 sic
572 447 816 478 commotum
839 452 902 477 me
922 437 1151 477 reddideris.

226 496 476 532 PHAETHON.
528 494 823 543 Oppedendum
853 500 989 531 contra
1016 493 1097 539 has,
1127 499 1247 542 pater,
1278 491 1404 530 minas
1433 492 1566 539 duco3

171 548 266 598 quid
288 548 393 586 enim
414 555 546 597 posset
567 547 606 584 in
628 547 739 585 divos
761 547 934 585 mortalis
955 546 1193 584 homuntio?

225 604 317 640 SOL.
375 604 506 640 Immo
549 609 802 639 contemnere
843 608 996 651 oportet
1040 614 1141 647 eum,
1187 601 1259 638 etsi
1300 599 1567 639 misericordia

170 656 311 706 dignus
342 655 503 702 videtur,
537 663 578 693 ut
608 669 654 693 ex
684 655 823 693 morbo
853 656 920 705 qui
950 654 1128 693 insaniat.

226 712 475 748 PHAETHON.
525 711 616 757 Quo
637 723 683 747 ex
701 709 870 747 morbo?

225 765 317 802 SOL.
357 763 530 802 Avaritia
552 764 724 801 laborat:
753 763 844 813 quia
865 763 997 812 itaque
1013 762 1182 801 arridere
1202 762 1275 801 sibi
1297 761 1336 800 in
1353 761 1567 801 Germania

171 818 385 868 negotium,
407 826 449 856 ut
477 831 517 856 se
538 819 701 866 expleat,
725 831 805 855 non
827 817 990 863 videtur,
1015 817 1053 855 in
1074 816 1192 856 furias
1211 816 1337 867 agitur
1357 824 1395 855 et
1416 816 1567 855 insania

172 880 341 921 percltus
363 879 429 910 est.

277 1048 357 1091 No.
389 1060 458 1102 34.
522 1048 716 1090 Hutten
747 1049 799 1090 to
831 1047 919 1090 the
950 1046 1152 1090 Elector
1182 1048 1464 1094 Frederick.

226 1171 232 1178 .
258 1171 264 1177 .
290 1171 296 1177 .
320 1140 512 1178 Videmus
544 1154 623 1178 non
654 1152 738 1177 esse
767 1150 905 1177 aurum
940 1139 979 1176 in
1011 1137 1232 1185 Germania,
1265 1150 1338 1176 nee
1363 1144 1567 1187 argentum

172 1207 297 1244 paene
312 1208 322 1241 ,·
351 1194 493 1243 siquod
515 1194 708 1243 reliquum
730 1206 821 1231 vero
842 1201 911 1240 est,
934 1193 1062 1243 ipsum
1079 1191 1302 1231 avarissime
1318 1192 1368 1230 ad
1390 1204 1430 1230 se
1451 1191 1567 1229 trahit

172 1248 283 1286 novis
309 1248 470 1287 cottidie
497 1247 665 1286 inventis
692 1247 840 1285 artibus
867 1246 930 1285 ille
955 1245 1223 1285 sanctissimus
1246 1245 1566 1284 Romanistarum

172 1311 353 1349 senatus:
383 1302 449 1340 ubi
472 1302 567 1352 quid
588 1301 771 1351 eripuerit
791 1314 893 1347 vero,
913 1309 996 1338 tum
1017 1300 1056 1338 in
1077 1300 1269 1350 pessimos
1290 1301 1440 1338 confert
1461 1312 1564 1337 USUS.

174 1356 302 1393 Vultis
330 1356 434 1394 enim
463 1355 570 1402 scire,
595 1355 793 1402 Germani,
817 1368 918 1404 quae
939 1354 1018 1393 vidi
1043 1354 1136 1404 ipse,
1160 1353 1256 1404 quid
1277 1354 1392 1391 faciat
1414 1355 1568 1391 Romae

173 1418 304 1447 nostra
334 1409 529 1459 pecunia?
588 1409 777 1447 Nonnihil
811 1409 925 1447 facit:
966 1416 1117 1459 partem
1147 1408 1184 1446 in
1216 1415 1380 1457 nepotes
1410 1420 1502 1446 suos
1529 1414 1567 1445 et

172 1471 360 1513 cognatos
382 1463 582 1513 profundit
605 1463 794 1502 Decimus
816 1463 953 1513 (habet
977 1471 1108 1501 autem
1130 1462 1182 1500 ita
1208 1463 1352 1500 multos
1373 1461 1436 1499 ille
1457 1462 1564 1508 tales,

173 1526 213 1554 ut
262 1517 468 1567 proverbio
516 1519 648 1556 locum
692 1517 872 1556 dederint
922 1516 1089 1555 ‘Leonis
1132 1518 1285 1554 Romae
1328 1514 1484 1565 cognati
1528 1523 1566 1553 et

173 1572 307 1609 affines
322 1573 356 1622 ’),
392 1580 540 1621 partem
572 1572 786 1609 absumunt
821 1579 878 1609 tot
913 1569 1238 1618 reverendissimi,
1272 1582 1372 1619 quos
1411 1568 1566 1619 triginta

172 1639 295 1662 unum
317 1634 426 1674 pater
446 1625 509 1664 ille
530 1639 610 1663 uno
637 1632 755 1675 atque
776 1626 918 1664 eodem
940 1624 1083 1662 creavit
1104 1624 1168 1663 die
1188 1639 1194 1662 :
1225 1631 1282 1662 tot
1302 1622 1563 1669 referendarii,

172 1687 229 1716 tot
249 1679 462 1726 auditores,
482 1679 780 1729 prothonotarii,
796 1678 1096 1726 abbreviatores,
1120 1677 1327 1728 scriptores
1346 1676 1563 1727 apostolici,

172 1733 383 1780 camerarii,
408 1733 592 1771 officiales
614 1741 651 1771 et
672 1733 713 1771 id
727 1746 851 1783 genus
867 1732 931 1770 alii
953 1731 1138 1782 principis
1159 1731 1347 1770 ecclesiae
1368 1730 1564 1781 primates.

174 1788 277 1824 Nam
299 1787 338 1824 hi
355 1796 443 1836 post
465 1801 505 1825 se
527 1788 684 1825 trahunt
709 1787 878 1824 maxima
905 1788 1035 1825 adhuc
1056 1799 1147 1824 cum
1168 1785 1347 1835 impensa
1367 1784 1562 1835 copiistas,

173 1841 359 1889 pedellos,
394 1853 581 1887 cursores,
618 1849 853 1890 scopatores,
886 1840 1090 1886 muliones,
1123 1838 1365 1886 stabularios,
1398 1846 1436 1877 et
1465 1851 1566 1876 scor-

173 1903 301 1932 torum
341 1894 542 1943 utriusque
581 1908 693 1932 sexus
733 1894 1059 1932 innumerabilem
1098 1894 1252 1932 turbam
1291 1906 1337 1931 ac
1375 1893 1564 1930 lenonum

172 1947 395 1986 exercitum.
456 1949 578 1985 Alunt
609 1956 645 1986 et
676 1961 805 1994 canes,
828 1961 951 1998 equos
973 1961 1019 1985 ac
1049 1947 1180 1985 simias
1205 1954 1243 1985 et
1273 1945 1564 1996 cercopithecas

173 2010 209 2039 et
232 2001 457 2039 huiusmodi
484 2003 606 2039 multa
625 2001 745 2039 animi
767 2015 908 2048 causa,
902 2017 908 2022 ·
938 2003 1079 2040 domos
1099 2014 1191 2039 vero
1211 2007 1413 2039 exstruunt
1436 1998 1564 2038 solido

173 2055 334 2105 quidam
365 2069 385 2093 e
416 2068 618 2114 marmore,
649 2064 686 2093 et
715 2068 889 2104 gemmas
917 2055 1074 2102 habent,
1107 2062 1354 2103 coenantque
1385 2054 1489 2092 laute
1518 2066 1564 2091 ac

173 2108 380 2168 splendide
410 2108 637 2155 iestiuntur,
663 2117 700 2146 et
727 2122 844 2158 gemo
874 2109 1121 2158 indulgentes
1147 2120 1282 2147 secure
1308 2106 1564 2145 deliciantur:

173 2177 211 2200 m
244 2176 397 2200 summa
428 2170 582 2200 nostrae
617 2162 807 2212 pecuniae
836 2162 1030 2212 praesidio
1061 2175 1201 2212 magna
1230 2162 1379 2199 ociatur
1409 2161 1563 2199 Romae

171 2216 431 2266 pessimorum
463 2217 668 2254 hominum
701 2215 923 2254 multitudo
993 2217 1112 2254 Nulla
1141 2215 1194 2253 ibi
1228 2213 1424 2264 religionis
1458 2227 1561 2261 cura,

174 2283 338 2320 magnus
360 2278 416 2308 est
443 2277 705 2319 contemptus,
728 2271 883 2318 qualem
906 2269 967 2306 vix
986 2270 1092 2318 apud
1112 2270 1260 2306 Turcas
1281 2281 1366 2306 esse
1385 2267 1562 2306 arbitror.

174 2325 384 2370 Fraudant‚
416 2323 634 2373 imponunt,
667 2324 852 2370 furantur,
885 2322 1136 2368 mentiuntur,
1168 2323 1308 2360 falsum
1341 2320 1561 2370 obsignant,

172 2391 241 2428 spe
273 2377 368 2416 lucri
402 2377 534 2416 omnia
567 2376 704 2415 dicunt
737 2389 782 2414 ac
812 2375 981 2414 faciunt:
1021 2375 1265 2425 propositum
1295 2388 1385 2413 vero
1415 2375 1562 2413 habent

173 2432 212 2469 hi
238 2445 376 2470 omnes
403 2429 578 2481 pecuniis
609 2430 749 2469 nostris
777 2429 948 2468 insidiari
965 2444 974 2477 3
1002 2429 1065 2466 alii
1087 2429 1222 2466 vivunt
1242 2436 1284 2466 ut
1305 2430 1423 2467 edant
1443 2436 1561 2478 atque

172 2486 310 2524 bibant
345 2493 382 2523 et
416 2483 755 2535 sumptuosissime
789 2483 1043 2522 delicientur:
1086 2482 1305 2532 nostrisque
1339 2481 1561 2532 sumptibus
