1715 2780
144 120 226 159 304
581 106 640 144 IN
673 104 915 150 GENEVA,
953 113 1104 152 1541-2
1466 99 1540 135 611

145 213 422 261 stantiamque,
464 217 506 248 ut
540 209 592 247 ita
631 209 778 258 loquar,
821 204 1013 256 Baptismi
1054 203 1271 241 infantibus
1312 215 1398 240 esse
1440 213 1544 239 com-

146 279 334 306 munem:
364 264 395 304 si
419 263 492 302 illis
522 269 728 313 negaretur
758 261 925 312 signum,
949 259 1058 310 quod
1088 256 1250 296 veritate
1281 264 1340 295 est
1371 255 1542 300 inferius,

145 327 281 372 aperta
301 318 375 358 illis
397 318 536 356 iniuria
557 318 677 355 fieret.

200 376 263 413 M.
296 375 386 422 Qua
406 385 498 422 ergo
518 370 748 411 conditione
770 367 995 419 baptizandi
1017 373 1108 406 sunt
1129 365 1327 404 infantes?

202 431 250 467 P.
282 429 339 467 Ut
359 434 545 466 testatum
568 426 645 472 fiat,
667 422 954 463 benedictionis
972 420 1147 460 fidelium
1167 418 1307 459 semini
1329 419 1546 469 promissae

149 486 255 534 ipsos
276 494 363 521 esse
383 481 574 519 haeredes
593 494 603 527 3
632 486 674 517 ut
694 477 836 529 agnita,
855 484 1064 527 postquam
1080 473 1335 522 adoleverint,
1354 471 1547 522 Baptismi

152 538 210 577 sui
232 536 409 583 veritate,
429 536 598 573 fructum
621 546 667 571 ex
688 546 736 571 eo
758 530 976 582 percipiant
996 543 1042 568 ac
1063 530 1273 579 proferant.

205 591 266 629 M.
298 591 564 628 Transeamus
585 588 636 626 ad
658 588 848 626 Coenam.
899 587 958 623 Ac
986 584 1113 634 primo
1141 582 1301 633 quidem
1324 595 1370 621 ex
1392 589 1429 620 te
1451 581 1549 619 scire

152 645 281 692 velim,
303 656 404 694 quae
426 642 474 681 sit
494 642 577 681 eius
599 640 860 691 significatio?

205 701 252 737 P.
284 699 384 736 Ideo
404 710 426 735 a
447 696 607 736 Christo
628 695 805 733 instituta
825 701 895 741 est,
919 700 960 730 ut
988 691 1162 742 corporis
1194 698 1232 730 et
1262 690 1463 740 sanguinis
1491 689 1548 728 sui

152 751 513 792 communicatione
535 749 691 789 educari
714 749 753 786 in
775 761 883 798 spem
905 747 1008 785 vitae
1028 753 1210 785 aeternae
1230 745 1381 783 animas
1398 751 1550 782 nostras

152 821 224 846 nos
245 807 416 853 doceret,
440 805 560 854 idque
580 803 696 842 nobis
718 810 868 842 certum
890 802 1082 840 redderet.

206 862 267 899 M.
300 861 381 900 Cur
400 866 531 898 autem
548 865 650 908 pane
670 870 822 907 corpus,
846 857 934 894 vino
955 854 1112 905 sanguis
1134 852 1296 892 Domini
1321 853 1534 902 figuratur?

209 917 255 954 P.
288 916 445 964 Nempe
466 912 558 951 hinc
579 913 779 958 docemur,
804 923 923 960 quam
946 909 1021 948 vim
1047 909 1166 947 habet
1188 907 1300 958 panis
1322 907 1361 944 in
1383 906 1552 944 nutrien-

154 969 214 1008 dis
242 967 483 1019 corporibus,
523 968 573 1005 ad
613 966 886 1005 sustinendam
925 970 1173 1014 praesentem
1214 961 1346 1007 vitam,
1383 961 1550 1000 eandem

154 1022 307 1073 corpori
331 1021 495 1060 Domini
517 1021 655 1068 inesse,
678 1021 729 1059 ad
750 1019 912 1058 alendas
934 1017 1184 1069 spiritualiter
1205 1016 1368 1054 animas.
1430 1014 1552 1052 Sicuti

154 1077 246 1116 vino
267 1076 529 1116 exhilarantur
550 1074 757 1113 hominum
779 1074 910 1120 corda,
928 1072 1155 1111 reficiuntur
1175 1070 1286 1117 vires,
1306 1077 1410 1108 totus
1431 1070 1553 1106 homo

155 1131 385 1171 roboratur:
416 1130 468 1169 ita
491 1142 537 1168 ex
567 1128 730 1167 Domini
761 1126 951 1177 sanguine
980 1127 1143 1165 eosdem
1171 1125 1221 1163 ab
1249 1124 1390 1162 animis
1412 1123 1554 1162 nostris

156 1199 249 1224 usus
269 1184 429 1236 percipi.

210 1240 271 1278 M.
305 1241 462 1289 Ergone
483 1250 646 1287 corpore
670 1235 833 1274 Domini
855 1242 892 1273 et
914 1234 1102 1284 sanguine
1124 1233 1345 1272 vescimur?

211 1295 258 1331 P.
291 1294 353 1332 Ita
374 1292 510 1331 sentio.
574 1293 676 1329 Nam
700 1303 822 1340 quum
846 1288 883 1326 in
906 1302 954 1327 eo
975 1288 1047 1327 sita
1069 1288 1117 1326 sit
1138 1294 1221 1325 tota
1241 1286 1376 1325 salutis
1399 1294 1555 1324 nostrae

159 1347 314 1395 fiducia,
337 1354 379 1386 ut
399 1352 561 1397 accepta
581 1344 696 1384 nobis
722 1345 864 1382 feratur
891 1342 1120 1382 obedientia
1148 1341 1279 1391 ipsius,
1304 1354 1421 1390 quam
1452 1339 1553 1378 Patri

159 1401 360 1452 praestitit,
383 1400 546 1451 perinde
565 1412 611 1438 ac
637 1398 668 1437 si
689 1405 822 1437 nostra
853 1398 975 1436 foret:
1006 1397 1135 1447 ipsum
1165 1409 1188 1433 a
1217 1394 1333 1433 nobis
1363 1393 1554 1444 possideri

159 1468 321 1495 necesse
341 1463 410 1494 est.
471 1456 613 1504 Neque
642 1452 749 1492 enim
780 1452 885 1490 bona
915 1451 1030 1490 nobis
1052 1464 1123 1489 sua
1142 1450 1252 1489 aliter
1273 1448 1554 1494 communicat,

159 1509 234 1549 nisi
253 1510 349 1548 dum
371 1522 412 1547 se
432 1515 609 1547 nostrum
632 1507 734 1545 facit.

214 1565 275 1601 M.
308 1562 440 1613 Atqui,
464 1575 599 1601 nonne
628 1569 723 1599 tunc
754 1573 794 1599 se
824 1560 947 1607 dedit,
970 1572 1092 1609 quum
1125 1571 1167 1597 se
1197 1557 1377 1608 exposuit
1399 1556 1436 1594 in
1461 1570 1558 1595 mor-

160 1625 251 1665 tem,
274 1624 316 1656 ut
337 1629 409 1656 nos
430 1630 453 1655 a
473 1616 606 1655 mortis
629 1615 775 1654 iudicio
796 1615 1021 1664 redemptos
1044 1612 1147 1651 Patri
1169 1610 1468 1650 reconciliaret?

215 1673 261 1709 P.
295 1672 343 1710 Id
365 1670 525 1720 quidem
547 1683 681 1708 verum
710 1676 792 1708 est:
823 1669 893 1707 sed
914 1681 994 1706 non
1017 1667 1107 1705 satis
1136 1673 1194 1704 est
1220 1664 1346 1712 nobis,
1371 1664 1442 1702 nisi
1466 1678 1557 1702 eum

162 1738 268 1764 nunc
289 1725 545 1775 recipiamus:
577 1737 656 1773 quo
685 1723 819 1761 mortis
849 1722 932 1760 eius
963 1720 1135 1759 efficacia
1160 1721 1388 1769 fructusque
1415 1719 1465 1757 ad
1487 1731 1558 1756 nos

127 1787 130 1790 ’
161 1786 373 1830 pervemat.

216 1835 279 1872 Μ.
312 1830 548 1882 Recipiendi
569 1843 684 1881 porro
706 1831 848 1869 modus
869 1843 919 1868 an
940 1842 1021 1867 non
1043 1829 1120 1867 fide
1141 1828 1325 1866 constat?

217 1889 264 1926 P.
297 1889 450 1925 Fateor.
506 1886 584 1924 Sed
614 1886 690 1923 hoc
721 1884 836 1922 simul
865 1884 984 1930 addo,
1007 1883 1087 1921 fieri
1119 1882 1169 1927 id,
1193 1883 1288 1920 dum
1319 1893 1399 1918 non
1431 1880 1557 1919 solum

165 1947 362 1980 mortuum
384 1938 591 1986 credimus,
616 1952 696 1988 quo
717 1952 789 1976 nos
811 1951 832 1976 a
856 1945 981 1976 morte
1011 1936 1214 1975 liberaret:
1246 1942 1283 1974 et
1314 1934 1557 1979 suscitatum,

164 2009 245 2045 quo
265 1994 380 2033 nobis
401 1993 519 2032 vitam
540 1992 758 2043 acquireret
777 2008 783 2031 :
811 1993 880 2030 sed
903 1992 941 2029 in
963 1991 1078 2029 nobis
1099 1990 1275 2028 habitare
1295 1988 1557 2039 agnoscimus,

165 2061 319 2099 nosque
353 2047 406 2086 illi
441 2047 676 2086 coniunctos
711 2059 796 2085 esse
826 2059 874 2084 eo
903 2045 1063 2084 unitatis
1093 2058 1235 2095 genere
1268 2056 1348 2092 quo
1384 2042 1560 2080 membra

165 2116 256 2141 cum
277 2101 405 2152 capite
425 2114 497 2140 suo
517 2102 729 2140 cohaerent
747 2116 752 2138 :
784 2108 826 2138 ut
847 2100 962 2138 huius
984 2099 1142 2137 unitatis
1163 2097 1359 2137 beneficio
1380 2095 1558 2134 omnium

166 2156 249 2195 eius
270 2156 466 2195 bonorum
487 2154 695 2205 participes
716 2155 866 2192 fiamus.

193 2211 283 2302 bM.
314 2209 522 2259 Numquid
569 2209 671 2247 hanc
718 2207 1043 2246 communionem
1092 2219 1160 2257 per
1207 2206 1330 2243 solam
1381 2204 1558 2243 Coenam

166 2277 190 2303 o
221 2263 422 2302 tinemus?

221 2319 267 2356 P.
301 2319 390 2355 Imo
410 2329 512 2355 vero.
572 2317 674 2354 Nam
699 2323 735 2354 et
757 2328 824 2365 per
847 2313 1117 2365 Evangelium,
1139 2320 1238 2351 teste
1260 2312 1384 2350 Paulo
1406 2310 1440 2359 (1
1469 2312 1558 2350 Cor.

168 2371 190 2409 i.
225 2371 278 2421 6),
319 2369 434 2409 nobis
471 2369 785 2409 communicatur
819 2369 998 2408 Christus
1015 2382 1023 2415 3
1062 2375 1100 2405 et
1132 2367 1271 2404 merito
1306 2366 1382 2403 hoc
1417 2365 1562 2402 Paulus

171 2425 311 2463 docet:
341 2437 464 2473 quum
486 2423 563 2461 illic
583 2423 805 2471 audiamus,
825 2436 898 2461 nos
919 2434 1076 2460 carnem
1099 2433 1184 2459 esse
1205 2420 1255 2458 de
1275 2431 1392 2457 carne
1413 2418 1496 2457 eius
1523 2425 1561 2456 et

167 2491 257 2518 ossa
277 2491 323 2516 ex
344 2477 498 2517 ossibus
521 2477 639 2527 (Eph.
663 2491 695 2515 v.
722 2476 788 2527 30)
807 2489 814 2521 ;
846 2477 973 2525 ipsum
999 2487 1084 2514 esse
1105 2487 1248 2524 panem
1270 2472 1413 2519 vivum,
1446 2472 1513 2522 qui
1541 2485 1562 2510 e

814 2541 839 2566 R
862 2543 877 2566 r
901 2543 919 2567 2
