1715 2780
129 141 193 179 141
227 132 528 172 FOUNDING
559 134 630 172 OF
660 134 779 172 'l‘HE
811 134 1018 173 ROMAN
1052 135 1417 183 INQUISITION
1449 145 1522 184 347

186 246 274 290 No.
301 258 382 301 141.
446 247 553 291 The
575 248 687 291 Bull
708 248 846 292 Licet
868 250 933 292 ab
956 249 1113 301 initio,
1136 261 1182 292 21
1204 249 1235 303 J
1238 251 1325 305 uly
1345 261 1465 305 1542.

183 339 294 379 Licet
313 340 365 379 ab
380 339 493 379 initio
514 349 669 380 nostrae
689 342 740 380 ad
761 341 904 380 summi
926 343 1183 393 Apostolatus
1204 343 1357 393 apicem
1379 356 1525 382 assum-

128 394 273 445 ptionis
294 393 335 433 id
356 408 510 445 semper
531 396 646 434 nobis
667 395 776 435 cordi
797 397 916 434 fixum
940 397 1121 435 institerit
1142 404 1183 435 ut
1205 398 1303 437 fides
1320 397 1525 437 Catholica

128 447 275 499 ubique
308 449 462 488 floreret
496 457 533 488 et
567 458 783 500 augeretur,
816 464 862 489 ac
897 451 1026 490 omnis
1060 451 1255 490 haeretica
1296 453 1463 502 pravitas
1503 466 1525 490 a

128 502 460 542 Christifidelibus
500 512 631 543 nostra
669 504 870 555 diligentia
909 506 1045 555 procul
1085 507 1320 556 pelleretur;
1368 519 1525 545 necnon

127 556 323 595 diabolica
360 558 497 597 fraude
535 559 687 597 seducti
726 559 828 597 viam
864 559 1035 598 veritatis
1073 568 1358 611 cognoscerent
1397 567 1435 599 et
1475 562 1525 599 ad

126 610 316 661 gremium
347 620 385 650 et
414 613 604 651 unitatem
637 613 838 652 Ecclesiae
868 614 1157 662 reducerentur,
1181 622 1219 653 et
1251 614 1281 653 si
1306 616 1373 665 qui
1403 616 1524 653 animi

127 665 376 715 perversitate
397 666 505 705 ducti
533 665 572 704 in
594 679 729 706 eorum
751 669 940 707 damnato
964 670 1167 718 proposito
1189 671 1451 719 persisterent,
1474 670 1524 707 ita

126 720 387 769 plecterentur
425 728 466 759 ut
505 734 639 760 eorum
679 735 808 771 poena
848 722 932 760 aliis
972 724 1151 762 transiret
1197 724 1237 761 in
1275 725 1524 773 exemplum:

125 773 381 813 nihilominus
416 783 616 825 sperantes
646 777 888 826 quandoque
923 778 1085 816 eosdem
1122 779 1177 815 sic
1210 779 1406 826 seductos,
1440 786 1522 816 tum

127 827 202 866 Dei
232 828 528 879 Omnipotentis
559 830 836 878 misericordia,
870 838 953 869 tum
988 832 1164 870 fidelium
1205 831 1449 871 orationibus
1478 845 1524 870 ac

124 882 331 921 doctorum
345 882 515 922 virorum
536 884 895 934 praedicationibus
916 898 1063 924 errores
1078 899 1169 925 suos
1190 886 1469 936 recognsturos,
1486 894 1524 924 et

124 935 198 975 illis
225 935 412 976 abiuratis
433 939 484 977 ad
504 946 680 977 sanctam
699 939 919 978 Ecclesiam
935 940 1183 979 Catholicam
1204 940 1408 989 redituros,
1427 948 1476 988 et,
1493 941 1523 979 si

125 990 164 1029 id
190 992 433 1041 aliquantum
456 993 669 1041 differrent,
689 993 920 1032 auctoritate
947 996 1044 1033 sacri
1071 994 1318 1034 oecumenici
1346 1003 1384 1034 et
1410 1008 1523 1045 gene-

122 1044 210 1083 ralis
232 1045 416 1094 Concilii,
436 1048 544 1096 quod
570 1048 620 1086 ad
648 1048 687 1086 id
716 1049 892 1097 inprimis
923 1050 1153 1098 propediem
1179 1049 1376 1088 celebrare
1398 1062 1523 1100 spera-

123 1098 273 1146 bamus,
292 1100 507 1147 deterritos‚
525 1114 654 1140 veram
677 1110 714 1140 et
728 1101 976 1141 Catholicam
999 1104 1118 1141 fidem
1139 1105 1400 1154 amplexuros,
1420 1111 1457 1142 et
1479 1117 1525 1142 ea

124 1152 323 1192 mediante
344 1154 383 1192 in
404 1155 552 1193 semitis
574 1157 743 1194 iustitiae
763 1157 1032 1195 ambulaturos
1055 1158 1152 1201 fore,
1167 1157 1376 1207 negocium
1400 1157 1525 1207 inqui-

122 1207 273 1247 sitionis
308 1210 527 1248 haereticae
561 1210 759 1260 pravitatis
794 1210 1021 1250 huiusmodi
1058 1211 1097 1249 in
1129 1213 1231 1250 hanc
1262 1225 1386 1262 usque
1417 1214 1522 1251 diem

123 1261 357 1301 distulimus.

175 1317 193 1366 ᾗ
220 1330 250 1355 1.
282 1318 430 1356 Verum
457 1331 546 1356 cum
576 1318 802 1358 Concilium
834 1319 1061 1359 huiusmodi
1092 1333 1138 1359 ex
1167 1319 1329 1359 diversis
1360 1320 1524 1359 rationa-

123 1368 267 1409 bilibus
287 1373 426 1419 causis,
443 1379 480 1411 et
500 1374 726 1423 praesertim
749 1374 941 1413 bellorum
965 1374 1198 1423 turbinibus,
1215 1388 1311 1425 quas
1333 1376 1524 1414 hactenus

125 1422 223 1463 inter
236 1426 437 1477 Principes
454 1427 700 1467 Christianos
716 1427 933 1479 viguerunt,
951 1430 1130 1468 nondum
1146 1428 1321 1468 inchoari
1339 1431 1524 1480 potuerit.

125 1485 171 1526 et,
196 1479 357 1518 humani
378 1481 530 1531 generis
552 1482 664 1521 hoste
691 1491 936 1532 procurante,
960 1483 1135 1522 fidelium
1161 1483 1281 1522 animi
1303 1483 1414 1522 novis
1437 1485 1523 1522 hae-

124 1532 272 1572 resibus
298 1535 335 1572 in
362 1536 445 1574 dies
469 1536 591 1587 magis
617 1538 842 1586 polluantur
862 1538 1076 1588 omniaque
1106 1537 1327 1576 schismatis
1351 1538 1524 1577 dissidiis

124 1588 356 1637 repleantur,
379 1591 648 1641 lacereturque
676 1592 755 1629 fere
784 1591 995 1631 Christiani
1026 1593 1197 1631 nominis
1229 1594 1369 1641 unitas,
1392 1594 1524 1631 incon-

124 1642 326 1692 sutilisque
348 1644 492 1683 Christi
515 1645 648 1683 tunica
669 1645 880 1693 scindatur,

177 1697 250 1745 §a
284 1698 368 1736 Nos
400 1711 460 1745 ne,
494 1699 589 1737 dum
620 1700 704 1738 dies
735 1699 902 1739 Concilii
937 1713 1004 1750 per
1039 1714 1110 1738 nos
1142 1700 1354 1739 novissime
1387 1700 1523 1739 indicti

124 1757 362 1799 expectatur,
383 1752 518 1790 onmia
547 1753 585 1790 in
616 1753 787 1792 deterius
817 1755 1010 1801 labantur,
1037 1754 1241 1803 providere
1271 1755 1448 1793 volentes
1478 1768 1523 1793 ac

125 1813 370 1854 nequeuntes
401 1819 468 1856 per
498 1819 570 1845 nos
600 1808 715 1855 solos,
738 1807 823 1846 aliis
853 1808 970 1847 etiam
1001 1809 1132 1847 arduis
1162 1817 1376 1859 occupatos
1407 1809 1521 1855 curis,

124 1859 257 1897 omnia
276 1861 446 1910 exsequi,
467 1860 781 1912 dilectorumque
802 1863 969 1901 filiorum
992 1870 1214 1901 nostrorum
1235 1863 1397 1901 Ioannis
1420 1863 1522 1902 Petri

124 1912 160 1950 S.
177 1911 423 1961 Clementis,¹
442 1914 603 1953 Ioannis
625 1917 661 1954 S.
681 1915 806 1963 Sixti,²
828 1916 1039 1967 Petripauli
1061 1919 1096 1956 S.
1120 1917 1341 1965 Balbinae,⁸
1364 1918 1527 1956 Bartho-

124 1965 265 2006 lomaei
282 1969 318 2006 S.
330 1968 541 2016 Caesarei,⁴
556 1969 736 2019 Dionysii
751 1973 786 2010 S.
801 1971 1010 2018 Marcelli,⁵
1024 1979 1062 2010 et
1075 1973 1257 2010 Thomae
1271 1973 1308 2011 S.
1325 1971 1526 2019 Silvestri‚⁶

123 2018 196 2058 titt.
222 2022 542 2072 Presbyterorum
569 2024 838 2063 Cardinalium
871 2027 991 2064 fidem
1022 2025 1243 2064 doctrinam
1274 2034 1312 2064 et
1340 2026 1522 2064 virtutem

124 2082 346 2124 perspectas
363 2077 565 2125 habentes,
582 2091 627 2116 ac
644 2079 694 2118 de
710 2078 765 2117 eis
782 2079 994 2129 plurimum
1012 2079 1051 2118 in
1067 2081 1246 2118 Domino
1262 2081 1521 2127 confidentes,

124 2129 284 2167 eosdem
307 2130 365 2169 Io.
389 2132 546 2170 Petrum
569 2139 607 2171 et
630 2134 822 2172 Ioannem
849 2147 893 2171 ac
917 2135 1240 2185 Petrumpaulum
1263 2141 1301 2173 et
1323 2135 1525 2173 Bartholo-

126 2193 277 2221 maeum
310 2198 464 2224 necnon
489 2186 725 2237 Dionysium
755 2195 791 2226 et
813 2189 1011 2227 Thomam
1035 2188 1278 2237 Cardinales‚
1302 2197 1456 2227 nostros
1487 2197 1522 2226 et

298 2302 307 2321 ¹
333 2303 496 2335 Giovanni
513 2304 621 2336 Pietro
639 2305 780 2345 Carafsa,
799 2305 924 2347 Bishop
943 2306 980 2337 of
992 2305 1102 2338 Chieti
1123 2314 1281 2348 1537—49.

297 2345 309 2363 ²
331 2347 416 2388 Juan
433 2348 570 2379 Alvares
587 2349 627 2380 de
642 2349 784 2386 Toledo,
799 2349 924 2391 Bishop
941 2349 979 2380 of
992 2350 1118 2391 Burgos
1139 2359 1299 2392 1539—50.

295 2389 305 2407 ³
331 2391 426 2423 Piero
442 2392 546 2424 Paolo
562 2392 680 2432 Parisi,
697 2392 822 2435 Bishop
840 2394 877 2425 of
890 2394 1003 2425 Nusco
1026 2394 1209 2435 1538-†45.

297 2433 307 2451 ⁴
330 2435 543 2468 Bartolomeo
560 2436 782 2476 Guidiccioni,
802 2437 927 2479 Bishop
945 2437 982 2469 of
996 2438 1140 2469 Teramo
1160 2436 1319 2479 1539-46.

295 2476 306 2492 '⁷'
330 2478 491 2520 Dionysio
505 2480 670 2520 Laui-erio,
689 2481 830 2512 General
849 2481 886 2513 os
899 2482 954 2513 the
971 2481 1123 2521 Servites,
1139 2483 1260 2521 †1542.

294 2520 305 2539 ⁵
328 2521 507 2555 'sommaso
526 2524 640 2564 Radia,
659 2536 675 2556 a
694 2525 905 2566 Dominican‚
921 2527 1042 2564 †1547.
