1715 2780
136 88 200 124 116
395 87 515 125 THE
547 87 684 124 DIET
715 87 787 125 OF
816 87 1138 136 AUGSBURG,
1176 100 1276 138 1530
1455 100 1526 137 271

135 189 185 228 sit
210 190 380 240 populus
408 190 494 228 illos
517 189 665 229 abusus
693 197 830 229 contra
853 189 1139 230 conscientiam
1166 191 1386 230 observare.
1448 194 1532 231 Nec

135 243 279 282 habeat
300 244 418 282 fidem
441 244 635 283 Caesarea
663 243 851 283 Maiestas
881 244 975 292 istis,
1002 245 1081 295 qui,
1107 252 1149 284 ut
1173 244 1421 284 inflamment
1442 247 1533 285 odia

135 296 342 335 hominum
363 299 549 337 adversus
570 305 736 346 nostros,
759 299 876 336 miras
896 298 1114 337 calumnias
1135 307 1322 350 spargunt
1342 299 1383 337 in
1412 313 1534 350 popu-

134 352 227 390 lum.
289 365 321 389 2.
353 353 448 390 Hoc
486 353 609 391 modo
639 352 792 391 irritatis
822 352 962 391 animis
990 353 1188 392 bonorum
1218 353 1389 392 virorum
1421 353 1534 393 initio

134 405 399 455 praebuerunt
419 407 671 445 occasionem
691 406 783 445 huic
804 406 979 454 dissidio,
1002 413 1041 445 et
1070 408 1210 446 eadem
1234 414 1316 446 arte
1339 415 1534 446 conantur

133 472 240 497 nunc
263 471 406 509 augere
429 459 657 499 discordias.
716 462 820 500 Nam
848 461 1042 500 Caesarea
1062 461 1251 500 Maiestas
1275 463 1383 500 haud
1412 461 1534 501 dubie

133 512 349 563 comperiet
382 513 686 553 tolerabiliorem
726 527 812 554 esse
849 515 1015 554 formam
1055 522 1092 554 et
1124 515 1327 554 doctrinae
1362 523 1401 554 et
1432 529 1533 555 cere-

133 568 355 605 moniarum
373 569 481 618 apud
501 581 585 616 nos,
606 581 725 618 quam
746 570 904 618 qualem
925 570 1106 608 homines
1137 569 1261 619 iniqui
1285 577 1323 608 et
1350 570 1533 609 malevoli

132 620 373 660 describunt.
432 623 554 660 Porro
581 622 721 662 veritas
749 637 796 661 ex
825 622 929 673 vulgi
959 623 1182 662 rumoribus
1212 630 1279 662 aut
1310 623 1530 662 maledictis

134 674 385 713 inimicorum
423 675 553 726 colligi
593 689 674 715 non
712 683 855 727 potest.
913 677 1044 715 Facile
1081 684 1214 716 autem
1253 678 1330 716 hoc
1368 677 1531 716 iudicari

134 735 277 779 potest,
296 728 393 766 nihil
413 729 536 779 magis
563 731 750 780 prodesse
769 732 820 769 ad
841 730 1073 781 dignitatem
1108 731 1420 770 ceremoniarum
1442 745 1532 770 con-

134 783 367 821 servandam
383 789 420 821 et
435 785 620 823 alendam
636 784 893 823 reverentiam
906 798 952 823 ac
972 784 1159 835 pietatem
1176 785 1216 823 in
1232 786 1392 836 populo,
1411 798 1531 836 quam

134 835 166 875 si
186 838 433 876 ceremoniae
453 836 524 876 rite
544 839 639 876 fiant
660 837 700 876 in
720 838 906 877 ecclesiis.

542 911 574 949 Ι.
634 912 701 949 DE
729 922 932 955 UTRAQUE
962 923 1116 950 SPEcnz.

189 972 318 1012 Laicis
344 975 459 1013 datur
481 981 647 1026 utraque
676 977 826 1026 species
856 976 1089 1016 sacramenti
1118 975 1158 1014 in
1189 977 1327 1016 Coena
1352 976 1529 1024 Domini,

135 1026 229 1077 quia
261 1027 325 1065 hic
363 1041 450 1066 mos
488 1029 608 1068 habet
637 1031 868 1068 mandatum
900 1030 1065 1069 Domini
1097 1032 1211 1069 Matt.
1241 1030 1354 1069 xxvi:
1401 1032 1532 1070 Bibz'le

135 1094 182 1119 ex
207 1082 275 1119 boc
301 1094 452 1130 omne53
481 1082 549 1121 ubi
573 1083 781 1122 manifeste
804 1084 1003 1134 praecepit
1024 1084 1204 1124 Christus
1229 1085 1279 1123 de
1308 1086 1454 1135 poculo
1488 1093 1531 1123 ut

135 1147 273 1173 omnes
301 1134 449 1174 bibant.
510 1150 542 1175 2.
576 1138 626 1175 Et
661 1151 711 1176 ne
741 1137 828 1187 quis
858 1138 981 1187 possit
1013 1138 1193 1186 cavillari,
1227 1139 1336 1188 quod
1370 1139 1447 1177 hoc
1478 1140 1529 1177 ad

135 1189 359 1228 sacerdotes
397 1196 549 1229 tantum
589 1190 792 1240 pertineat,
826 1193 971 1230 Paulus
1009 1193 1060 1230 ad
1093 1193 1272 1231 Corinth.
1304 1193 1529 1242 exemplum

135 1242 281 1290 recitat,
304 1242 344 1281 in
373 1256 454 1293 quo
481 1253 642 1295 apparet
673 1252 796 1284 totam
828 1245 1036 1284 ecclesiam
1063 1253 1228 1296 utraque
1259 1247 1390 1296 specie
1417 1260 1528 1284 usam

136 1309 233 1335 esse.
304 1309 338 1346 3.
370 1299 421 1336 Et
460 1297 528 1337 diu
567 1298 710 1337 mansit
747 1298 811 1337 hic
846 1313 932 1338 mos
971 1299 1011 1337 in
1050 1300 1225 1347 ecclesia,
1268 1313 1342 1339 nec
1373 1308 1528 1339 constat

134 1351 296 1400 quando
315 1358 382 1390 aut
402 1365 483 1402 quo
502 1359 660 1391 auctore
674 1360 847 1392 mutatus
863 1353 921 1401 sit,
939 1354 1094 1392 tametsi
1110 1354 1331 1394 Cardinalis
1345 1353 1529 1394 Cusanus

136 1403 272 1443 recitet
309 1407 471 1455 quando
505 1405 554 1445 sit
590 1407 841 1457 approbatus.
912 1421 947 1455 4.
988 1408 1208 1458 Cyprianus
1244 1409 1395 1458 aliquot
1433 1408 1529 1447 locis

135 1465 298 1497 testatur
312 1461 461 1509 populo
482 1462 712 1511 sanguinem
729 1462 866 1500 datum
887 1475 984 1500 esse.
1026 1463 1141 1500 Idem
1157 1469 1320 1501 testatur
1334 1462 1529 1513 Hierony-

136 1525 234 1559 mus,
257 1512 324 1563 qui
344 1512 397 1552 ait
416 1529 423 1551 z
455 1517 464 1534 ‘
477 1515 710 1554 Sacerdotes
731 1515 988 1555 eucharistiae
1008 1517 1230 1555 ministrant
1243 1524 1281 1555 et
1295 1516 1526 1565 sanguinem

136 1566 281 1605 Christi
301 1567 456 1618 populis
473 1567 679 1607 dividunt.'
737 1571 825 1608 Imo
846 1570 1026 1608 Gelasius
1048 1572 1155 1621 Papa
1182 1571 1344 1609 mandat
1364 1584 1414 1609 ne
1435 1570 1528 1609 divi-

135 1620 249 1658 datur
269 1629 569 1669 sacramentum‚
588 1622 677 1661 dist.
699 1624 742 1661 II
762 1625 807 1661 de
828 1624 1107 1671 consecratione,
1130 1637 1215 1674 cap.
1240 1625 1526 1674 Comperimus.¹

137 1684 172 1723 5.
203 1675 377 1712 Tantum
410 1677 659 1715 consuetudo
693 1690 774 1715 non
806 1679 857 1715 ita
891 1684 1002 1716 vttus
1033 1677 1139 1716 aliud
1172 1677 1303 1716 babet.
1361 1679 1528 1717 Constat

135 1734 267 1765 autem
297 1730 406 1778 quod
436 1731 684 1768 consuetudo
708 1738 844 1769 contra
871 1732 1057 1770 mandata
1090 1731 1166 1769 Dei
1198 1732 1423 1770 introducta
1446 1745 1527 1769 non

135 1779 183 1819 sit
209 1780 425 1831 probanda,
454 1790 496 1821 ut
523 1789 714 1821 testantur
741 1785 937 1832 CanoneS,
968 1785 1056 1824 dist.
1077 1786 1196 1831 VIII,
1222 1798 1305 1835 cap.
1337 1785 1527 1833 Ῑῐενίίαίε,2

135 1847 226 1872 cum
272 1836 539 1885 sequentibus.
599 1839 634 1875 6.
665 1839 780 1876 Haec
831 1851 923 1877 vero
971 1840 1220 1878 consuetudo
1269 1852 1349 1878 non
1398 1840 1526 1878 solum

135 1894 272 1927 contra
291 1889 541 1939 Scripturam,
564 1892 634 1930 sed
656 1891 773 1930 etiam
801 1899 938 1930 contra
957 1899 1106 1932 veteres
1130 1893 1316 1932 Canones
1343 1899 1381 1931 et
1401 1906 1528 1931 exem-

135 1943 245 1992 plum
274 1943 462 1982 ecclesiae
492 1952 648 1995 recepta
677 1953 746 1984 est.
806 1947 938 1994 Quare
964 1946 994 1984 si
1021 1946 1089 1996 qui
1113 1948 1334 1986 maluerunt
1363 1954 1528 1997 utraque

135 1995 265 2046 specie
295 1999 528 2037 sacramenti
557 2000 623 2045 uti,
653 2012 734 2037 non
763 2000 919 2038 fuerunt
948 2001 1115 2051 cogendi
1147 2007 1190 2039 ut
1218 2000 1328 2039 aliter
1355 2002 1527 2040 facerent

135 2062 226 2087 cum
242 2050 460 2090 offensione
479 2052 755 2092 conscientiae.

193 2115 225 2151 7.
257 2105 308 2142 Et
327 2104 419 2153 quia
438 2105 578 2144 divisio
599 2107 831 2145 sacramenti
852 2120 932 2145 non
953 2108 1139 2147 convenit
1166 2122 1256 2147 cum
1281 2108 1526 2148 institutione

137 2156 294 2205 Christi,
325 2159 424 2197 solet
456 2161 563 2209 apud
597 2173 668 2198 nos
703 2160 830 2199 omitti
851 2163 1046 2210 processio,
1088 2175 1190 2212 quae
1223 2164 1414 2202 hactenus
1444 2162 1525 2202 fieri

135 2211 250 2249 solita
278 2218 346 2250 est.

458 2267 514 2305 II.
573 2269 638 2306 DE
667 2279 873 2308 CONIUGIO
903 2280 1200 2308 SACERDOTUM.

190 2329 353 2368 Publica
372 2332 531 2380 querela
551 2331 623 2371 fuit
642 2334 693 2372 de
719 2333 907 2384 exemplis
930 2337 1162 2373 sacerdotum
1183 2336 1255 2385 qui
1270 2347 1345 2374 non
1368 2335 1525 2374 contine-

136 2381 240 2421 bant.
298 2384 430 2432 Quam
461 2386 514 2424 ob
548 2399 706 2425 causam
741 2395 779 2426 et
814 2388 907 2426 Pius
943 2391 1051 2439 Papa
1081 2389 1225 2428 dixisse
1259 2390 1377 2428 fertur
1406 2390 1526 2427 fuisse

134 2437 285 2487 aliquas
322 2450 459 2477 causas
501 2451 569 2477 cur
606 2441 837 2491 ademptum
879 2441 927 2481 sit
971 2443 1241 2482 sacerdotibus
1283 2441 1522 2493 coniugium,

310 2498 320 2515 ¹
344 2499 478 2531 Decreti
491 2501 527 2533 P.
544 2501 607 2533 III.
628 2502 662 2533 ii.
683 2511 733 2534 12.
1015 2503 1027 2523 2
1052 2504 1130 2535 ibid.
1148 2504 1172 2535 Ι,
1190 2504 1258 2536 viii.
1274 2514 1348 2545 4—9.
