1715 2780
133 72 200 109 119
389 61 509 99 THE
540 62 678 99 DIET
709 61 780 100 OF
809 59 1128 105 AUGSBURG,
1167 70 1265 108 1530
1454 73 1526 111 295

131 165 417 214 astringeretur,
447 172 490 202 ut
520 162 732 214 quotannis
761 164 812 201 ad
841 164 987 213 pascha
1014 164 1285 209 confiteantur,
1318 171 1355 201 et
1386 165 1529 201 delicta

133 217 265 258 omnia
294 218 499 269 diligenter
527 224 771 264 enumerent,
793 224 831 256 et
853 218 1032 256 Coenam
1056 216 1219 255 Domini
1240 216 1468 266 percipiant,
1492 226 1529 255 et

133 279 283 323 septem
317 285 403 311 esse
434 273 597 311 credant
628 278 881 310 sacramenta.
952 270 1159 310 Cavebant
1197 270 1313 309 etiam
1354 284 1403 309 ne
1442 272 1529 321 quis

133 326 350 366 erudiendo
381 328 529 376 populo
560 325 818 376 praeficiatur,
849 324 922 363 nisi
954 326 1004 363 de
1036 326 1237 363 voluntate
1268 333 1305 363 et
1335 325 1529 375 permissu

133 380 419 431 episcoporum.
478 381 543 419 Ad
565 382 672 428 haec,
696 388 737 418 ut
764 381 868 429 leges
889 392 1028 418 omnes
1049 387 1087 417 et
1108 379 1296 418 ecclesiae
1320 388 1530 429 praecepta

134 442 333 474 serventur
353 442 391 473 et
412 433 556 484 quibus
577 433 618 472 in
638 433 733 472 locis
753 435 962 483 abrogatae
982 433 1059 471 sint
1079 434 1342 472 restituantur.

187 490 320 527 Altera
352 501 441 539 pars
471 488 648 538 quinque
679 487 889 538 praecipue
923 487 1208 537 complectitur.
1287 487 1530 527 Communio

133 544 293 583 Coenae
316 542 479 581 Domini
500 543 573 580 sub
600 549 765 592 utraque
794 542 936 592 specie,
960 543 1068 591 quod
1095 541 1214 588 aiunt,
1239 541 1421 581 reiicitur.
1480 544 1531 580 Et

134 596 292 647 petebat
322 598 478 643 Caesar,
515 604 557 635 ut
589 596 629 634 in
663 609 711 635 eo
745 596 864 634 totius
898 595 1003 634 orbis
1039 595 1251 635 Christiani
1290 609 1529 635 consensum

132 659 250 701 atque
281 664 431 690 morem
461 658 686 700 sequantur.
746 652 808 688 De
837 651 1022 700 coniugio
1051 651 1302 698 sacerdotum
1331 650 1459 688 mirari
1490 664 1531 688 se

133 705 289 744 dicebat
308 706 386 744 hoc
404 705 455 744 ab
477 704 569 755 ipsis
590 704 681 754 peti,
704 717 795 742 cum
824 704 915 743 inde
935 705 986 742 ab
1006 705 1274 754 apostolorum
1302 711 1430 743 aetate
1450 718 1531 742 non

135 758 247 798 fuerit
276 758 317 797 in
346 772 429 798 usu,
492 761 653 797 Prorsus
683 758 798 808 igitur
826 757 994 797 concedi
1024 771 1105 796 non
1135 772 1261 808 posse.
1323 760 1448 797 Missa
1478 772 1532 797 re-

133 813 273 863 cipitur
293 814 478 864 ipsorum,
503 814 623 852 modo
645 826 735 850 cum
763 812 837 850 ritu
865 813 1054 851 ecclesiae
1082 814 1288 851 Romanae
1309 814 1530 851 conveniat.

133 867 172 906 Si
193 881 283 906 vero
313 874 462 906 mutata
492 867 550 915 sit,
582 867 762 913 reiicitur,
793 880 839 905 ac
869 866 984 905 simul
1012 866 1224 904 affirmatur
1253 866 1419 905 Missam
1447 880 1532 905 csse

133 921 365 960 sacrificium
386 935 456 971 pro
470 921 565 960 vivis
586 930 624 960 et
645 920 819 967 mortuis,
839 934 967 970 neque
984 920 1130 959 debere
1149 920 1314 959 Missam
1341 920 1531 970 privatam

132 975 320 1026 abrogari.
380 975 588 1014 Danielem
621 977 744 1014 multo
768 982 860 1013 ante
886 974 1180 1024 praenuntiasse
1211 976 1304 1023 fore,
1327 988 1416 1013 cum
1438 976 1534 1013 anti-

133 1029 299 1068 christus
312 1029 471 1077 venerit,
489 1037 531 1068 ut
547 1028 779 1068 sacrificium
801 1029 1015 1067 aboleatur.
1068 1031 1160 1068 Hoc
1174 1028 1335 1078 quidem
1352 1030 1532 1068 nondum

134 1084 335 1132 accidisse,
372 1097 505 1123 verum
541 1092 673 1122 tamen
706 1083 750 1121 iis
786 1083 823 1121 in
860 1084 966 1130 locis,
1000 1082 1067 1121 ubi
1100 1083 1224 1121 Missa
1254 1082 1364 1129 iacet,
1399 1084 1534 1121 altaria

134 1139 399 1186 destruuntur,
415 1146 628 1177 exuruntur
644 1145 804 1184 statuae,
824 1136 968 1187 quibus
990 1136 1028 1174 in
1051 1137 1207 1187 templis
1228 1136 1324 1174 nihil
1341 1145 1530 1184 cantatur,

135 1192 231 1230 nihil
258 1192 407 1243 legitur,
431 1193 538 1230 nulla
564 1193 696 1230 lucent
722 1191 890 1241 amplius
916 1190 1132 1239 luminaria,
1156 1190 1209 1229 ibi
1231 1190 1414 1229 nimirum
1437 1191 1533 1230 illud

136 1248 212 1285 iam
229 1246 509 1297 repraesentari
528 1247 743 1296 prophetae
757 1244 996 1283 vaticinium.
1051 1247 1192 1294 Itaque
1209 1246 1430 1283 cavendum
1449 1259 1534 1284 esse

134 1300 338 1351 diligenter
367 1300 553 1339 omnibus
583 1313 633 1339 ne
663 1313 820 1338 causam
843 1300 1056 1350 praebeant
1081 1300 1274 1338 adventus
1304 1299 1533 1337 antichristi.

135 1356 238 1393 Vota
258 1354 477 1394 monastica
497 1354 568 1393 niti
589 1361 669 1392 tam
687 1355 790 1392 Novi
806 1367 923 1404 quam
940 1353 1186 1392 Testamenti
1202 1352 1357 1392 Veteris·
1370 1354 1534 1392 auctori-

135 1416 223 1447 tate.
273 1410 509 1448 Plectendos
526 1408 640 1459 igitur
653 1408 732 1458 qui,
756 1421 848 1447 suae
865 1407 1123 1446 confessionis
1138 1407 1260 1454 obliti,
1277 1408 1534 1446 deseruerunt

136 1462 327 1502 ordinem.
387 1464 607 1513 Episcopos
635 1462 780 1501 habere
807 1469 1042 1512 potestatem
1070 1475 1151 1500 non
1173 1462 1344 1500 docendi
1367 1469 1531 1508 tantum,

134 1518 201 1556 sed
223 1524 261 1556 et
280 1516 581 1556 administrandi
597 1516 893 1567 rempublicam,
912 1529 985 1555 nec
1002 1516 1041 1554 in
1063 1529 1134 1554 suo
1156 1515 1238 1554 iure
1257 1515 1534 1565 impediendos

135 1584 230 1619 esse,
253 1572 362 1621 quod
383 1570 614 1610 liberalitate
645 1572 836 1609 maiorum
867 1572 943 1608 sint
973 1569 1200 1609 consecuti:
1230 1583 1311 1607 non
1338 1569 1534 1608 abstinere

135 1639 156 1663 a
177 1625 360 1664 carnibus
384 1633 561 1675 tempore
588 1624 798 1675 prohibito,
823 1638 902 1663 non
930 1624 1103 1662 ieiunare
1123 1637 1191 1673 per
1212 1623 1535 1673 quadragesimae

136 1687 302 1730 tempus,
332 1693 412 1717 non
436 1679 613 1718 confiteri
640 1687 814 1728 peccata,
836 1678 1068 1728 proterviam
1091 1691 1186 1724 esse,
1211 1691 1290 1715 non
1313 1677 1533 1716 libertatem

137 1733 412 1773 Christianam.

192 1789 268 1825 His
307 1787 360 1825 ita
397 1786 566 1825 recitatis
605 1788 773 1825 fatentur
811 1800 892 1824 non
932 1800 1017 1824 esse
1055 1787 1163 1823 nulla
1197 1799 1298 1835 quae
1338 1785 1534 1835 requirant

138 1842 471 1887 emendationem,
512 1849 554 1879 ut
594 1840 710 1879 etiam
752 1842 849 1879 haec
889 1848 1076 1878 sanentur
1114 1848 1151 1878 et
1187 1839 1376 1878 ecclesiae
1412 1847 1535 1878 status

139 1895 360 1945 corrigatur,
384 1908 544 1934 omnem
567 1908 677 1933 suam
706 1908 866 1945 operam
898 1896 1043 1933 Caesar
1069 1893 1276 1943 pollicetur
1305 1902 1343 1932 et
1372 1894 1536 1932 omnino

140 1963 180 1988 se
201 1963 355 2000 sperare
376 1949 482 1996 dicit,
505 1948 831 1999 quandoquidem
847 1949 896 1987 de
914 1948 1046 1986 multis
1064 1948 1163 1986 inter
1184 1949 1290 1998 ipsos
1312 1950 1532 1994 conveniat,

139 2005 220 2042 fore
258 2011 300 2042 ut
333 2005 384 2042 ad
418 2003 608 2042 ecclesiae
639 2005 768 2041 sinum
801 2004 963 2041 redeant
995 2009 1267 2052 protestantes,
1303 2002 1418 2052 eique
1451 2016 1536 2041 sese

140 2057 377 2108 permittant.
437 2059 559 2106 Quod
581 2057 743 2106 quidem
766 2056 795 2095 si
823 2058 980 2104 faciant,
1009 2056 1104 2094 nihil
1134 2070 1219 2095 6556
1247 2058 1357 2106 quod
1378 2057 1429 2094 ab
1451 2058 1536 2106 ipso

140 2124 221 2150 non
242 2111 414 2151 debeant
435 2111 640 2162 expectari.
701 2111 770 2150 Sin
791 2118 934 2158 autem,
960 2118 1042 2149 tum
1066 2110 1140 2148 sibi
1157 2110 1379 2149 necessario
1396 2110 1536 2148 facien-

141 2166 236 2204 dum
258 2180 343 2205 esse
363 2173 406 2204 ut
428 2165 630 2205 Ecclesiae
651 2172 820 2204 tutorem
843 2179 888 2203 ac
910 2166 1160 2203 defensorem
1182 2166 1333 2203 deceat.
1356 2194 1363 2202 .
1388 2195 1395 2202 .
1420 2194 1427 2202 .

331 2254 418 2296 No.
451 2264 547 2295 120.
607 2251 755 2294 Eck's
786 2252 1043 2294 Articulus
1075 2252 1137 2295 de
1175 2251 1349 2303 Missa,

612 2322 658 2352 21
690 2311 905 2364 August,
936 2321 1060 2363 1530.

200 2380 401 2419 Petierunt
424 2380 619 2420 Catholici
650 2388 689 2418 ut
721 2388 798 2418 tam
826 2380 1007 2429 publicae
1038 2392 1156 2428 quam
1187 2378 1357 2427 privatae
1391 2377 1535 2415 Missae

144 2434 391 2473 celebrentur
424 2448 537 2484 super
569 2434 691 2480 altari,
732 2447 820 2471 cum
865 2434 1083 2471 inclusione
1123 2432 1323 2480 utriusque
1360 2431 1534 2478 canonis,
