1715 2780
193 101 269 137 394
510 89 627 125 THE
661 88 1013 127 BEGINNINGS
1045 89 1116 127 OF
1145 89 1263 126 THE
1520 97 1589 137 175

194 191 407 231 crastinum
438 191 657 231 diluculum
689 205 829 242 cogere
863 192 1088 231 universum
1123 192 1372 231 sacerdotum
1407 192 1587 231 ordinem

191 248 241 286 ad
261 246 543 285 canonicorum
564 248 695 285 locum
717 254 952 285 consuetum
968 248 991 285 ¹.
1050 247 1135 296 Ego
1155 247 1232 285 hoc
1256 247 1346 285 felix
1368 246 1588 296 auspicium

191 301 385 351 opinatus,
418 302 526 351 quod
556 314 615 339 res
644 314 712 351 per
741 313 938 339 cursorem
972 300 1124 351 egregie
1158 307 1241 338 tum
1276 301 1473 347 claudum,
1505 308 1588 338 turn

193 355 409 406 illepidum,
441 362 581 405 coepta
616 362 729 403 esset,
765 354 987 404 cogitabam
1022 354 1122 392 intra
1163 367 1226 393 me
1266 367 1441 404 quonam
1472 361 1589 404 pacto

193 416 324 448 essent
344 409 466 448 orsuri
492 410 622 447 telam.
682 408 793 448 Sensi
814 409 987 456 tandem,
1009 416 1052 447 ut
1072 408 1168 446 mihi
1188 408 1359 447 videbar.
1417 409 1469 446 Et
1498 421 1589 446 cum

193 464 270 501 iam
291 463 477 502 illuxisset
511 471 629 513 atque
672 463 711 501 in
745 470 1003 513 conspectum
1043 470 1205 501 ventum
1240 470 1352 510 esset,
1389 475 1498 501 orsus
1533 470 1590 500 est

195 519 461 567 suffraganeus
495 517 535 555 in
560 531 650 555 eum
687 518 851 556 modum
886 516 953 567 qui
987 524 1076 567 post
1110 516 1296 567 sequitur,
1317 530 1408 555 cum
1438 529 1592 554 narrare

196 571 443 621 coeperimus
478 573 685 621 quomodo
709 584 768 610 res
802 572 850 609 sit
882 572 988 621 apud
1019 578 1199 609 senatum
1234 578 1331 609 acta.
1392 572 1485 608 Erat
1508 577 1590 608 tota

193 626 317 664 oratio
330 627 543 664 vehemens
560 634 598 664 et
619 625 811 664 stomachi
829 624 1104 675 superciliique
1119 627 1245 675 plena,
1264 624 1419 663 tametsi
1434 632 1591 663 strenue

193 680 455 718 dissimularet
481 692 641 718 ornnem
671 679 910 718 simultatem
935 692 1024 729 erga
1044 692 1116 718 nos
1131 694 1142 728 3
1170 692 1317 717 nomen
1344 678 1490 717 etenim
1520 691 1591 716 no-

195 741 317 772 strum
338 733 390 772 ita
410 747 606 783 nusquam
626 733 762 783 attigit,
784 747 830 772 ac
851 733 881 771 si
902 741 1195 772 sacrosanctum
1216 740 1328 781 esset,
1346 746 1438 771 cum
1458 740 1590 771 tamen

195 787 350 826 interim
370 787 468 825 nihil
488 801 568 826 non
588 787 628 825 in
650 801 722 826 nos
742 787 946 827 diceretur.

250 842 512 892 Tragoediam
556 855 647 880 cum
689 841 767 880 iam
811 841 1053 888 exeiulasset,
1094 840 1234 892 prodii,
1274 841 1507 879 indecorum
1545 852 1591 878 ac

197 897 360 935 foedum
399 904 515 944 ratus,
553 897 783 944 orationem,
819 909 921 946 quae
960 902 1113 934 tantum
1152 894 1288 934 damni
1321 896 1414 933 dare
1444 901 1590 945 posset,

197 952 472 989 inconcussam
504 950 739 1001 permittere,
774 951 1000 1001 praesertim
1035 951 1144 1000 quod
1182 949 1358 987 infirmos
1396 949 1591 999 quosdam

196 1017 322 1054 nuper
352 1004 512 1044 Christo
541 1004 764 1043 lucrifactos
794 1005 1019 1043 sacerdotes
1049 1004 1221 1042 offensos
1251 1016 1297 1042 ea
1326 1004 1522 1050 sentirem,
1545 1015 1593 1041 ex

196 1058 323 1096 tacitis
343 1058 558 1108 palloribus
579 1071 625 1096 ac
646 1058 830 1109 suspiriis.

251 1112 525 1151 Tumultuarie
572 1114 705 1163 itaque
751 1114 803 1151 ad
852 1111 1083 1162 suffraganei
1122 1111 1229 1150 dicta
1275 1110 1471 1161 respondi,
1512 1123 1594 1160 quo

198 1166 333 1217 spiritu
372 1174 440 1205 aut
477 1166 611 1205 animo
650 1166 826 1205 iudicent
865 1166 960 1205 boni
999 1165 1067 1216 qui
1108 1165 1329 1204 audierunt.
1387 1166 1592 1204 Summam

197 1229 330 1260 tamen
369 1220 487 1259 etiam
526 1228 610 1259 turn
644 1220 792 1268 audies,
834 1234 924 1259 curn
959 1221 1010 1259 ad
1044 1227 1131 1258 acta
1164 1221 1271 1270 apud
1310 1226 1490 1258 senatum
1529 1219 1594 1257 de-

197 1288 431 1313 venerimus.

255 1330 522 1367 Deseruerunt
556 1330 632 1367 hoc
671 1342 794 1367 cornu
833 1327 951 1367 veluti
990 1327 1136 1366 victum
1175 1340 1221 1365 ac
1261 1328 1304 1371 in
1338 1328 1470 1376 fugam
1504 1338 1595 1364 con-

198 1396 352 1421 versum
397 1390 570 1421 oratores
609 1384 659 1421 ad
704 1382 811 1420 aliud
854 1395 1018 1431 propere
1056 1381 1284 1420 festinantes
1323 1381 1374 1418 ad
1413 1387 1593 1418 senatum

199 1436 357 1484 scilicet,
381 1436 449 1474 ubi
470 1438 621 1483 eadem,
644 1443 686 1474 ut
707 1450 753 1474 ex
773 1436 1019 1474 senatoribus
1040 1435 1123 1485 ipse
1143 1434 1292 1482 rescivi,
1315 1433 1449 1472 habita
1469 1433 1594 1472 oratio

199 1492 422 1540 eodemque
452 1491 574 1529 modo
604 1489 755 1528 nomini
785 1498 920 1528 nostro
947 1489 1150 1539 parcitum,
1173 1501 1403 1538 persuasum
1433 1501 1594 1537 quoque

199 1544 352 1583 senatui
381 1558 431 1582 ne
461 1557 533 1594 ego
554 1557 734 1582 vocarer:
774 1543 871 1581 nihil
901 1543 1006 1582 enim
1028 1556 1069 1582 se
1090 1555 1247 1582 mecum
1268 1542 1414 1580 habere
1435 1541 1592 1592 negotii.

200 1598 453 1636 Variantibus
492 1599 682 1648 posthaec
719 1597 962 1648 aliquamdiu
1002 1596 1206 1636 sententiis
1244 1597 1322 1634 huc
1360 1603 1492 1634 tamen
1531 1597 1596 1634 de-

199 1662 360 1691 ventum
392 1659 451 1691 est
482 1660 525 1690 ut
556 1660 594 1691 et
628 1651 740 1702 plebs
776 1652 839 1702 (ea
869 1659 926 1690 est
958 1652 1119 1690 ducenti
1151 1650 1232 1697 viri,
1263 1651 1429 1689 Senatus
1465 1649 1596 1688 Maior

200 1706 428 1758 adpellati)²
459 1706 640 1756 sequenti
671 1707 735 1745 die
764 1707 947 1756 frequens
976 1706 1145 1752 adesset,
1166 1710 1420 1754 cautumque,
1442 1717 1492 1742 ne
1518 1703 1596 1753 epi-

201 1760 336 1810 scopi3
366 1761 484 1808 urbis,
516 1760 583 1810 qui
603 1768 680 1798 tres
715 1773 861 1807 sumus,
897 1760 1105 1798 adessent:
1143 1757 1241 1796 nihil
1270 1758 1376 1796 enim
1406 1758 1594 1796 adversus

201 1815 295 1852 istos
330 1816 482 1853 dictum
517 1814 571 1861 iri,
609 1814 775 1852 orationi
808 1822 888 1852 tarn
920 1815 1092 1863 integrae
1125 1811 1327 1851 neminem
1360 1824 1477 1861 posse
1506 1824 1596 1849 con-

201 1868 390 1906 tradicere
411 1876 448 1906 et
469 1876 608 1907 cetera.
651 1869 773 1917 Quod
794 1867 861 1906 ubi
882 1867 1031 1915 rescivi,
1048 1880 1209 1905 omnem
1229 1879 1389 1916 operam
1406 1865 1594 1915 impendi,

202 1929 244 1960 ut
266 1935 337 1959 nos
359 1935 518 1971 quoque
540 1922 578 1959 in
600 1930 780 1960 senatum
801 1921 1098 1960 admitteremur
1118 1919 1297 1970 sequenti
1318 1919 1383 1958 die
1410 1920 1594 1958 futurum.

202 1977 358 2013 Frustra
396 1975 463 2013 diu
504 1975 606 2013 movi
646 1989 806 2014 omnem
846 1975 1044 2025 lapidem3
1082 1987 1173 2012 narn
1208 1981 1367 2012 senatus
1400 1972 1596 2022 principes

202 2029 400 2078 negabant
431 2030 510 2067 fieri
540 2042 667 2079 posse,
690 2042 780 2066 curn
812 2036 970 2067 senatus
1001 2028 1197 2066 diversum
1227 2026 1474 2065 decrevisset.
1534 2025 1594 2064 Ibi

202 2097 275 2133 ego
313 2082 514 2132 quiescere
552 2096 597 2120 ac
636 2082 808 2132 suspiriis
848 2096 929 2120 rem
968 2095 1081 2131 agere
1115 2082 1228 2130 coepi
1259 2081 1366 2131 apud
1405 2093 1495 2118 eum
1529 2079 1597 2129 qui

202 2136 311 2175 audit
357 2136 545 2186 gemitum
596 2136 924 2185 compeditorum,
964 2148 1014 2173 ne
1060 2134 1262 2173 veritatem
1310 2136 1506 2173 desereret
1552 2146 1598 2171 ac

202 2191 448 2241 evangelium
479 2204 604 2237 suum,
638 2191 746 2239 quod
776 2203 844 2239 per
878 2203 950 2228 nos
985 2188 1198 2239 praedicari
1233 2188 1430 2235 voluisset,
1466 2189 1597 2226 defen-

201 2246 323 2284 deret.

245 2337 255 2354 ¹
281 2337 353 2367 The
370 2338 378 2353 ‘
391 2335 707 2367 Chorherrenstube’
726 2345 762 2364 or
779 2334 943 2365 Common
958 2334 1066 2364 Room
1084 2334 1121 2365 of
1132 2334 1188 2365 the
1205 2333 1347 2364 Canons’
1364 2333 1554 2364 Residence.

246 2380 256 2396 '²
279 2380 330 2411 Cf.
368 2381 399 2420 J.
429 2380 468 2412 C.
508 2379 702 2417 Bluntschli,
733 2379 858 2408 Slaals-
885 2378 958 2408 und
979 2377 1271 2418 Rechlsgesclziclzte
1300 2377 1360 2408 der
1395 2376 1491 2407 Stadt
1527 2375 1601 2407 und

205 2423 409 2464 Landsclzast
425 2423 560 2461 Zl‘iriclz,
578 2424 598 2453 i.
619 2430 678 2463 357
697 2432 766 2462 sqq.

248 2467 259 2483 ³
284 2468 326 2498 So
344 2467 482 2508 Zwingli
500 2467 580 2498 calls
596 2466 649 2497 the
667 2465 756 2497 three
773 2463 920 2507 people's
937 2465 1051 2506 priests
1068 2465 1105 2495 of
1118 2464 1254 2496 Ziirich:
1279 2473 1330 2495 see
1347 2463 1465 2495 below.
