1715 2780
8 2271 13 2277 »Α
4 2214 14 2236 μ(
0 2117 13 2193 —oflae‘

12 2598 40 2780 -ervfsr-
12 2566 17 2582 ·
11 2513 21 2535 ²-
18 2471 34 2498 -3,
28 2449 31 2451 ,

128 82 199 119 132
364 70 621 115 NORWsz
652 70 772 107 AND
805 69 1070 115 rcELAND,
1108 82 1288 119 1537-40
1449 87 1522 122 327

130 175 291 222 dietum,
314 186 432 212 causa
458 186 633 223 nuperae
660 171 865 212 seditionis
889 172 1105 212 exstiterint
1131 174 1238 212 unde
1259 204 1265 212 .
1290 203 1297 211 .
1322 204 1327 211 .
1349 175 1525 224 abrogati

130 236 230 277 sunt,
251 241 325 267 nec
346 228 406 266 vel
427 227 452 266 ii
479 228 540 266 vel
567 226 633 266 alii
663 240 797 266 eorum
827 226 974 266 similes
1004 226 1193 278 Episcopi
1218 240 1309 267 cum
1330 228 1525 268 eiusmodi

130 289 322 333 potestate
351 289 388 321 et
418 281 625 321 dominatu
655 282 820 332 posthac
849 280 1088 320 admittendi
1117 289 1252 321 erunt:
1293 282 1418 333 igitur,
1446 296 1526 334 quo

130 337 289 378 Corona
316 335 426 387 regni
457 343 495 375 et
526 337 611 374 Rex
644 335 797 375 Daniae
826 335 964 374 virium
989 335 1218 375 accessione
1246 345 1462 387 augeatur.
1487 368 1494 375 .
1517 368 1524 375 .

129 404 258 442 neque
277 391 380 429 adeo
400 403 608 429 necessum
630 389 678 429 sit
698 391 878 439 amplius,
898 420 904 428 .
921 421 927 428 .
948 421 954 428 .
973 403 1066 429 casu
1087 392 1263 440 quodam
1279 390 1523 438 imminente,

130 447 330 484 universos
363 445 471 495 regni
510 444 658 483 incolas
696 444 862 491 tributis,
898 444 999 483 sicut
1036 444 1114 482 iam
1143 446 1304 492 factum,
1340 458 1527 493 onerare3

131 498 336 538 unanimes
362 506 401 538 et
424 500 628 537 communi
653 511 849 537 consensu
877 498 1123 537 decrevimus
1154 507 1191 538 et
1221 499 1458 538 sancivimus
1485 510 1525 538 ut

131 553 264 592 omnia
301 552 544 592 dioecesium
577 554 873 603 Episcopalium
909 553 1025 600 bona,
1064 566 1184 601 arces,
1226 553 1350 601 villae,
1388 561 1525 602 castra,

132 607 291 658 praedia
311 606 504 656 fundique
530 607 675 654 rustici,
701 620 869 656 quorum
895 606 1157 657 possessione,
1182 621 1254 646 usu
1275 616 1313 646 et
1334 608 1525 647 fructibus

132 661 319 712 Episcopi
340 669 430 700 sunt
450 660 582 711 gavisi,
606 662 771 711 posthac
801 674 892 699 cum
922 661 1108 700 omnibus
1139 661 1339 709 reditibus,
1364 676 1525 712 proven-

130 715 234 755 tibus
254 723 292 754 et
312 715 450 754 ceteris
471 728 573 765 quae
599 716 650 754 ad
675 728 721 754 ea
741 715 948 765 pertinent,
978 715 1017 753 in
1050 715 1171 766 Regis
1196 715 1524 755 sustentationem

130 769 412 820 publicumque
433 769 541 819 regni
560 770 818 808 commodum
848 777 885 808 et
906 770 1219 808 emolumentum
1249 772 1402 818 cedant,
1427 779 1464 809 et
1486 770 1524 809 in

130 831 362 874 perpetuum
384 825 566 863 Coronae
588 824 766 862 Danicae
786 823 1054 862 subiiciantur.
1077 855 1083 861 .
1109 854 1114 860 .
1138 854 1144 860 .

185 877 329 917 Itidem
350 877 389 916 in
417 891 556 916 omnes
587 879 846 925 Praesulatus,
870 877 1073 925 beneficia,
1096 878 1306 928 dignitates
1335 880 1528 917 Ecclesia-

133 931 248 971 sticas
267 931 422 982 aliaque
443 931 483 971 id
503 944 628 982 genus
649 933 777 979 feuda,
796 945 963 982 quorum
986 933 1335 971 concedendorum
1353 941 1526 982 potestas

128 987 295 1026 antehac
325 999 445 1036 penes
475 986 676 1026 Coronam
704 986 821 1036 regni,
838 988 1003 1038 ²Regem
1031 994 1068 1025 et
1099 986 1321 1037 Episcopos
1351 986 1433 1034 fuit,
1467 986 1526 1025 ius

131 1048 360 1091 patronatus
380 1041 546 1090 posthac
568 1042 653 1078 Rex
675 1040 833 1087 habeto,
856 1041 1059 1090 possideto
1081 1048 1119 1079 et
1140 1040 1318 1080 retineto.
1379 1041 1526 1079 Pariter

132 1094 328 1133 Nobilitas
354 1102 391 1133 et
422 1094 612 1144 equestris
642 1095 740 1133 ordo
769 1096 819 1133 ad
855 1096 1003 1144 templa
1037 1102 1074 1133 et
1107 1096 1226 1133 feuda
1260 1094 1526 1133 ecclesiastica

131 1149 212 1187 iure
232 1148 300 1187 illo
320 1155 560 1198 patronatuS,
585 1150 692 1198 quod
720 1148 794 1187 sibi
815 1148 987 1198 legitime
1013 1157 1240 1199 competere
1261 1157 1299 1188 et
1320 1150 1526 1199 hucusque

129 1204 179 1242 ad
201 1216 242 1241 se
262 1202 496 1253 pertinuisse
515 1202 729 1241 litterarum
751 1210 788 1242 et
809 1202 1023 1253 sigillorum
1046 1204 1124 1242 fide
1150 1204 1302 1253 possint
1323 1216 1527 1242 common-

129 1264 259 1304 strare,
282 1264 443 1296 utuntor
462 1258 730 1307 fruuntorque.

186 1313 278 1349 Hoc
316 1319 450 1350 tamen
488 1310 541 1350 ita
578 1311 746 1361 amplius
786 1310 1084 1361 intelligendum
1117 1319 1157 1350 ut
1191 1311 1373 1350 homines
1409 1313 1526 1350 feuda

131 1365 325 1404 eiusmodi
364 1365 577 1404 clientelari
620 1365 702 1404 iure
747 1373 937 1412 tenenteS,
980 1365 1142 1413 eisdem,
1176 1367 1310 1415 quoad
1348 1366 1523 1412 vixerint,

131 1421 306 1458 fruantur
320 1434 330 1467 3
358 1427 447 1470 post
467 1432 669 1458 excessum
688 1432 779 1459 vero
800 1419 1009 1458 hominum
1037 1419 1231 1458 beneficia
1261 1420 1525 1458 ecclesiastica

130 1473 237 1512 dicto
266 1473 348 1512 iure
378 1473 676 1524 possidentium,
703 1473 927 1524 cuicunque
956 1473 1146 1523 equestris
1174 1473 1323 1513 ordinis
1350 1473 1432 1512 viro
1459 1483 1525 1512 aut

131 1527 253 1566 nobili
270 1527 309 1566 in
323 1528 399 1566 hoc
413 1540 533 1578 regno
550 1527 716 1566 liberum
738 1528 786 1566 sit
808 1528 966 1578 praedia
980 1528 1044 1566 illa
1064 1536 1102 1567 et
1119 1529 1263 1567 fundos
1284 1541 1523 1578 recuperare,

132 1595 298 1632 quorum
324 1581 519 1632 legitimos
543 1595 585 1620 se
615 1583 779 1621 heredes
810 1595 895 1620 esse
925 1582 1210 1620 sufficientibus
1238 1582 1451 1621 litterarum
1487 1590 1525 1620 et

132 1635 345 1686 sigillorum
399 1635 633 1674 testimoniis
681 1637 914 1675 confirmare
962 1636 1123 1686 possint.
1200 1636 1347 1675 Omnia
1391 1644 1523 1674 autem

131 1689 335 1736 coenobia,
389 1702 608 1740 omnesque
659 1692 913 1739 praesulatus,
963 1690 1173 1740 dignitates
1227 1699 1265 1728 et
1318 1690 1523 1737 beneficia,

131 1745 399 1791 canonicatus,
421 1752 630 1794 ceteraque
653 1744 917 1782 Ecclesiarum
941 1745 1068 1791 feuda,
1092 1744 1199 1782 hisce
1221 1757 1302 1782 non
1330 1757 1523 1794 expressa,

131 1798 171 1836 in
209 1805 311 1836 statu
358 1811 430 1836 suo
476 1806 765 1846 conservantor,
799 1800 927 1837 donec
975 1800 1061 1836 Rex
1099 1807 1136 1836 et
1171 1799 1379 1837 Senatores
1419 1799 1522 1848 regni

132 1852 285 1891 Daniae
305 1864 396 1890 cum
415 1851 500 1890 aliis
521 1852 762 1903 sapientibus
782 1851 990 1902 doctisque
1012 1852 1112 1899 viris,
1134 1852 1173 1890 in
1189 1851 1399 1890 consilium
1421 1853 1525 1891 istud

131 1905 384 1953 advocandis,
415 1905 525 1945 aliter
555 1907 604 1945 de
634 1906 773 1946 iisdem
804 1906 1101 1945 constituerint:
1147 1906 1371 1956 cuicunque
1391 1914 1525 1945 tamen

132 1960 212 1999 iure
232 1973 304 1999 suo
325 1961 432 1999 salvo
452 1969 489 1999 et
511 1960 661 2011 integro
682 1974 838 2011 prorsus
867 1969 1062 2000 manente.
1124 1961 1336 2000 Monachis
1357 1961 1523 2000 liberum

132 2027 446 2064 concessumque
503 2023 587 2054 esto
641 2028 686 2054 ex
745 2015 997 2054 Monasteriis
1055 2015 1169 2062 exire,
1224 2023 1421 2065 quotquot
1486 2015 1522 2052 in

133 2067 178 2106 iis
209 2070 348 2107 nolunt
380 2070 540 2107 ulterius
580 2077 748 2108 aetatem
782 2070 947 2119 degere:
984 2069 1049 2119 qui
1083 2083 1174 2108 vero
1205 2082 1320 2120 porro
1360 2068 1523 2119 cupiunt

133 2121 280 2161 ibidem
301 2123 549 2171 commorari,
572 2123 838 2173 superioribus
860 2123 950 2171 suis,
975 2123 1212 2170 Abbatibus‚
1237 2123 1436 2161 Prioribus
1457 2132 1521 2160 aut

134 2176 367 2226 Praepositis
408 2177 732 2216 monasteriorum
772 2177 1005 2217 obedientes
1043 2207 1048 2213 .
1086 2209 1092 2215 .
1128 2185 1290 2223 ‚sunt0‚
1325 2177 1524 2225 vitamque

134 2230 391 2269 monasticam
408 2239 566 2280 agunto,
586 2231 762 2270 castitate
783 2240 820 2270 et
849 2231 1080 2281 integritate,
1098 2231 1330 2271 Christianis
1359 2230 1524 2269 homini-

133 2283 207 2322 bus
245 2283 376 2334 digna,
416 2284 696 2333 coniunctam3
724 2293 791 2324 aut
823 2285 1071 2324 monasteriis
1104 2294 1301 2324 exeunto:
1341 2284 1366 2321 ii
1405 2283 1521 2321 etiam

135 2337 201 2387 qui
245 2337 344 2376 intra
386 2339 553 2377 claustra
603 2339 888 2379 coenobiorum
939 2347 1109 2378 aetatem
1162 2347 1252 2377 sunt
1297 2337 1521 2383 traducturi,

134 2390 308 2429 divinum
339 2392 529 2440 Verbum,
562 2393 728 2443 publicis
760 2393 811 2432 ibi
844 2393 1104 2432 concionibus
1135 2392 1426 2442 exponendum,
1457 2405 1521 2429 au-

134 2444 284 2483 diunto.
344 2447 485 2496 Neque
516 2447 650 2498 utique
686 2447 758 2485 illis
787 2447 942 2486 licentia
969 2456 1034 2485 aut
1055 2447 1217 2484 facultas
1240 2446 1402 2496 posthac
1424 2454 1522 2492 esto,
