1715 2780
153 117 227 152 342
331 105 452 142 THE
483 103 787 152 COLLOQUY
819 104 889 142 OF
921 103 1216 149 κΑΤΙΞΒΟΝ,
1255 114 1351 153 1541
1476 104 1550 151 136

152 207 314 254 articuli,
356 209 424 247 sed
473 216 514 246 ut
561 209 726 258 simplex
764 206 902 246 veritas
950 207 1120 257 patefiat.
1198 208 1249 245 Et
1286 214 1449 246 testatus
1493 215 1550 247 est

155 264 374 312 Imperator
403 263 502 301 velle
532 275 572 300 se
602 261 743 311 inquiri
772 261 987 300 veritatem.

209 318 259 354 Et
293 315 332 354 in
364 317 520 355 delectu
554 317 627 354 hac
659 329 752 354 usus
781 322 839 354 est
868 314 1076 365 aequitate.
1137 317 1196 353 Ex
1226 314 1438 365 pontificiis
1472 322 1549 354 tres

153 370 245 421 legit
266 370 424 418 Iulium,
447 371 624 417 Eccium,
652 370 911 420 Gropperum.
973 369 1050 408 His
1077 369 1189 408 addit
1217 382 1263 408 ex
1291 370 1412 408 altera
1441 378 1550 420 parte

154 432 229 463 tres
252 424 490 475 Philippum,
514 426 709 462 Bucerum
732 433 769 462 et
790 423 1016 462 Nidanum¹
1040 431 1248 474 pastorem.
1300 423 1471 462 Petitum
1492 431 1550 463 est

155 485 196 516 ut
229 480 425 518 addantur
462 477 658 529 principes
689 491 761 516 ceu
799 478 1078 528 gubernatores
1117 476 1315 528 colloquii,
1352 485 1390 516 et
1427 477 1547 528 aliqui

153 532 351 571 auditores
381 546 450 571 seu
481 540 610 579 testes,
642 540 683 570 ut
712 540 798 570 acta
825 531 975 570 recitari
1003 540 1086 571 tum
1108 532 1340 582 Imperatori
1361 539 1444 570 tum
1465 531 1549 570 aliis

152 586 395 637 principibus
430 585 584 625 fidelius
613 587 776 636 possint.
837 587 991 625 Delecti
1022 593 1112 624 sunt
1144 586 1426 636 gubernatores
1459 587 1550 625 Dux

154 639 374 680 Fridericus
396 641 622 679 Palatinus-²
643 647 680 679 et
700 640 943 679 Granvellus.
1003 639 1194 679 Adiuncti
1213 639 1412 679 auditores
1433 669 1440 677 .
1464 670 1472 678 .
1497 670 1504 678 .

210 693 329 733 Initio
349 708 581 746 congressus
609 696 699 732 Dux
721 693 942 733 Fridericus
969 707 1099 733 rursus
1125 695 1355 733 adhortatur
1374 695 1550 733 delectos

154 757 195 786 ut
223 750 381 788 sedatos
406 756 443 788 et
471 750 556 799 pios
585 748 739 787 animos
765 750 816 787 ad
838 756 986 787 tantam
1011 747 1337 788 deliberationem
1358 749 1547 796 adferant,

154 811 192 841 et
213 802 395 842 dirimere
416 802 701 842 controversias
723 803 918 841 studeant.

209 859 349 896 Narrat
370 857 442 907 ipsi
461 856 692 907 Imperatori
708 864 765 895 tot
785 856 861 895 iam
883 869 1008 895 annos
1023 868 1109 895 eam
1132 869 1213 896 rem
1228 857 1421 895 maximae
1433 868 1560 895 curae

154 911 283 959 fuisse,
306 925 433 962 eoque
463 913 675 950 multorum
705 911 913 949 doctorum
941 918 979 949 et
1007 911 1202 950 bonorum
1227 911 1447 962 explorasse
1467 924 1552 949 sen-

154 965 307 1004 tentias.
367 965 470 1005 Cum
506 966 620 1015 igitur
653 964 814 1015 quidam
846 964 1092 1003 exhibuerint
1122 964 1195 1015 ipsi
1223 966 1410 1015 scriptum
1442 965 1551 1015 quod

154 1027 312 1070 propter
332 1021 645 1059 moderationem
672 1018 837 1057 aliorum
868 1018 1041 1057 consiliis
1065 1019 1288 1058 durioribus
1313 1018 1550 1066 antetulerit,

155 1075 253 1112 velle
286 1075 567 1124 Imperatorem
599 1082 639 1112 ut
670 1073 832 1112 delectis
860 1073 958 1112 liber
986 1073 1050 1111 ille
1077 1080 1328 1124 proponatur,
1352 1072 1419 1123 qui
1440 1072 1551 1124 quasi

156 1129 257 1166 viam
280 1135 470 1167 monstret
490 1129 540 1167 ad
562 1127 801 1166 dirimendas
822 1127 1117 1166 controversias.

212 1182 329 1221 Liber
358 1190 417 1221 est
446 1181 641 1221 exhibitus
666 1181 904 1232 aequissima
930 1180 1160 1220 conditione
1184 1189 1225 1220 ut
1246 1194 1346 1231 quae
1368 1195 1448 1220 non
1468 1195 1554 1231 pro-

156 1236 342 1275 barentur
367 1236 492 1283 nobis,
515 1236 645 1275 dicere
679 1236 812 1274 liceret
843 1244 881 1275 et
911 1249 1116 1275 censuram
1145 1236 1394 1274 adderemus.
1468 1235 1552 1273 Etsi

156 1298 286 1329 autem
310 1290 429 1329 tutius
451 1290 656 1329 videbatur
670 1289 871 1329 nonnullis
886 1303 931 1328 ex
946 1289 1108 1328 delectis
1125 1302 1348 1340 percurrere
1363 1291 1554 1340 Augusta-

156 1357 247 1383 nam
287 1344 589 1390 confessionem,
637 1352 770 1383 tamen
808 1357 898 1381 cum
937 1344 1000 1382 alii
1041 1343 1181 1382 librum
1227 1345 1474 1391 anteferrent,
1516 1351 1554 1381 et

156 1398 311 1436 incivile
350 1399 544 1437 videretur
591 1400 696 1437 nolle
743 1397 933 1447 inspicere
980 1397 1166 1447 scriptum
1214 1397 1459 1448 propositum
1502 1397 1552 1435 ab

159 1453 412 1502 Imperatore,
435 1453 518 1490 sine
539 1451 682 1502 iniquis
699 1451 1005 1492 conditionibus,
1029 1450 1213 1489 convenit
1235 1459 1276 1489 ut
1296 1451 1394 1490 liber
1414 1452 1554 1501 legere-

158 1514 218 1544 tur
239 1514 276 1544 et
295 1507 432 1545 ordine
453 1506 676 1546 dicerentur
696 1505 925 1544 sententiae.

214 1560 331 1598 Initia
351 1574 431 1599 non
452 1561 653 1599 habebant
673 1559 956 1598 controversias
984 1560 1033 1598 de
1055 1558 1283 1598 conditione
1300 1558 1481 1606 hominis,
1505 1559 1555 1597 de

158 1616 281 1664 lapsu,
300 1616 350 1653 de
371 1615 494 1653 libero
515 1614 684 1661 arbitrio,
708 1615 758 1652 de
774 1627 891 1652 causa
912 1613 1075 1663 peccati,
1098 1614 1148 1652 de
1164 1612 1258 1652 vitio
1278 1612 1448 1663 originis.
1494 1615 1555 1651 De

158 1668 217 1707 his
238 1668 334 1707 locis
355 1682 462 1708 nunc
483 1668 644 1719 quidem
666 1668 768 1707 rixae
790 1668 919 1706 nullae
940 1668 1107 1706 fuerunt.

213 1724 378 1761 Secutus
409 1731 467 1762 est
496 1725 606 1761 locus
636 1723 686 1761 de
716 1721 1036 1761 reconciliatione
1069 1720 1241 1760 hominis
1276 1733 1344 1760 seu
1377 1720 1556 1759 iustifica-

159 1776 277 1824 tione,
314 1778 364 1816 de
398 1791 478 1827 quo
509 1779 658 1827 farrago
692 1776 756 1814 illa
795 1775 921 1814 neutri
953 1775 1051 1826 parti
1083 1775 1355 1822 satisfaciebat,
1392 1782 1430 1813 et
1463 1773 1555 1824 quia

160 1844 282 1869 novas
309 1832 500 1881 quasdam
532 1830 745 1869 sententias
775 1829 1016 1876 continebat,
1043 1837 1081 1868 et
1108 1830 1215 1879 quod
1241 1830 1427 1879 pleraque
1447 1835 1555 1866 erant

160 1884 338 1931 obscura,
354 1884 567 1935 impropria
587 1892 624 1923 et
645 1884 876 1934 fiexiloqua:
905 1891 946 1922 ut
966 1884 1061 1922 alias
1077 1882 1272 1922 videretur
1288 1890 1392 1922 recte
1411 1881 1552 1929 dicere,

160 1939 239 1977 fide
259 1946 417 1989 propter
439 1938 639 1978 Christum
660 1937 751 1977 iusti
771 1951 919 1984 sumus,
936 1937 1030 1976 alias
1047 1945 1194 1983 contra,
1212 1944 1370 1987 propter
1389 1937 1554 1975 donatas

160 1990 320 2031 virtutes
342 1992 432 2030 iusti
453 2005 599 2038 sumus,
621 2000 663 2030 ut
680 1993 856 2030 Thomas
878 2004 946 2030 seu
967 1998 1010 2029 ut
1031 1992 1143 2029 Plato
1163 1989 1346 2040 loquitur.

215 2047 397 2096 Seposito
420 2046 534 2096 igitur
555 2046 655 2084 libro
682 2047 732 2084 de
757 2058 911 2083 summa
937 2043 990 2083 rei
1018 2044 1138 2082 libere
1161 2043 1404 2093 disputatum
1426 2050 1494 2091 est,
1518 2050 1557 2082 et

161 2101 322 2138 tandem
343 2101 394 2138 ad
414 2101 622 2139 formulam
645 2101 866 2146 decursum,
888 2099 928 2136 in
949 2111 1026 2147 qua
1046 2104 1201 2147 recepta
1221 2105 1259 2136 et
1280 2097 1471 2148 explicata
1497 2105 1556 2135 est

161 2153 365 2201 sententia,
382 2153 479 2193 Fide
496 2161 653 2204 propter
667 2152 866 2193 Christum
882 2151 996 2202 gratis
1014 2152 1279 2199 iustificamur,
1295 2164 1376 2190 non
1397 2158 1556 2202 propter

161 2207 322 2247 virtutes
341 2216 504 2247 nostras,

218 2263 320 2302 Cum
342 2264 392 2301 de
413 2263 488 2300 hoc
509 2263 598 2300 loco
618 2260 876 2307 convenisset,
901 2260 1025 2299 redire
1049 2260 1099 2298 ad
1124 2259 1266 2298 librum
1293 2258 1387 2297 iussi
1407 2271 1554 2297 sumus.

164 2317 308 2356 Lectus
329 2325 387 2356 est
407 2318 517 2355 locus
539 2329 707 2366 sequens
732 2316 781 2353 de
803 2314 990 2352 Ecclesia.
1050 2314 1130 2352 Hic
1150 2321 1192 2352 ut
1216 2312 1367 2352 facilius
1387 2313 1555 2352 obtineri

162 2371 366 2420 sequentia
393 2377 563 2421 possent,
586 2369 773 2410 insidiose
799 2368 934 2407 addita
961 2375 1018 2407 est
1039 2368 1279 2418 hypothesis,
1301 2380 1554 2406 communem

467 2454 473 2471 ¹
502 2453 656 2484 l'istorius
672 2463 737 2483 was
754 2456 865 2493 pastor
883 2451 919 2482 of
933 2450 1051 2481 Nitida.
1070 2450 1100 2481 in
1120 2450 1234 2481 Hesse.

468 2498 478 2516 ’-“
504 2498 612 2528 Count
629 2496 777 2527 Palatine
793 2495 829 2526 of
842 2495 895 2526 the
913 2494 1018 2526 Rhine
1038 2493 1220 2534 1544*†‚=6.
