1715 2780
11 116 120 155 .305
479 110 537 146 IN
569 108 812 156 GENEVA,
850 119 1001 158 1541-2
1359 111 1434 158 625

38 217 162 251 smata
201 212 468 264 nominantur)
507 213 677 263 aliaeque
704 220 870 263 pompae
902 213 1051 262 generis
1088 214 1247 251 eiusdem
1288 227 1310 250 a
1349 214 1436 250 Deo

39 280 237 316 nunquam
257 267 456 306 institutae
467 267 555 315 sint,
577 269 643 306 sed
658 268 706 305 ab
725 267 940 305 bonn'nibus
959 268 1205 315 introductae,
1227 268 1437 316 sensimque

9 317 13 366 f
38 334 77 359 eo
100 328 306 371 progressa
337 322 555 372 superstitio
585 323 646 370 sit,
680 327 725 359 ut
754 323 897 360 maiore
923 322 964 359 in
987 323 1117 372 pretio
1149 327 1262 370 atque
1295 322 1436 358 lzonore

38 375 273 414 haberentur
312 389 429 425 quam
473 377 598 425 ipsum
641 377 794 415 Clzristi
828 377 1059 414 institutum.
1127 377 1240 414 Illud
1265 375 1436 426 profecto

8 432 13 467 ”.
39 430 177 479 negari
192 431 299 468 nullo
319 432 426 468 modo
443 435 577 480 potest,
600 431 694 480 quin
714 444 796 468 eam
817 431 941 480 ipsam
968 431 1171 480 Baptismi
1188 430 1365 479 formam
1394 442 1437 467 ac

38 485 224 522 rationem
259 489 460 532 teneamus,
493 497 610 534 quam
640 490 676 522 et
705 485 886 524 Clzristus
908 485 1161 534 praescripsit
1191 489 1227 522 et
1258 484 1439 533 Apostoli

35 539 188 588 sequuti
201 543 302 586 sunt,
325 543 362 576 et
378 551 465 577 vero
484 539 599 576 etiam
611 540 813 587 primaria
834 543 870 576 et
888 540 1052 588 antiqua
1072 539 1243 577 Ecclesia
1270 539 1312 576 in
1333 551 1435 575 more

36 597 148 642 atque
173 593 347 631 instituto
372 593 580 636 habuerit‚·
611 606 724 642 neque
754 594 831 631 alio
863 594 1011 631 nomine
1040 594 1193 642 culpari
1214 599 1431 642 possumus,

37 647 116 684 nisi
149 648 252 695 quod
284 648 415 685 Deum
453 648 578 697 ipsum
615 648 806 697 sapientia
847 654 1029 698 superare
1067 653 1180 696 atque
1217 647 1434 684 antecellere

36 701 223 740 nolumus.

279 788 333 840 (b)
362 789 483 828 Ratio
501 790 740 827 celebrandae
765 790 910 828 Coenae
929 789 1170 827 Dominicae.

89 860 288 910 Principio
307 860 410 898 illud
425 860 517 898 scire
542 864 697 910 oportet,
719 860 778 898 die
806 860 1012 898 Dominico
1031 860 1102 908 qui
1108 859 1289 908 proxime
1309 860 1345 898 ei
1360 859 1439 898 diei

0 910 1 947 ἶ
37 915 220 952 antecedit
236 927 309 964 quo
332 915 458 954 Coena
483 915 703 952 celebranda
724 919 787 962 est,
801 915 919 964 prius
939 915 1006 952 lzoc
1029 914 1258 952 denunciari
1264 915 1408 964 populo
1422 930 1433 952 .-

27 968 204 1018 primum
225 973 271 1006 ut
287 981 323 1006 se
342 969 497 1018 quisque
522 970 577 1006 ad
597 982 678 1006 eam
698 970 810 1017 digne
829 969 1079 1018 recipiendam
1100 974 1297 1018 comparet,
1320 981 1433 1018 eaque

38 1023 257 1070 reverentia,
280 1036 356 1072 qua
378 1024 480 1061 ratio
490 1024 697 1072 postulat,·
729 1028 808 1060 tum
831 1036 875 1060 ne
885 1023 1006 1072 pueri
1021 1035 1060 1060 eo
1080 1023 1337 1070 adducantur,
1359 1023 1438 1061 nisi

36 1077 108 1126 qui
117 1078 300 1115 commode
318 1078 491 1115 instituti
504 1077 697 1126 fidemque
725 1090 834 1114 sumn
865 1078 906 1115 in
935 1077 1104 1114 Ecclesia
1125 1076 1294 1126 professi
1318 1078 1399 1114 sint
1414 1091 1431 1119 ,-

37 1131 156 1178 terti‚o
181 1136 232 1178 ut,
263 1132 302 1170 si
318 1131 426 1180 forte
458 1133 625 1169 advenae
657 1132 815 1180 quidam
849 1137 884 1168 et
912 1131 1112 1180 peregrini
1142 1131 1184 1168 in
1218 1131 1307 1168 urbe
1340 1131 1430 1176 sint,

1 1216 2 1219 ,
37 1162 206 1223 nondum
236 1186 332 1234 relig
310 1186 428 1223 <rioms
456 1186 748 1235 disciplinaeque
776 1190 924 1222 nost7ae
945 1185 1132 1223 institutis
1153 1185 1297 1231 imbuti
1327 1186 1367 1231 il,
1398 1186 1435 1223 si

0 1261 1 1289 3
36 1240 309 1277 communicare
337 1241 376 1278 S.
411 1240 558 1278 Coenae
585 1240 714 1285 veli,nt
746 1240 954 1277 stnnistros
987 1240 1138 1285 adeant,
1170 1252 1193 1275 a
1220 1239 1356 1288 (sitibus
1390 1240 1430 1276 in

28 1294 203 1342 privatis
222 1295 376 1331 aedibus
395 1294 638 1331 erudiantur.
701 1294 786 1342 Quo
814 1294 873 1331 die
900 1294 1120 1330 ‹elebranda
1150 1298 1212 1340 est,
1244 1294 1433 1330 fllinister

36 1348 211 1396 adfinem
225 1348 407 1386 concionis
419 1349 463 1385 de
476 1361 519 1385 ea
533 1352 803 1394 commemorat,
823 1353 901 1395 aut,
916 1348 954 1385 si
965 1360 1024 1385 res
1028 1348 1229 1395 postulare
1242 1347 1429 1393 videatur,

35 1414 241 1440 sermonem
267 1415 411 1440 omnem
443 1402 484 1439 in
515 1415 559 1439 ea
591 1403 793 1439 tractanda
828 1402 1126 1451 explicandaque
1158 1402 1351 1448 consumit,
1388 1407 1433 1438 ut

29 1457 216 1505 populum
234 1457 363 1494 doceat
378 1456 474 1505 quid
491 1456 557 1494 lzoc
576 1457 748 1505 mysterio
773 1457 965 1494 Dominus
987 1456 1152 1504 designet
1175 1468 1220 1492 ac
1237 1455 1427 1504 sigyzificet,

37 1515 74 1547 et
99 1523 173 1559 qua
203 1511 350 1548 ratione
377 1511 481 1548 illud
504 1511 558 1548 sit
584 1510 846 1560 recipiendum.
905 1510 1093 1547 Absoluta
1115 1510 1332 1558 precatione
1351 1522 1429 1547 con—

25 1563 262 1613 fessioneque
266 1564 372 1613 fidei,
384 1569 429 1602 ut
439 1565 698 1602 multitudinis
710 1565 825 1602 totius
837 1565 984 1601 nomine
1003 1564 1255 1602 Concionator
1266 1568 1429 1609 testetur,

37 1620 128 1656 velle
147 1631 271 1656 omnes
299 1619 340 1657 in
368 1619 540 1657 doctrina
570 1619 816 1667 religioneque
841 1618 1069 1656 Christiana
1097 1618 1221 1655 vivere
1248 1631 1293 1654 ac
1321 1618 1426 1663 mori,

37 1673 143 1710 clara
163 1677 199 1710 et
217 1685 356 1721 magna
377 1685 458 1711 voce
477 1673 566 1710 lzaec
575 1673 812 1721 pronunciat
823 1688 833 1710 .·

93 1725 251 1773 Audite,
292 1740 371 1776 qua
407 1726 558 1764 ratione
598 1728 709 1764 Iesus
750 1725 930 1765 Christus
978 1733 1267 1763 sacrosanctam
1317 1737 1427 1762 suam

39 1781 217 1819 Coenam
240 1780 458 1826 instituerit,
481 1780 593 1818 sicuti
626 1780 769 1818 Paulus
801 1779 1013 1818 memoriae
1034 1778 1193 1817 tradidit
1213 1778 1341 1829 capite
1361 1792 1429 1816 un-

38 1834 196 1872 decimo
235 1833 371 1884 prioris
409 1835 459 1872 ad
495 1834 723 1874 Corinthios
759 1833 983 1883 Epistolae:
1028 1832 1187 1882 Accepi,
1229 1833 1366 1882 inquit,
1406 1846 1428 1870 a

40 1888 228 1936 Domino,
257 1889 367 1938 quod
398 1895 437 1927 et
468 1888 609 1927 tradidi
644 1887 767 1934 vobis,
795 1888 903 1937 quod
942 1886 1137 1926 Dominus
1174 1888 1285 1925 Iesus
1313 1888 1352 1924 in
1383 1900 1429 1925 ea

40 1949 166 1989 nocte,
203 1955 281 1992 qua
310 1941 474 1981 traditus
504 1950 574 1988 est,
603 1941 755 1991 accepit
787 1955 942 1991 panem,
976 1949 1014 1979 et
1045 1948 1256 1991 postquam
1287 1942 1428 1991 gratias

39 1995 191 2046 egisset,
213 1995 335 2046 fregit,
356 2009 402 2034 ac
422 1995 541 2035 dixit:
572 1996 761 2046 Accipite,
785 1995 899 2043 edite,
930 1996 1005 2033 hoc
1031 2008 1163 2033 meum
1188 2002 1246 2034 est
1273 2008 1427 2045 corpus,

40 2051 148 2100 quod
169 2063 238 2100 pro
253 2050 365 2089 vobis
381 2050 568 2100 frangitur
582 2065 592 2098 3
621 2052 696 2088 hoc
713 2049 827 2088 facite
845 2051 883 2087 in
900 2049 977 2088 mei
994 2048 1426 2088 commemorationem.

40 2105 104 2143 Ad
125 2105 297 2143 eundem
319 2105 483 2143 modum
505 2112 543 2142 et
564 2106 749 2154 poculum
777 2111 934 2153 peracta
961 2104 1109 2149 Coena,
1141 2104 1277 2141 dicens
1297 2118 1303 2141 :
1336 2105 1428 2140 Hoc

39 2159 226 2208 poculum
258 2171 406 2197 novum
445 2160 748 2197 Testamentum
789 2165 847 2196 est
888 2158 926 2195 in
970 2170 1059 2196 meo
1099 2156 1288 2206 sanguine
1303 2171 1312 2204 3
1353 2157 1429 2193 hoc

39 2211 166 2259 facite,
203 2212 517 2272 quotiescunque
556 2212 743 2259 biberitis,
794 2212 832 2250 in
871 2211 946 2250 mei
995 2210 1426 2249 commemorationem.

41 2265 368 2315 Quotiescunque
389 2266 493 2305 enim
515 2266 765 2305 comederitis
785 2279 927 2316 panem
950 2267 1067 2312 hunc,
1087 2272 1124 2302 et
1144 2265 1330 2314 poculum
1352 2265 1428 2301 boc

41 2319 229 2367 biberitis,
252 2326 418 2358 mortem
440 2320 603 2359 Domini
623 2319 926 2366 annunciabitis,
949 2318 1251 2359 donecvenerit.
1288 2320 1428 2368 Itaque

41 2373 218 2423 quisquis
242 2373 367 2412 ederit
389 2387 532 2423 panem
566 2376 672 2413 hunc
698 2381 766 2412 aut
794 2373 937 2413 biberit
967 2374 1154 2423 poculum
1181 2372 1342 2410 Domini
1376 2372 1429 2409 in-

42 2428 171 2477 digne,
193 2440 281 2465 reus
308 2428 379 2466 erit
403 2428 575 2478 corporis
602 2436 640 2467 et
664 2428 863 2478 sanguinis
889 2426 1063 2466 Domini.
1126 2426 1271 2464 Probet
1294 2433 1426 2464 autem

43 2480 210 2531 quisque
231 2481 416 2532 seipsum,
439 2489 476 2520 et
507 2482 560 2520 sic
591 2483 640 2521 de
667 2495 769 2531 pane
796 2482 863 2519 illo
887 2482 977 2520 edat
999 2488 1036 2519 et
1057 2481 1107 2519 de
1129 2481 1274 2530 poculo
1295 2480 1426 2519 bibat:

95 2551 158 2584 944
703 2548 720 2572 S
743 2549 759 2572 S
