1715 2780
143 102 189 139 14
220 84 1033 130 CONTROVERSYCONCERNING
1053 83 1460 123 INDULGENCES
1493 95 1537 132 31

496 191 723 243 Disputatio
744 191 919 230 secunda
940 190 996 229 Io.
1018 187 1193 228 Tetzelii.

577 267 762 308 Docendi
783 274 875 306 sunt
894 265 1109 307 Christiani

203 350 234 375 1.
267 337 326 375 Ex
347 347 428 387 quo
448 334 488 375 in
510 332 689 373 Ecclesia
708 339 882 384 potestas
910 334 1041 383 Papae
1065 337 1123 370 est
1151 341 1334 380 suprema
1360 335 1399 368 et
1419 340 1440 366 a
1461 328 1546 367 solo

147 392 236 433 Deo
269 389 460 438 instituta,
489 389 599 441 quod
632 401 655 427 a
685 389 794 427 nullo
825 400 924 438 puro
953 386 1128 432 homine,
1159 398 1233 424 nec
1262 398 1285 423 a
1314 390 1398 423 toto
1429 382 1545 421 simul

145 445 297 485 mundo
317 450 448 496 potest
467 441 645 494 restringi
664 450 732 481 aut
751 441 943 493 ampliari,
964 442 1034 480 sed
1054 453 1077 479 a
1097 440 1182 479 solo
1205 441 1306 478 Deo.

201 513 233 538 2.
267 499 388 549 Quod
423 499 554 549 Papae
585 498 625 535 in
657 509 725 536 eos
759 509 898 536 omnes
933 494 1203 534 immediatam
1233 490 1545 532 iurisdictionem

146 553 308 593 habenti
330 582 337 592 .
361 582 369 590 .
392 582 400 590 .
423 550 652 603 simpliciter
672 550 835 590 obedire
856 558 1052 590 tenentur.

200 621 236 658 3.
268 607 391 656 Quod
408 608 515 657 Papa
534 605 814 645 iurisdictionis
838 604 1071 644 auctoritate
1090 601 1266 655 superior
1292 608 1374 641 tota
1399 599 1548 640 univer·

145 662 216 702 sali
250 660 430 702 Ecclesia
460 668 499 699 et
530 659 711 707 concilio,
747 660 936 710 quodque
968 658 1121 698 statutis
1153 657 1232 696 suis
1267 654 1465 695 humiliter
1500 653 1548 692 sit

145 717 427 757 obediendum.

201 784 236 820 4.
269 771 392 820 Quod
413 771 520 821 Papa
539 782 596 817 ea,
619 781 720 820 quae
741 768 833 807 fidei
859 775 960 815 sunt,
991 768 1098 807 solus
1126 766 1246 805 habet
1271 764 1544 809 determinare,

147 825 335 877 quodque
361 837 494 865 sacrae
521 823 734 874 scripturae
760 835 898 862 sensus
928 822 1013 873 ipse
1042 819 1325 866 auctoritative,
1354 825 1393 859 et
1417 818 1548 856 nullus

146 879 255 927 alius,
277 892 348 932 pro
368 892 440 918 suo
460 891 588 925 sensu,
605 877 890 928 interpretatur,
914 884 953 915 et
973 877 1082 928 quod
1103 875 1268 914 aliorum
1290 873 1424 912 onmia
1444 871 1549 912 dicta

147 935 208 974 vel
229 947 350 986 opera
367 932 488 972 habet
508 933 569 971 vel
589 933 808 983 approbare
829 933 889 970 vel
910 932 1131 981 reprobare.

202 999 237 1039 5.
270 988 392 1038 Quod
412 986 603 1027 iudicium
624 988 755 1037 Papae
775 985 816 1024 in
837 985 909 1034 his,
931 999 1032 1037 quae
1049 992 1139 1024 sunt
1160 982 1263 1030 fidei,
1287 989 1325 1021 et
1344 982 1394 1021 ad
1416 981 1551 1020 huma-

147 1056 241 1082 nam
262 1043 428 1082 salutem
449 1041 678 1087 necessaria,
701 1054 826 1080 errare
845 1047 976 1092 potest
995 1039 1170 1078 minime.

207 1110 265 1137 12.
298 1097 420 1146 Quod
440 1097 568 1135 claves
597 1094 799 1135 Ecclesiae
825 1108 908 1134 non
932 1093 1140 1134 universali
1163 1092 1366 1131 Ecclesiae
1388 1120 1395 1129 .
1420 1119 1427 1128 .
1449 1119 1456 1128 .
1480 1089 1550 1128 sed

151 1152 268 1191 Petro
306 1158 344 1190 et
384 1152 514 1201 Papae
552 1157 590 1189 et
624 1148 664 1189 in
698 1148 752 1188 eis
791 1149 978 1188 omnibus
1012 1160 1149 1188 eorum
1185 1143 1478 1186 successoribus
1512 1150 1551 1182 et

149 1203 338 1245 universis
359 1203 545 1244 Praelatis
565 1202 703 1244 futuris
724 1217 792 1254 per
809 1202 1093 1243 derivationem
1115 1215 1252 1241 eorum
1273 1202 1312 1239 in
1333 1199 1440 1250 ipsos
1460 1203 1552 1237 sunt

150 1260 326 1300 collatae.

209 1407 297 1453 No.
330 1418 391 1462 15.
449 1405 685 1451 Prierias’
714 1405 959 1460 Dialogus
988 1406 1050 1449 de
1078 1404 1339 1459 potestate
1367 1401 1552 1455 Papae.

204 1489 337 1528 Tuum
354 1488 500 1538 dogma
513 1487 565 1526 ad
581 1486 817 1526 examussim
839 1486 1088 1534 cribraturus,
1113 1484 1286 1524 Martine
1307 1482 1371 1530 mi,
1395 1495 1553 1523 normas

152 1549 191 1589 et
210 1543 470 1583 fundamenta
490 1541 642 1589 iaciam,
665 1555 827 1581 necesse
848 1549 918 1581 est.

584 1608 906 1648 Fundamentum
936 1605 1121 1658 primum.

207 1672 386 1715 Ecclesia
415 1671 643 1712 universalis
673 1672 932 1712 essentialiter
958 1680 1017 1712 est
1044 1669 1279 1711 convocatio
1307 1668 1347 1708 in
1373 1667 1552 1708 divinum

153 1730 302 1768 cultum
323 1727 503 1767 omnium
516 1728 762 1767 credentium
785 1727 824 1765 in
846 1726 1061 1768 Christum.
1096 1724 1275 1765 Ecclesia
1291 1736 1383 1764 vero
1404 1723 1553 1762 univer-

153 1782 242 1823 salis
278 1781 492 1823 virtualiter
535 1789 593 1821 est
631 1781 798 1820 ecclesia
843 1783 1037 1828 Romana,
1079 1779 1333 1820 ecclesiarum
1374 1776 1552 1816 omnium

152 1844 280 1888 caput,
303 1844 342 1876 et
363 1835 544 1876 Pontifex
561 1837 766 1875 maximus.
826 1834 1004 1875 Ecclesia
1021 1837 1205 1874 Romana
1225 1830 1554 1884 repraesentative

153 1894 212 1930 e'st
231 1891 440 1941 collegium
467 1889 749 1937 Cardinalium,
772 1888 985 1929 virtualiter
1012 1897 1144 1928 autern
1170 1894 1229 1927 est
1250 1886 1431 1926 Pontifex
1452 1899 1555 1924 sum-

155 1959 252 1993 mus,
275 1945 343 1996 qui
364 1952 422 1984 est
442 1944 633 1984 ecclesiae
654 1951 784 1995 caput,
805 1943 916 1983 aliter
937 1951 1071 1983 tamen
1092 1956 1212 1997 quarn
1234 1942 1424 1982 Christus.

562 2010 883 2050 Fundamentum
914 2010 1145 2049 secundum,

208 2075 316 2117 Sicut
335 2074 500 2115 ecclesia
521 2074 749 2115 universalis
775 2088 856 2114 non
884 2082 1015 2126 potest
1035 2086 1160 2114 errare
1181 2071 1485 2113 determinando
1506 2070 1556 2109 de

157 2131 235 2170 fide
254 2137 321 2170 aut
340 2129 530 2177 moribus,
550 2128 603 2169 ita
623 2137 661 2168 et
677 2142 811 2169 verum
834 2129 1059 2177 concilium,
1083 2127 1230 2168 faciens
1251 2127 1360 2180 quod
1377 2125 1415 2165 in
1438 2137 1478 2164 se
1499 2131 1557 2162 est

155 2191 197 2222 ut
226 2183 415 2234 intelligat
443 2184 657 2230 veritatem,
690 2197 814 2222 errare
844 2197 924 2223 non
960 2191 1119 2235 potest.
1144 2213 1151 2221 .
1176 2212 1182 2220 .
1210 2189 1248 2221 et
1279 2179 1454 2219 similiter
1484 2190 1556 2216 nec

157 2237 322 2278 ecclesia
343 2239 526 2276 Romana
546 2250 620 2277 nec
642 2237 821 2276 Pontifex
843 2251 1021 2278 summus
1045 2235 1314 2278 determinans
1335 2246 1381 2273 ea
1408 2232 1557 2272 ratione

159 2304 236 2349 qua
256 2291 447 2339 Pontifex,
471 2291 511 2331 id
533 2298 601 2340 est,
620 2306 665 2331 ex
687 2291 816 2331 officio
833 2305 905 2331 suo
921 2291 1200 2343 pronuncians,
1223 2297 1260 2329 et
1282 2287 1428 2328 faciens
1449 2285 1557 2337 quod

159 2358 198 2384 111
219 2359 261 2386 se
281 2353 339 2386 est
359 2354 401 2385 ut
421 2344 611 2396 intelligat
630 2346 844 2386 veritatem.

596 2412 917 2451 Fundamentum
947 2410 1115 2451 tertium.

215 2473 454 2526 Quicunque
489 2489 569 2515 non
600 2475 776 2515 innititur
810 2476 1012 2516 doctrinae
1050 2477 1256 2514 Romanae
1290 2470 1478 2512 ecclesiae
1513 2484 1557 2509 ac
