1715 2780
115 92 164 131 75
525 84 585 122 IN
615 84 864 129 SWEDEN,
901 94 1055 132 1523-4
1442 95 1513 133 159

167 188 351 237 Exceptio
371 189 432 226 Μ.
456 187 557 227 Οίαί.
583 218 589 225 .
614 218 620 225 .
646 218 652 225 .
686 187 853 227 Constat
873 186 1082 238 gratuitam
1104 200 1188 226 esse
1216 194 1390 226 nostram
1417 189 1515 226 salu-

116 249 210 290 tem,
229 254 480 292 nequaquam
506 249 639 281 autem
670 255 716 280 ex
744 241 930 292 operibus
961 240 1211 280 meritoriam.
1243 273 1250 280 .
1275 272 1282 279 .
1307 272 1313 279 .
1346 241 1514 281 Videtur

116 308 272 335 mecum
302 295 525 335 consentire
556 298 604 334 D.
636 296 759 336 Galle.
818 297 951 345 Quare
980 297 1091 346 plura
1120 309 1201 335 non
1230 297 1388 335 addam.
1447 296 1514 335 Sin

116 363 208 391 vero
239 350 506 390 consideraret
539 350 571 389 is
605 349 702 401 quid
733 357 918 401 sequatur
949 364 996 389 ex
1027 351 1101 388 hac
1129 350 1399 397 concessione,
1433 363 1514 389 non

115 412 318 455 quaereret
348 406 514 444 salutem
543 404 584 444 in
613 403 798 455 operibus
828 403 1022 451 humanis,
1046 404 1126 444 scil.
1158 404 1425 456 indulgentiis,
1447 405 1517 443 fra-

116 458 374 506 ternitatibus,
393 458 499 498 horis
519 457 731 506 canonicis,
748 458 1140 509 peregrinationibus,
1156 461 1225 498 &o
1269 461 1383 509 Quae
1397 472 1516 509 opera

118 514 267 551 nullam
287 513 437 552 habent
457 512 758 563 promissionem
782 512 985 552 mercedis.

172 566 393 617 Propositio
413 568 532 606 VIII.
594 569 657 605 An
688 566 767 606 vita
796 567 1015 606 monastica
1045 567 1168 618 possit
1198 581 1219 606 e
1250 568 1286 606 S.
1316 567 1514 619 Scriptura

117 621 302 672 probari?

169 677 282 725 Resp.
304 677 362 714 D.
389 676 513 715 Galle.
536 706 542 713 .
567 706 574 713 .
598 705 605 713 .
639 675 743 716 Cum
765 675 926 715 dixisset
947 675 1127 716 Christus
1149 675 1279 715 iuveni
1303 678 1415 715 Matt.
1440 676 1512 715 xix.

119 727 208 782 [21]
232 728 294 768 ‘Si
315 729 371 768 vis
393 731 588 780 perfectus
610 743 706 777 esse,
730 731 857 769 vende
878 743 980 780 quae
1001 730 1123 769 habes
1145 738 1183 769 et
1203 731 1255 769 da
1275 730 1514 781 pauperibus

117 791 155 823 et
184 797 347 834 sequere
377 785 462 822 me'
478 798 488 831 3
525 785 673 822 factum
704 798 796 835 ergo
825 792 884 823 est
914 798 1098 823 successu
1123 785 1311 835 temporis
1340 793 1382 823 ut
1404 784 1515 823 multi

118 837 330 877 Christiani
378 837 564 888 eligerent
603 838 862 877 voluntariam
911 846 1193 890 paupertatem,
1236 839 1275 877 in
1324 847 1515 890 perpetuo

116 891 290 931 viventes
329 892 537 939 coelibatu,
579 892 679 931 sicut
717 892 813 932 dixit
857 892 1036 933 Christus
1075 894 1218 932 eodem
1258 907 1341 944 cap.
1392 896 1516 932 ‘Sunt

116 945 278 997 quidam
307 946 463 985 castrati
492 960 563 997 pro
592 960 713 997 regno
733 948 954 986 caelorum'
977 945 1068 1000 [xix.
1095 945 1172 1000 12].
1233 947 1516 987 Obedientiam

118 1000 314 1052 praecepit
344 1000 462 1039 etiam
493 1000 673 1041 Christus
705 1003 818 1040 Matt.
847 1001 920 1040 xvi.
951 1000 1036 1054 [24]
1069 1001 1217 1049 dicens,
1252 1002 1313 1041 ‘Si
1344 1002 1431 1053 quis
1461 1015 1517 1040 se-

117 1062 258 1105 quatur
288 1068 361 1102 me,
391 1055 560 1105 abneget
591 1055 764 1105 seipsum
798 1057 961 1094 ferendo
996 1069 1153 1095 crucem
1184 1070 1295 1094 suam
1330 1064 1368 1095 et
1398 1056 1516 1106 patris

117 1110 360 1148 voluntatem
390 1108 619 1159 implend0.'
687 1111 733 1147 In
765 1109 825 1147 his
856 1109 988 1157 tribus,
1022 1110 1101 1148 scil.
1133 1118 1373 1160 paupertate,
1404 1110 1518 1149 coeli-

117 1163 223 1210 batu,
256 1170 294 1201 et
321 1162 559 1211 obedientia,
590 1162 769 1202 consistit
804 1163 888 1214 ipsa
925 1164 1003 1201 vita
1034 1164 1266 1203 monastica.
1302 1194 1308 1201 .
1342 1195 1347 1201 .
1382 1195 1387 1202 .
1424 1164 1515 1203 Vita

119 1216 337 1256 monastica
359 1218 458 1255 ultra
480 1217 585 1256 mille
606 1231 731 1256 annos
753 1218 825 1256 fuit
846 1218 885 1256 in
907 1231 980 1256 usu
1003 1218 1203 1258 ecclesiae.
1228 1249 1234 1255 .
1260 1248 1266 1255 .
1291 1248 1297 1256 .

170 1272 355 1322 Exceptio
385 1272 447 1310 M.
489 1272 590 1310 Olat'.
647 1271 740 1310 Vita
771 1272 987 1311 monastica
1021 1286 1150 1323 neque
1181 1273 1368 1323 probatur
1400 1275 1447 1310 Y.
1466 1274 1512 1311 T.

118 1338 248 1376 neque
277 1326 341 1373 N.‚
373 1326 482 1376 quod
512 1333 738 1365 constanter
771 1327 933 1364 affirmo.
992 1329 1192 1378 Tempore
1231 1328 1514 1377 Apostolorum

118 1379 214 1418 nulli
242 1380 399 1418 fuerunt
429 1380 624 1420 monachi.
656 1409 664 1417 .
698 1410 706 1419 .
738 1411 744 1418 .
779 1382 980 1431 Planeque
1008 1381 1171 1420 nescivit
1192 1381 1358 1420 ecclesia
1383 1381 1516 1432 primis

121 1447 196 1472 200
227 1433 340 1472 annis
374 1433 494 1472 vitam
527 1434 800 1473 monasticam.
837 1465 843 1472 .
876 1465 882 1472 .
915 1465 922 1473 .
960 1437 1135 1474 Fuerunt
1163 1435 1401 1475 monasteria
1428 1435 1515 1487 piae

119 1488 276 1527 scholae
307 1502 329 1526 e
361 1487 504 1538 quibus
539 1488 670 1539 egredi
706 1488 867 1528 liceret.
919 1497 1102 1528 .tantum
1133 1490 1268 1529 aberat
1303 1497 1346 1530 ut
1375 1489 1517 1540 aliquis

119 1549 212 1581 tunc
238 1541 503 1581 includeretur
529 1544 712 1591 claustro,
733 1543 839 1582 iuxta
866 1557 1016 1583 morem
1038 1543 1227 1583 ecclesiae
1248 1543 1409 1595 papalis.
1469 1545 1516 1582 In

118 1594 191 1634 illis
212 1595 458 1636 monasteriis
479 1595 663 1635 vivebant
684 1605 778 1635 tunc
800 1597 898 1645 laici,
922 1611 1002 1636 non
1024 1598 1154 1637 clerici
1175 1606 1242 1637 aut
1269 1599 1517 1645 sacerdote83

118 1648 251 1700 illique
280 1649 368 1689 laici
398 1651 671 1690 sustentabant
702 1665 742 1690 se
773 1665 891 1702 opere
912 1666 1101 1691 manuum
1124 1666 1293 1698 suarum,
1316 1652 1516 1691 neminem

118 1711 336 1743 onerantes.
369 1734 377 1742 .
409 1735 416 1743 .
449 1733 457 1742 .
489 1706 630 1744 Postea
661 1735 668 1743 .
699 1734 706 1742 .
740 1735 746 1742 .
776 1707 971 1745 dederunt
995 1719 1103 1756 reges
1134 1714 1172 1745 et
1192 1706 1332 1745 divites
1358 1705 1518 1756 praedia

119 1770 359 1809 magnasque
398 1758 678 1808 possessiones,
719 1759 865 1810 quippe
905 1759 1102 1798 informati
1141 1774 1163 1798 a
1203 1760 1407 1799 monachis
1443 1761 1518 1799 hoc.

119 1824 217 1861 opus
256 1825 341 1851 esse
380 1814 469 1851 Deo
507 1813 769 1863 gratissimum
806 1822 843 1852 et
877 1814 1079 1853 datoribus
1119 1816 1300 1853 salutare..
1361 1816 1419 1852 Ex
1459 1814 1518 1852 his

120 1864 234 1904 donis
264 1867 365 1905 facta
394 1874 452 1905 est
480 1867 559 1905 vita
590 1867 807 1906 monastica
836 1868 1065 1917 lautissima,
1096 1876 1132 1907 et
1164 1868 1278 1907 desiit
1309 1876 1517 1919 paupertas

121 1920 417 1967 monachorum,
439 1920 507 1971 qui
537 1929 674 1971 postea
703 1923 913 1961 noluerunt
943 1935 1128 1972 quaerere
1149 1923 1294 1962 victum
1317 1922 1517 1961 laboribus

121 1986 309 2012 manuum
347 1987 517 2013 suarum.
577 1978 670 2014 Post
693 1989 754 2014 an.
787 1990 886 2015 1200
918 1984 1133 2027 coeperunt
1172 1977 1330 2016 ordines
1371 1976 1519 2016 mendi-

122 2027 294 2067 cantium
332 2028 537 2068 fraudibus
575 2029 875 2069 addictorum..
990 2033 1139 2070 Textus
1180 2033 1295 2070 Matt.
1336 2030 1397 2069 xix
1435 2044 1516 2069 non

122 2088 250 2130 potest
287 2082 473 2142 applicari
509 2083 709 2123 hodiernis
740 2058 958 2132 monachis,
990 2085 1057 2135 qui
1088 2085 1222 2124 omnia
1256 2099 1326 2124 sua
1357 2086 1517 2123 trahunt

123 2146 256 2175 secum
286 2135 326 2174 in
354 2137 615 2176 monasteria:
646 2145 799 2177 tantum
820 2139 932 2178 abest
953 2146 995 2177 ut
1017 2139 1150 2177 omnia
1171 2139 1450 2190 relinquant..
1411 2139 1422 2159 ¹

124 2189 211 2228 Imo
224 2190 459 2229 monasteria
472 2204 553 2230 non
570 2192 792 2231 habuerunt
808 2192 902 2231 olim
916 2194 1088 2233 eundem
1103 2206 1220 2244 quem
1237 2194 1384 2232 habent
1398 2192 1517 2231 hodie

123 2254 260 2281 usum:
300 2257 428 2294 neque
458 2245 627 2284 retinent
656 2245 740 2296 ipsa
769 2259 904 2285 verum
936 2248 1067 2293 finem,
1090 2254 1249 2298 propter
1277 2260 1394 2297 quem
1427 2253 1515 2284 sunt

123 2293 310 2345 instituta,
330 2305 368 2336 et
388 2311 507 2348 quem
529 2307 729 2338 servarunt
749 2307 840 2339 ante
860 2313 985 2339 annos
1008 2314 1095 2350 900

177 2350 396 2410 Propositio
412 2353 482 2390 ΙΧ.
542 2354 648 2391 Num
672 2353 785 2392 liceat
806 2354 871 2392 ulli
894 2354 1044 2392 homini
1064 2363 1213 2393 mutare
1230 2353 1514 2392 institutionem

125 2402 298 2441 Christi
289 2417 327 2441 in
350 2406 466 2443 Sacra
486 2407 644 2445 Coena
638 2409 653 2435 Ρ

170 2472 177 2490 ¹
204 2473 306 2505 Olaus
332 2476 442 2506 mikcs
465 2487 505 2507 no
529 2478 606 2508 sueli
635 2488 665 2508 r
663 2483 733 2508 -ῐυιῑ
760 2478 791 2508 in
821 2488 875 2518 leg
867 2480 934 2508 aul
961 2484 994 2509 to
1018 2483 1025 2505 (
1039 2479 1142 2510 iallc's
1167 2479 1336 2518 quotation
1363 2481 1396 2507 ot
1421 2477 1514 2507 Mati.

125 2515 186 2546 xix.
211 2525 256 2546 12.
