1715 2780
39 2484 44 2509 l

34 172 36 174 ,
81 143 158 182 273
505 132 564 170 IN
594 131 1055 180 GENEVA,1509-36
1405 139 1478 176 539

82 239 179 276 altas
195 249 286 276 vero
307 236 436 275 trabes
458 248 640 287 superare
661 234 777 273 nimis
797 234 1011 273 absurdum
1035 241 1102 272 est.
1150 234 1298 270 Iterum
1320 243 1477 280 quaero,

84 292 190 331 unde
205 292 351 330 sactum
374 298 430 329 est
452 298 494 329 ut
515 297 572 328 tot
593 297 728 340 gentes
749 302 827 327 una
848 301 938 327 cum
956 287 1087 326 liberis
1108 299 1244 325 eorum
1266 284 1480 323 infantibus

33 349 37 398 f
83 353 265 385 aeternae
278 344 395 383 morti
416 346 631 383 involveret
652 345 783 394 lapsus
798 344 910 381 Adae
925 342 1076 392 absque
1092 339 1280 387 remedio,
1298 339 1371 377 nisi
1389 339 1481 388 quia

33 415 38 455 j,
85 402 175 439 Deo
206 399 259 438 ita
289 399 416 437 visum
451 400 541 438 est?
609 397 689 436 Hic
721 398 995 436 obmutescere
1026 402 1181 446 oportet
1213 402 1293 432 tam
1325 393 1481 432 dicaces

33 463 39 499 ’,
83 454 230 504 alioqui
252 453 414 504 linguas
474 455 688 491 Decretum
720 451 886 511 quidem
912 450 1109 497 horribile,
1143 451 1286 487 fateor:
1318 447 1480 486 inficiari

83 517 218 548 tamen
237 521 355 546 nemo
375 506 517 558 poterit
541 506 636 556 quin
658 505 905 556 praesciverit
928 507 1048 551 Deus,
1072 517 1190 554 quem
1212 502 1358 542 exitum
1380 510 1481 540 esset

85 561 288 601 habiturus
308 563 441 609 homo,
456 569 670 621 antequam
688 560 816 610 ipsum
833 560 1032 606 conderet,
1050 567 1087 598 et
1108 558 1198 596 ideo
1219 555 1479 607 praesciverit,

85 616 178 667 quia
197 617 358 655 decreto
377 629 449 654 suo
470 614 524 653 sic
545 616 783 653 ordinarat..

139 684 172 709 c.
194 669 293 709 xxiv.
333 670 575 716 mationem,
599 671 669 707 ἃς.
694 700 700 706 .
725 700 732 707 .
758 700 764 707 .
788 669 806 717 ξ
828 671 862 706 6.
922 666 1090 706 Accedit
1121 667 1171 705 ad
1205 665 1482 704 stabiliendam

88 723 273 764 fiduciam
302 723 388 772 alia,
415 737 534 773 quam
563 736 653 761 cum
685 724 891 761 vocatione
922 729 1054 760 nostra
1083 720 1270 770 coniungi
1300 719 1482 765 diximus,

86 778 290 818 electionis
306 777 517 816 firmitudo.
541 808 548 815 .
573 808 579 815 .
607 779 684 816 ‚At
705 777 809 815 subit
830 776 947 815 futuri
963 784 1086 814 status
1102 774 1288 813 anxietas.
1312 805 1318 812 .
1343 805 1349 811 .
1375 804 1381 811 .
1406 773 1484 811 Sed

87 834 193 873 enim
210 832 284 871 ista
303 831 569 871 sollicitudine
583 831 760 870 liberavit
780 844 853 869 nos
875 832 1079 870 Christus:
1109 842 1200 867 nam
1222 829 1261 866 in
1283 836 1484 878 posterum

87 895 192 926 certe
221 886 435 937 respiciunt
465 887 561 924 istae
591 885 872 935 promissiones
899 883 976 935 (Io.
1000 884 1047 922 vi.
1073 895 1119 933 37
1148 891 1185 921 et
1214 882 1295 933 40),
1331 882 1484 921 ‘Omne

88 942 198 992 quod
229 942 296 980 dat
327 940 423 979 mihi
456 941 593 1001 Pater3'
622 942 691 978 &c
728 971 734 978 .
805 939 957 978 .Hinc
988 938 1105 977 etiam
1136 936 1343 987 magnifica
1375 935 1484 973 Pauli

88 995 297 1046 gloriatio.
354 994 520 1046 .(Rom.
542 993 619 1032 viii.
644 994 714 1043 38)
733 970 852 1044 quam
875 995 913 1031 in
935 995 1043 1032 dono
1071 991 1382 1042 perseverantiae
1404 991 1486 1028 fun-

89 1051 223 1089 datam
248 1062 333 1088 esse
321 1026 526 1099 oportet.
587 1050 672 1087 Nec
703 1047 870 1086 dubium
899 1055 956 1086 est
985 1047 1079 1097 quin
1101 1047 1151 1084 ad
1177 1047 1322 1084 electos
1347 1057 1486 1083 omnes

91 1103 326 1142 sententiam
351 1104 454 1142 hanc
481 1102 630 1153 dirigat.
691 1101 797 1140 Alibi
818 1102 923 1140 idem
948 1103 1091 1139 Paulus
1118 1099 1234 1150 (Phil.
1259 1100 1281 1137 i.
1305 1099 1392 1150 6),‘
1407 1098 1486 1146 Qui

89 1159 220 1208 coepit
251 1157 290 1196 in
325 1156 438 1196 vobis
472 1170 571 1207 opus
598 1156 773 1203 bonum,'
795 1161 861 1194 &c.
1010 1156 1095 1193 Iam
1127 1167 1218 1192 vero
1246 1166 1375 1202 neque
1412 1153 1487 1190 hoc

91 1212 255 1251 dubium
275 1219 344 1258 est,
363 1224 485 1261 quum
507 1219 590 1249 orat
607 1210 787 1250 Christus
808 1224 878 1260 pro
886 1186 1084 1248 oinnibus
1100 1208 1245 1254 electis,
1265 1207 1359 1257 quin
1382 1207 1487 1244 idem

91 1266 165 1305 illis
196 1273 376 1327 precetur
409 1266 518 1315 quod
551 1266 677 1311 Petro,
715 1272 756 1302 ut
790 1277 992 1314 nunquam
1027 1262 1184 1302 deficiat
1218 1262 1315 1300 fides
1351 1273 1486 1299 eorum

92 1322 205 1371 (Luc.
227 1319 314 1358 xxii.
338 1320 417 1369 32).
478 1321 536 1357 Ex
566 1332 645 1368 quo
676 1319 853 1357 elicimus
878 1326 984 1356 extra
1009 1317 1226 1367 periculum
1253 1313 1488 1354 defectionis

92 1387 188 1422 esse,
211 1373 304 1424 quia
331 1386 467 1412 eorum
496 1372 629 1423 pietati
656 1372 919 1412 constantiam
952 1373 1155 1422 postulans
1184 1370 1304 1408 Filius
1333 1368 1409 1407 Dei
1437 1381 1490 1407 re-

93 1430 246 1490 pulsam
267 1441 404 1478 passus
425 1440 507 1465 non
527 1435 596 1466 est.
655 1428 764 1476 Quid
785 1428 877 1464 hinc
899 1439 971 1465 nos
992 1425 1142 1464 discere
1159 1423 1281 1463 voluit
1295 1422 1486 1464 Christus

92 1482 167 1521 nisi
191 1492 233 1520 ut
257 1482 506 1521 confidamus
528 1489 718 1531 perpetuo
749 1494 820 1519 nos
848 1482 929 1519 fore
956 1481 1095 1527 salvos,
1122 1478 1214 1529 quia
1238 1478 1340 1516 illius
1367 1478 1489 1515 semel

94 1536 185 1575 facti
207 1549 436 1575 sumus..

147 1591 242 1641 §14
273 1591 414 1629 Restat
434 1603 540 1628 nunc
567 1597 609 1628 ut
630 1589 834 1628 videamus
860 1602 928 1627 cur
953 1589 992 1627 id
1019 1588 1217 1626 Dominus
1245 1586 1360 1624 faciat
1381 1586 1490 1644 quod

96 1658 187 1684 eum
208 1645 335 1683 facere
362 1645 490 1694 palam
518 1651 587 1682 est.
647 1643 685 1682 Si
716 1644 1010 1702 respondeatur,
1033 1642 1088 1680 sic
1119 1641 1199 1678 fieri
1230 1639 1321 1689 quia
1353 1639 1392 1677 id
1424 1639 1491 1676 im

98 1700 253 1749 pietate,
275 1698 461 1748 nequitia,
487 1697 766 1747 ingratitudine
791 1711 860 1735 sua
882 1696 1007 1735 meriti
1039 1703 1128 1734 sunt
1154 1694 1358 1732 homines:
1391 1693 1492 1731 bene

95 1754 136 1792 id
157 1753 319 1812 quidem
341 1760 378 1791 et
399 1764 488 1790 vere
508 1752 684 1791 dicetur·
713 1751 783 1789 sed
804 1752 894 1800 quia
915 1751 1095 1789 nondum
1117 1756 1223 1798 patet
1245 1747 1354 1785 istius
1376 1746 1493 1784 v-arie

97 1809 186 1846 tatis
202 1806 312 1854 ratio,
326 1819 395 1844 cur
409 1805 516 1844 aliis
508 1819 547 1843 in
565 1793 833 1844 obedientiam
848 1804 968 1851 flexis,
985 1804 1044 1842 isti
1062 1801 1245 1841 obdurati
1263 1802 1494 1851 persistant:

99 1861 138 1900 in
169 1873 214 1900 ea
241 1837 487 1907 exc'utienda,
509 1860 730 1898 necessario
756 1860 807 1898 ad
832 1858 927 1897 illud
952 1859 1060 1908 quod
1085 1870 1131 1895 ex
1155 1858 1270 1894 Mose
1290 1854 1493 1893 annotavit

100 1916 244 1954 Paulus
264 1890 547 1953 transeundiim
569 1913 639 1952 erit
657 1929 662 1951 :
695 1926 837 1963 nempe
859 1915 868 1932 ‘
882 1914 991 1974 quod
1015 1912 1065 1950 ab
1087 1910 1198 1949 initio
1223 1923 1291 1949 eos
1319 1908 1493 1948 excitarit

101 1968 298 2008 Dominus
320 1976 363 2007 ut
383 1969 608 2007 ostenderet
634 1980 779 2006 nomen
805 1980 919 2005 suum
948 1968 986 2004 in
1012 1967 1192 2004 universa
1214 1965 1334 2003 ter'ra
1356 1964 1491 2013 (Rom.

99 2023 146 2061 ix.
168 2023 243 2075 17).
293 2023 416 2072 Quod
437 2023 550 2072 igitur
570 2021 643 2060 sibi
665 2022 861 2071 patefacto
880 2021 954 2060 Dei
977 2020 1097 2059 verbo
1118 2032 1198 2058 non
1219 2019 1496 2078 obtemperant

100 2076 266 2137 reprobi,
291 2077 413 2127 probe
434 2076 503 2115 id'
496 2090 534 2114 m
556 2075 743 2114 malitiam
767 2075 1076 2125 pravitatemque
1102 2072 1230 2112 cordis
1257 2085 1392 2111 eorum
1416 2072 1496 2109 rei1-

102 2131 235 2179 cietur,
258 2132 380 2169 modo
401 2130 516 2169 simul
538 2129 752 2176 adficiatur,
771 2129 890 2168 ideo
882 2143 920 2167 in
942 2131 1043 2167 hanc
1064 2128 1293 2187 pravitatem
1315 2125 1497 2164 addictos

102 2185 194 2235 quia
214 2185 316 2223 iusto
337 2185 407 2223 sed
427 2183 666 2222 inscrutabili
693 2185 765 2221 Dei
789 2184 935 2221 iudicio
956 2182 1129 2221 suscitati
1152 2189 1241 2219 sunt
1263 2181 1347 2218 trid
1334 2178 1495 2229 floriani

103 2240 186 2278 eius
206 2252 277 2278 sua
296 2237 551 2277 damnatione
576 2238 892 2277 illustrandam..
915 2268 922 2276 .
946 2268 952 2275 .

458 2327 542 2364 Lm.
569 2327 638 2363 IV.
698 2327 761 2363 De
782 2326 949 2363 externis
971 2325 1127 2362 Μθόίίς.

159 2410 192 2435 c.
215 2396 238 2436 i.
271 2398 335 2434 De
363 2409 453 2434 vera
482 2396 662 2442 Ecclesia,
695 2396 712 2445 ξ
738 2409 768 2434 1.
831 2395 926 2434 Fide
956 2393 1158 2444 Evangelii
1190 2391 1391 2431 Christum
1419 2391 1499 2429 fieri

106 2458 295 2496 nostrum,
318 2457 356 2488 et
376 2450 515 2488 allatae
538 2450 588 2488 ab
613 2463 660 2488 eo
688 2449 822 2488 salutis
851 2457 1113 2497 aeternaeque
1144 2445 1398 2485 beatitudinis
1429 2458 1500 2482 nos

108 2504 189 2543 fieri
210 2503 428 2554 participeS,
452 2503 629 2553 proximo
651 2503 749 2541 libro
770 2503 990 2553 expositum
1019 2503 1100 2539 fuit.
1161 2501 1265 2549 Quia
1285 2507 1416 2537 autem
1439 2513 1499 2536 ru-
