1715 2780
248 93 318 118 112
633 81 854 118 ADRIAN
888 81 943 118 VI
977 82 1096 119 AND
1126 83 1245 119 THE
1580 83 1638 120 60

244 184 418 223 nientem
449 184 487 222 in
516 183 675 222 natione
705 184 950 232 Germanica,
983 192 1133 235 quanto
1168 184 1278 223 ocius
1306 193 1344 224 et
1372 185 1535 225 celerius
1556 187 1638 225 fieri

245 238 378 289 possit,
410 238 592 277 videlicet
623 238 661 276 in
692 240 1007 289 Argentoratum,
1041 240 1101 277 vel
1133 239 1394 289 Mogunfiam,
1427 240 1636 280 Coloniam

243 292 511 343 Agrippinam,
545 294 605 331 vel
635 294 685 331 ad
717 293 915 331 civitatem
946 294 1171 332 Metensem
1207 325 1214 332 .
1248 323 1255 332 .
1287 324 1294 332 .
1328 293 1528 342 indiceret,
1564 308 1638 334 nec

243 349 342 385 ultra
362 347 477 385 unius
499 347 591 385 anni
612 347 794 397 spatium,
813 347 844 385 si
865 347 1052 397 possibile
1073 348 1185 396 foret,
1201 348 1298 386 haec
1318 347 1475 386 concilii
1495 361 1638 388 convo-

242 401 344 440 catio
375 409 412 440 et
442 401 661 451 designatio
691 402 908 440 differretur
924 416 935 449 3
964 409 1002 440 et
1028 403 1137 452 quod
1158 401 1197 439 in
1219 401 1284 440 tali
1305 401 1474 441 concilio
1494 402 1549 442 eis
1569 403 1637 453 qui

242 456 429 494 interesse
459 456 659 502 deberent,
693 455 946 494 ecclesiastici
976 457 1036 494 vel
1065 455 1211 494 laicalis
1241 455 1400 503 ordinis,
1424 487 1432 495 .
1455 487 1462 495 .
1487 487 1494 494 .
1517 456 1638 496 libere

242 509 374 549 liceret
406 509 514 560 loqui
549 517 587 548 et
618 511 823 548 consulere
852 540 860 547 .
892 540 899 548 .
933 539 940 548 .
957 524 967 557 ;
996 509 1217 560 quinimmo
1247 509 1412 560 quilibet
1450 512 1501 550 ad
1539 512 1638 550 haec

242 564 385 603 debeat
406 577 491 603 esse
507 563 712 611 obnoxius,
729 571 770 602 ut
792 577 872 602 non
893 563 1024 602 dulcia
1043 565 1113 603 sed
1134 577 1223 603 vera
1244 594 1253 603 .
1276 595 1283 602 .
1307 594 1314 603 .
1337 566 1526 603 consulat.
1551 595 1559 602 .
1582 596 1589 604 .
1616 596 1623 604 .

297 617 331 670 [ξ
352 617 405 670 Χ]
436 620 584 656 Verum
615 618 758 668 quibus
783 617 912 656 modis
935 649 941 656 .
963 648 969 656 .
994 649 1001 657 .
1024 617 1179 657 interim
1201 649 1208 656 .
1232 649 1239 656 .
1264 648 1271 656 .
1294 617 1357 657 isti
1383 620 1574 658 tumultus
1599 626 1637 658 et

242 673 379 723 populi
409 685 555 711 errores
580 680 764 722 poterunt
794 672 922 722 pacari
945 703 952 710 .
976 703 983 711 .
1008 703 1015 710 .
1038 672 1208 710 maxima
1234 685 1326 710 cura
1347 702 1355 711 .
1378 703 1386 711 .
1409 703 1417 711 .
1441 672 1637 724 principes

241 728 536 774 consuluerunt,
556 739 647 764 cum
669 740 749 765 non
771 726 933 765 minima
953 740 1040 777 pars
1060 726 1170 765 istius
1190 726 1337 776 negotii
1357 740 1404 766 ex
1423 728 1497 765 hac
1517 727 1638 766 medii

241 781 429 831 temporis
459 780 759 830 intercapedine
782 782 962 830 pendeat.
1035 782 1174 831 Itaque
1203 780 1518 820 deliberaverunt
1547 812 1555 820 .
1587 810 1596 820 .
1627 812 1635 820 .

241 837 347 885 apud
370 865 377 872 .
401 865 408 873 .
433 866 439 873 .
463 834 678 885 principem
702 834 893 873 Saxoniae
916 865 922 872 .
945 865 952 873 .
976 864 983 871 .
1005 848 1054 873 ne
1076 836 1271 873 Lutherus
1287 842 1325 873 et
1346 834 1405 873 sui
1425 843 1637 875 sectatores

242 889 390 939 aliquid
420 888 587 939 amplius
618 888 772 935 scribat,
795 890 885 927 edat
918 897 955 927 et
985 888 1085 939 typis
1106 888 1246 927 excudi
1276 888 1403 928 faciat.
1427 920 1433 927 .
1457 919 1464 928 .
1487 919 1495 928 .
1518 890 1637 929 Cura-

243 944 421 993 buntque
443 943 557 981 simul
580 972 587 980 .
611 973 617 980 .
643 972 650 979 .
672 951 713 981 ut
736 956 802 992 per
822 956 981 981 omnem
997 942 1250 982 Germaniam
1272 956 1363 981 cum
1384 943 1507 982 divini
1528 944 1635 982 verbi

241 997 587 1036 concionatoribus
604 1027 611 1034 .
629 1029 632 1033 .
651 1027 658 1034 .
675 997 880 1047 diligenter
895 1005 1022 1047 agant,
1041 1010 1090 1035 ne
1107 997 1145 1035 in
1162 998 1353 1047 populum
1369 997 1634 1037 Christianum

242 1060 423 1101 spargant
446 1081 452 1088 .
477 1081 484 1088 .
509 1082 515 1088 .
538 1065 583 1089 ea
604 1065 671 1101 per
688 1064 788 1101 quae
810 1051 932 1101 possit
955 1081 963 1089 .
985 1080 991 1088 .
1016 1081 1023 1088 .
1046 1051 1259 1090 multitudo
1280 1052 1331 1089 ad
1348 1053 1560 1090 tumultum
1579 1082 1585 1089 .
1605 1081 1636 1090 ..

242 1105 387 1144 moveri
409 1114 475 1144 aut
497 1105 534 1142 in
556 1105 727 1155 aliquem
759 1119 925 1143 errorem
953 1105 1087 1144 induci
1103 1120 1112 1153 ,·
1141 1106 1210 1144 sed
1240 1107 1348 1155 quod
1368 1105 1465 1144 nihil
1486 1114 1636 1156 praeter

239 1173 383 1207 verum,
408 1173 560 1209 purum,
584 1159 778 1197 sincerum
800 1168 837 1198 et
858 1167 1037 1198 sanctum
1058 1159 1303 1210 evangelium
1325 1167 1362 1198 et
1377 1160 1635 1210 approbatam

239 1214 469 1264 scripturam
484 1213 546 1264 pie
563 1221 766 1252 mansuete
781 1221 818 1252 et
835 1213 1058 1253 Christiane
1079 1214 1184 1252 iuxta
1199 1213 1419 1252 doctrinam
1436 1221 1474 1252 et
1487 1214 1636 1265 exposi-

238 1268 387 1307 tionem
408 1268 647 1318 approbatae
664 1275 701 1306 et
721 1268 772 1306 ab
793 1267 958 1306 ecclesia
976 1267 1198 1307 Christiana
1218 1275 1397 1318 receptae
1414 1267 1634 1318 Scripturae

240 1325 409 1361 doceant
441 1330 479 1360 et
509 1321 747 1372 praedicent,
783 1322 995 1372 omniaque
1026 1322 1076 1359 ab
1106 1321 1171 1360 illa
1200 1321 1383 1360 omittant
1412 1335 1514 1372 quae
1545 1352 1552 1360 .
1585 1352 1592 1360 .
1627 1352 1634 1360 .

239 1376 419 1415 subtilius
441 1376 624 1426 indagare
646 1406 653 1414 .
676 1406 682 1413 .
703 1406 711 1414 .
734 1376 895 1414 minime
924 1375 1091 1425 expedit,
1115 1375 1291 1426 nihilque
1320 1375 1360 1413 in
1390 1377 1538 1426 populo
1567 1390 1635 1426 per

239 1430 473 1469 concionem
495 1430 806 1480 disputationum
830 1437 1023 1477 moveant,
1046 1431 1116 1469 sed
1137 1429 1332 1480 quidquid
1347 1430 1635 1469 controversiae

238 1484 351 1524 fuerit
373 1498 497 1534 usque
516 1486 567 1523 ad
589 1484 957 1523 determinationem
980 1483 1097 1522 futuri
1117 1483 1273 1522 concilii
1294 1492 1502 1522 reservent.

295 1537 329 1591 [ξ
350 1537 426 1591 XI]
458 1538 710 1577 Ordinabunt
741 1545 940 1588 praeterea
972 1569 979 1576 .
1011 1568 1017 1575 .
1051 1568 1056 1575 .
1087 1536 1261 1588 episcopi
1283 1567 1290 1574 .
1312 1567 1320 1576 .
1343 1568 1351 1576 .
1374 1537 1474 1576 viros
1496 1539 1634 1577 doctos

239 1593 382 1643 probos
404 1600 440 1631 et
462 1592 579 1631 sacris
600 1592 735 1631 litteris
756 1592 912 1642 peritos,
935 1593 1001 1642 qui
1023 1591 1386 1642 praedicantibus..
1403 1621 1411 1629 .
1430 1591 1634 1631 intendere

239 1647 443 1685 debebunt
459 1662 468 1695 3
497 1654 534 1686 et
552 1646 582 1685 si
599 1646 695 1697 quid
715 1647 766 1685 ab
787 1646 860 1684 illis
877 1676 883 1683 .
902 1675 908 1683 .
927 1676 934 1683 .
952 1654 1121 1685 erratum
1138 1676 1145 1683 .
1162 1675 1190 1684 ..
1208 1659 1293 1685 esse
1309 1645 1554 1694 offenderint,
1572 1676 1578 1684 .
1597 1675 1605 1683 .
1624 1675 1633 1686 .

239 1715 306 1739 eos
328 1701 530 1751 corrigent,
555 1732 561 1739 .
587 1731 594 1739 .
617 1732 624 1738 .
644 1714 693 1739 ne
715 1700 909 1754 quispiam
937 1700 1124 1750 suspicari
1148 1699 1271 1750 possit
1292 1707 1333 1738 ut
1360 1699 1499 1738 veritas
1520 1713 1633 1738 evan-

239 1755 363 1804 gelica
393 1769 461 1805 per
489 1757 565 1793 hoc
595 1754 777 1804 impediri
807 1762 1025 1804 quaeratur.
1049 1784 1056 1792 .
1081 1784 1089 1792 .
1112 1783 1120 1792 .
1144 1756 1349 1792 Praeterea
1378 1753 1417 1791 in
1447 1753 1632 1792 omnibus

240 1809 490 1848 bibliothecis
507 1817 545 1847 et
560 1810 666 1859 apud
688 1810 951 1858 typographos
973 1838 980 1846 .
1001 1838 1008 1846 .
1026 1837 1033 1845 .
1048 1807 1312 1858 providebunt
1328 1821 1378 1846 ne
1398 1807 1438 1845 in
1459 1809 1630 1846 futurum

237 1862 386 1912 aliquid
426 1862 517 1901 novi
557 1862 656 1913 typis
685 1863 910 1911 excudatur,
942 1862 1110 1901 maxime
1144 1876 1195 1900 ne
1223 1861 1345 1900 libelli
1373 1861 1512 1900 famosi
1542 1891 1550 1900 .
1582 1891 1590 1899 .
1624 1891 1631 1899 .

239 1918 480 1955 vendantur:
509 1924 547 1955 et
567 1916 807 1955 ordinabunt
827 1918 934 1966 apud
955 1929 1093 1955 omnes
1114 1915 1318 1966 potestatis
1333 1922 1375 1953 ut
1392 1915 1422 1953 si
1436 1915 1630 1966 quispiam

237 1970 386 2020 aliquid
408 1970 499 2008 novi
516 1972 645 2017 edere,
666 1971 847 2016 vendere,
864 1972 923 2009 vel
938 1970 1038 2020 typis
1059 1971 1251 2009 excudere
1266 1968 1444 2016 voluerit,
1464 1976 1506 2007 ut
1527 1969 1632 2019 prius

239 2038 306 2074 per
333 2023 486 2074 aliquos
514 2024 615 2062 viros
643 2025 787 2074 probos
814 2025 954 2063 doctos
985 2031 1024 2063 et
1048 2024 1261 2062 litterarum
1289 2024 1443 2073 peritos,
1467 2022 1539 2061 ista
1560 2052 1568 2060 .
1591 2053 1599 2061 .
1622 2052 1630 2062 .

239 2086 578 2127 recognoscantur,
595 2086 633 2116 et
647 2078 721 2116 nisi
735 2092 803 2128 per
811 2079 972 2117 eosdem
989 2107 996 2114 .
1013 2107 1020 2115 .
1037 2107 1044 2115 .
1060 2077 1321 2127 approbatum
1335 2075 1631 2123 fuerit,minime

239 2163 246 2171 .
270 2162 278 2169 .
303 2161 310 2169 .
332 2131 575 2181 publicetur:
605 2139 643 2170 et
660 2146 727 2182 per
754 2133 851 2170 haec
873 2132 1003 2170 media
1023 2138 1190 2181 sperant,
1213 2130 1321 2180 quod
1351 2130 1427 2168 hoc
1454 2137 1631 2180 tempore

237 2185 379 2237 poterit
408 2185 488 2222 istis
518 2185 751 2223 tumultibus
774 2216 780 2223 .
803 2215 812 2224 .
837 2216 842 2222 .
867 2185 1024 2232 mederi,
1047 2184 1214 2222 maxime
1234 2183 1290 2221 uti
1313 2185 1374 2220 Bo.
1390 2184 1448 2220 Pe.
1479 2183 1518 2221 in
1548 2183 1630 2223 istis

236 2238 526 2291 gravaminibus
558 2252 771 2289 congruam
804 2270 809 2276 .
843 2268 851 2276 .
883 2268 890 2275 .
922 2238 1036 2277 faciet
1065 2237 1381 2276 reformationem
1414 2265 1422 2274 .
1452 2265 1490 2274 ..
1510 2245 1630 2288 atque

236 2295 403 2333 liberum
423 2300 461 2330 et
482 2292 750 2332 Christianum
772 2292 994 2342 designabit
1014 2291 1237 2331 concilium.
1263 2319 1270 2327 .
1294 2319 1303 2327 .
1326 2320 1332 2327 .

291 2347 326 2401 [ξ
345 2344 446 2398 XII]
479 2348 683 2385 Postremo
712 2347 762 2385 de
792 2346 1024 2397 presbyteris
1055 2345 1121 2395 qui
1157 2343 1449 2383 matrimonium
1480 2351 1629 2383 contra-

237 2404 336 2441 hunt
376 2408 413 2439 et
452 2401 501 2438 de
541 2400 727 2449 religiosis
766 2400 833 2450 qui
873 2399 1014 2439 relictis
1053 2397 1299 2437 monasteriis
1337 2399 1388 2436 ad
1428 2399 1628 2436 saeculum

239 2458 418 2499 redeunt,
448 2455 498 2493 de
528 2453 670 2503 quibus
703 2455 750 2492 R.
774 2456 822 2493 D.
845 2453 1017 2493 Nuntius
1042 2452 1295 2503 Apostolicus
1323 2482 1330 2490 .
1360 2481 1368 2491 .
1400 2482 1406 2489 .
1437 2451 1626 2499 meminit,
