1715 2780
98 67 170 106 218
326 66 570 104 GERMAN
601 64 1008 103 SWITZERLANI)
1039 63 1114 101 TO
1149 75 1250 113 1529
1419 65 1495 112 463

97 172 151 211 illi
189 171 368 210 ubertate
408 168 558 220 ingenii·
591 176 629 207 et
669 166 892 218 exponendi
930 166 1233 217 perspicuitate:
1283 175 1414 206 tamen
1455 169 1492 206 in

99 224 272 272 Graecis,
295 224 325 263 si
353 237 432 263 non
462 224 596 270 maior,
619 236 687 273 par
713 221 777 260 illi.
838 222 946 270 Quid
974 234 1080 259 nunc
1108 220 1299 271 impostor
1327 222 1493 272 Capitol

99 281 236 327 valeat,
259 292 340 317 non
361 279 471 328 potui
493 277 720 317 diiudicare.
780 277 911 314 Pauca
931 275 1036 313 enim
1067 277 1222 314 locutus
1251 283 1319 314 est.
1379 277 1494 314 Plura

98 334 372 384 Snaphanicus
387 333 400 353 ²
420 334 596 371 Bucerus
608 332 632 378 ³,
651 330 718 381 qui
739 329 770 369 si
790 329 1012 369 eruditione
1032 337 1070 368 et
1091 328 1310 380 linguarum
1333 330 1495 368 scientia

97 402 167 440 par
195 394 297 427 esset
326 386 506 437 Zuinglio
535 393 573 425 et
603 384 928 434 OecolampadiO,
958 383 1074 421 nobis
1104 383 1227 433 magis
1257 385 1495 423 metuendus

98 449 211 482 esset.
269 443 330 480 Ita
351 440 510 480 difficile
530 446 802 478 commovetur
822 438 1000 485 bestiola,
1016 445 1053 476 et
1075 437 1166 476 satis
1187 439 1406 476 luculenter
1426 451 1496 476 sua

98 496 295 548 proponit.
353 495 432 534 Sed
465 494 591 545 quid?
650 492 901 543 Iniquissime
935 491 1045 530 vides
1074 505 1154 530 rem
1186 500 1359 531 nostram
1391 505 1496 531 com-

99 558 273 601 paratam
289 562 420 588 coram
437 548 766 587 exercitatissimis
788 546 1004 585 haereticis.
1046 547 1162 585 Unus
1180 553 1217 585 et
1234 548 1329 585 alter
1344 548 1494 585 latravit

100 604 352 650 sacrificulus,
375 603 442 653 qui
462 601 600 652 vigiliis
622 602 823 648 canendis,
845 614 926 639 non
946 601 1199 649 disputando,
1222 609 1331 639 erant
1356 601 1497 639 exerci

99 658 168 698 tati
189 666 227 698 et
249 659 377 698 bonus
398 657 461 696 ille
482 655 752 706 ludimagister
774 655 920 694 Littera
940 667 1034 693 sane
1051 668 1187 704 parum
1208 654 1387 694 litterata.

156 714 287 763 Quem
307 719 439 751 autern
461 718 646 750 eventum
668 709 806 748 habuit
827 708 1070 759 disputatio?
1129 709 1343 759 Indignum
1365 717 1497 749 nostra

103 766 315 818 diligentia.
375 767 479 805 Cum
506 764 722 814 disputatio
751 763 861 801 finita
892 770 994 801 esset
1018 775 1064 813 25
1090 763 1272 810 Ianuarii,
1295 765 1498 815 utriusque

103 823 269 861 Senatus
299 821 458 860 decreto
488 820 712 857 consultum
744 825 801 856 est
823 824 864 855 ut
886 830 1024 855 omnes
1046 830 1145 865 arae,
1169 825 1331 865 statuae,
1355 818 1497 857 missae

101 884 139 915 et
169 874 358 926 quicquid
387 875 516 913 cultus
548 872 669 911 divini
704 880 741 910 et
775 871 1101 910 caerimoniarum
1137 879 1195 910 est
1229 872 1419 911 ecclesiae
1459 874 1497 910 in

103 930 252 982 oppido
291 931 443 968 Bernae
482 935 519 966 et
552 927 737 966 omnibus
772 926 866 964 vicis
901 933 938 964 et
970 927 1078 976 pagis
1119 925 1294 975 ipsorum
1334 926 1498 976 imperio

103 983 301 1031 subiectis,
323 982 391 1021 ubi
422 995 501 1020 non
532 982 656 1019 maior
685 980 819 1030 populi
850 993 937 1030 pars
966 980 1005 1018 id
1023 981 1130 1026 ferat,
1153 981 1405 1019 eliminentur
1426 994 1499 1020 nec

103 1051 279 1089 unquam
309 1036 555 1087 recipiantur.
613 1036 650 1074 O
680 1042 869 1083 tempora,
893 1034 929 1072 O
951 1047 1090 1080 moreS,
1114 1035 1150 1073 O
1172 1043 1345 1073 nostram
1371 1048 1499 1074 socor-

103 1092 209 1132 diam
227 1095 233 1130 1
274 1093 406 1140 Quam
423 1089 535 1129 facile
555 1088 746 1139 potuisset
763 1090 838 1126 hoc
860 1089 1006 1126 malum
1024 1088 1161 1135 caveri,
1181 1090 1210 1125 si
1232 1088 1499 1128 studiosorum

104 1160 221 1198 quam
245 1154 462 1185 scortorum
484 1143 605 1183 nostri
627 1142 801 1193 episcopi
822 1142 1060 1180 amantiores
1082 1150 1212 1181 essent
1231 1146 1236 1181 ἒ
1277 1144 1355 1182 Sed
1372 1143 1499 1182 dices:

105 1202 277 1240 Nullane
315 1212 403 1250 spes
442 1200 515 1237 hos
559 1197 794 1236 nefariorum
834 1197 1120 1235 haereticorum
1160 1204 1325 1235 conatus
1371 1197 1500 1236 refrin-

103 1255 284 1306 gendos?
345 1254 462 1293 Certe
499 1264 706 1302 perpauca.
770 1251 886 1289 Nosti
923 1251 1166 1290 ferocitatem
1207 1251 1322 1290 huius
1360 1252 1499 1301 gentis,

104 1323 224 1359 quam
259 1307 355 1346 nihil
390 1307 496 1345 aliud
530 1304 720 1344 subvertit
755 1318 872 1354 quam
907 1305 1015 1354 quod
1051 1318 1168 1343 nemo
1200 1306 1302 1344 adeo
1334 1307 1501 1344 idoneus

104 1371 241 1402 contra
269 1361 487 1401 haereticos
515 1359 671 1411 prodire
701 1360 772 1397 fuit
800 1371 930 1397 ausuS.
990 1358 1211 1397 Lucernani
1240 1372 1330 1397 cum
1361 1359 1502 1409 primo-

104 1417 211 1456 ribus
240 1429 429 1467 pagorum
455 1414 606 1465 aliquot
625 1414 765 1452 sedulo
785 1426 879 1451 sane
899 1421 1091 1451 navarunt
1112 1426 1272 1463 operam
1291 1430 1297 1453 :
1336 1414 1503 1452 sedulio>

107 1485 187 1510 rem
202 1479 308 1510 certe
321 1483 440 1520 quam
461 1481 600 1508 omnes
622 1467 797 1518 episcopi
819 1474 861 1505 ut
881 1466 954 1505 ista
976 1466 1272 1517 impedirentur.
1313 1469 1389 1506 Sed
1406 1469 1500 1506 dum

107 1527 218 1565 malis
234 1526 336 1564 adeo
352 1523 627 1563 defensoribus
640 1529 797 1561 nostrae
817 1529 944 1571 partes
965 1529 1241 1571 apparuerunt,
1263 1523 1370 1560 rudis
1391 1522 1502 1572 plebs

108 1581 238 1619 nudos
267 1591 427 1629 quoque
448 1577 608 1616 veritate
628 1576 813 1614 arbitrata
833 1582 902 1623 est,
924 1575 1096 1625 vicitque
1117 1588 1205 1625 pars
1227 1577 1351 1614 maior
1370 1576 1503 1614 melio-

108 1647 201 1673 rem.
258 1635 361 1672 Nam
391 1630 570 1683 Tigurini
600 1631 734 1669 omnia
768 1637 932 1680 possunt
966 1630 1073 1679 apud
1108 1629 1194 1667 illos
1228 1642 1328 1678 quos
1359 1629 1434 1667 scis
1466 1638 1503 1668 et

109 1686 450 1727 exercitatissimos
480 1698 566 1724 esse
594 1685 695 1723 dolis
723 1691 761 1722 et
785 1682 1084 1732 incomparabili
1109 1682 1332 1733 pertinacia.
1394 1683 1503 1732 Quid

108 1754 215 1781 nunc
245 1741 389 1780 faciant
422 1739 517 1778 alii?
573 1740 761 1777 Senatum
795 1749 956 1786 quoque
990 1736 1246 1775 Basiliensem
1282 1738 1357 1775 scis
1397 1746 1504 1776 metu

109 1795 235 1846 plebis
256 1808 359 1842 suae,
382 1807 500 1844 quem
523 1794 695 1830 incantat
717 1790 1052 1840 Oecolampadius
1074 1804 1154 1829 non
1179 1798 1257 1829 tam
1284 1792 1505 1831 eruditione

109 1863 228 1900 quam
249 1847 445 1898 hypocrisi
466 1860 546 1894 sua,
569 1845 665 1884 nihil
686 1857 814 1895 posse.
875 1846 987 1883 Idem
1010 1846 1142 1895 paullo
1167 1852 1255 1895 post
1283 1858 1354 1883 usu
1376 1846 1505 1884 veniet

111 1912 148 1943 et
177 1903 273 1942 aliis.
332 1904 469 1942 Unum
500 1900 684 1951 equidem
715 1899 847 1946 timeo,
869 1900 1003 1948 paullo
1032 1906 1122 1949 post
1148 1899 1354 1937 Helvetios
1381 1913 1507 1950 aeque

113 1957 314 1997 Pontificis
348 1968 579 1996 excussuros
614 1955 758 2004 iugum,
794 1960 913 2002 atque
944 1961 1198 1992 excusserunt
1237 1952 1313 1991 iam
1353 1953 1505 2004 pridem

112 2011 302 2052 Caesaris.
362 2012 411 2049 Et
442 2011 591 2049 utinam
618 2007 852 2047 Constantia
877 2014 915 2045 et
935 2006 1084 2057 aliquot
1106 2006 1222 2046 urbes
1245 2007 1405 2057 Imperii
1426 2021 1505 2046 non

111 2074 325 2116 sequantur
353 2065 589 2114 exemplum.
648 2064 728 2100 Res
758 2062 936 2100 Caesaris
966 2062 1045 2100 fere
1075 2061 1130 2099 sic
1151 2061 1299 2099 habent
1321 2062 1358 2099 in
1382 2062 1506 2109 Italia,

113 2129 151 2160 et
179 2120 278 2171 regis
310 2121 591 2169 Hungarorum
622 2116 661 2154 in
685 2116 900 2165 Hungaria‚
925 2116 1024 2153 sicut
1045 2114 1225 2161 Saxonia,
1248 2123 1289 2153 ut
1311 2116 1448 2154 frustra
1469 2117 1507 2153 in

112 2176 304 2224 praesenti
343 2174 395 2212 ab
433 2173 525 2223 ipsis
563 2183 764 2221 speremus
803 2168 1019 2208 haereticos
1058 2168 1351 2219 opprimendos
1422 2169 1507 2207 Nisi

114 2242 186 2267 nos
216 2228 391 2268 exscindi
421 2228 613 2272 volumus,
645 2225 695 2262 ad
725 2236 790 2262 eas
819 2230 921 2261 artes
950 2223 1067 2261 nobis
1097 2223 1404 2272 confugiendum
1437 2232 1506 2270 est,

158 2313 168 2331 ¹
193 2312 371 2354 &Volfgang
398 2310 530 2352 Capito,
566 2306 796 2349 1478—†1541,
829 2305 937 2347 parish
968 2305 1067 2346 priest
1107 2305 1144 2335 os
1179 2304 1266 2344 Jung
1300 2302 1345 2335 St.
1376 2303 1509 2343 Peter's‚

114 2357 311 2397 Strassburg.

157 2401 168 2420 ²
194 2395 632 2441 Sclznapplzalm-—sootpad

162 2446 173 2462 ²¹¹
198 2444 321 2475 Martin
339 2443 460 2480 Butzer‚
485 2441 711 2482 1491-†155r,
729 2437 874 2481 people's
891 2436 988 2478 priest
1006 2441 1037 2466 at
1056 2435 1101 2467 St.
1120 2433 1287 2474 Aurelian,
1307 2433 1508 2477 Strassburg.
