1715 2780
91 81 172 120 207
525 74 582 111 IN
616 63 845 118 ZURICH,
882 85 1032 122 1524—5
1405 86 1481 121 449

91 178 366 227 praeleguntur
386 190 503 226 quam
521 189 622 227 quae
643 189 800 214 summo
816 189 907 214 cum
924 176 1005 214 otio
1026 182 1063 215 et
1084 183 1265 214 accurata
1281 175 1482 225 diligentia

90 244 240 282 proque
259 230 450 281 dignitate
470 244 597 269 rerum
619 238 657 269 et
677 230 903 269 auditorum
920 230 1085 269 utilitate
1106 230 1303 280 explanari
1325 240 1482 280 queant.

143 287 266 324 Porro
286 298 308 324 a
328 285 446 323 sacris
467 285 649 335 precibus
670 284 733 322 hic
755 292 891 323 coetus
912 284 1030 322 sumit
1052 284 1217 322 initium.
1271 286 1484 322 Precantur

91 340 196 378 enim
217 352 356 378 omnes
377 338 657 377 communibus
678 338 778 377 votis
798 338 1112 388 omnipotentem
1129 345 1167 377 et
1188 338 1482 377 misericordem

92 395 234 441 Deum,
249 393 361 432 cuius
377 394 541 432 verbum
562 395 722 432 lucerna
737 400 796 432 est
810 393 979 443 pedibus
1000 394 1141 431 nostris
1162 399 1201 431 et
1220 394 1356 431 lumen
1373 394 1483 431 semi-

87 455 213 486 tarum
234 454 465 495 nostrarum,
487 447 635 497 aperiat
656 455 694 486 et
716 447 909 486 illuminet
934 454 1108 485 mentem
1131 454 1316 494 nostram,
1340 453 1382 484 ut
1403 459 1483 485 ora-

89 503 178 540 cula
208 514 278 540 sua
306 515 401 552 pure
431 509 469 540 et
500 508 635 540 sancte
665 501 939 551 intelligamus,
971 509 1009 539 et
1044 501 1083 538 in
1114 500 1210 539 illud
1241 502 1349 550 quod
1378 508 1483 539 recte

89 555 393 594 intellexerimus
413 557 745 602 transformemur,
765 569 845 605 quo
862 555 1054 594 maiestati
1076 554 1159 593 eius
1181 556 1288 593 nulla
1309 568 1355 593 ex
1375 562 1484 604 parte

88 609 378 660 displiceamus,
402 623 470 660 per
490 611 535 649 C.
560 611 608 648 D.
633 611 682 648 N.

144 663 314 703 Peractis
331 663 525 714 precibus,
542 665 728 714 praelegit
748 664 981 702 adolescens
1002 662 1279 712 stipendiarius
1295 662 1485 702 ecclesiae

89 719 194 756 iuxta
207 719 417 768 Vulgatam
439 731 558 768 quarn
578 717 813 767 Hieronymi
829 724 972 756 vocant
992 716 1209 756 editionem
1226 730 1316 756 eum
1338 718 1482 763 locum,

88 773 138 811 ad
160 785 278 822 quem
299 773 514 822 prophetae
540 785 655 810 cursu
683 778 721 810 et
748 771 886 810 ordine
911 772 1106 810 devenere
1133 772 1483 821 interpretandum.

89 825 296 876 Stipendio
317 825 421 864 enim
439 839 485 865 ex
504 827 653 865 aerario
669 825 936 864 ecclesiastico
956 826 1112 863 aluntur
1128 824 1281 875 egregia
1297 832 1335 863 et
1355 825 1485 864 bonae

89 881 171 930 spei
202 879 369 930 ingenia,
393 888 512 930 atque
542 879 581 918 in
611 880 769 926 artibus,
797 879 948 930 linguis,
973 887 1011 918 et
1040 878 1176 917 litteris
1206 878 1350 917 sanctis
1381 878 1485 917 insti-

89 941 261 980 tuuntur,
278 942 320 973 ut
339 934 555 984 aliquando
571 933 760 973 ecclesiae
777 935 882 972 unde
903 935 1060 971 aluntur
1076 934 1295 982 rependant
1309 946 1355 971 ac
1372 932 1486 983 pluri-

89 1001 198 1027 mum
213 988 357 1027 sanctis
374 988 597 1027 ministeriis
614 987 773 1038 prosint.
792 1019 798 1025 .
815 1018 822 1026 .
841 1019 846 1025 .
865 987 946 1027 Ubi
960 1000 1051 1025 vero
1067 988 1298 1025 adolescens
1312 1000 1403 1026 eum
1418 987 1485 1036 qui

89 1043 314 1081 tractandus
340 1042 447 1081 venit
476 1044 607 1081 locum
630 1042 772 1080 Latina
801 1041 932 1091 lingua
962 1040 1147 1088 recitavit,
1170 1041 1334 1090 assurgit
1364 1042 1486 1079 lector

90 1097 300 1135 Hebraeus
326 1109 372 1134 ac
395 1096 580 1135 Hebraea
605 1096 736 1145 lingua
757 1097 928 1134 eundem
951 1097 1082 1134 locum
1108 1103 1296 1142 recenset,
1320 1095 1483 1144 sparsim

91 1150 174 1189 eius
204 1151 359 1200 linguae
386 1149 607 1189 idiotismos
634 1151 971 1200 proprietatesque
1001 1149 1190 1196 indicans,
1220 1149 1295 1187 iam
1324 1162 1482 1187 sensum

91 1204 208 1242 etiam
244 1205 425 1252 reddens,
459 1203 666 1254 aliquoties
697 1204 860 1242 verbum
896 1204 1016 1241 verbo
1051 1205 1308 1252 interpretans
1343 1204 1412 1241 sed
1447 1210 1484 1240 et

91 1259 445 1297 Grammaticorum
486 1265 524 1297 et
566 1257 840 1296 Rabbinorum
885 1257 1051 1296 recitans
1094 1256 1319 1295 sententias.
1391 1258 1485 1294 Hoc

91 1311 262 1351 muneris
283 1313 435 1363 pridem
453 1312 701 1362 Ceporinus,¹
721 1325 828 1350 nunc
849 1324 1004 1349 summa
1020 1324 1111 1349 cum
1129 1310 1341 1360 diligentia,
1360 1310 1484 1348 erudi—

90 1366 197 1404 tione
218 1373 255 1405 et
276 1366 420 1416 pietate
441 1366 525 1405 obit
546 1368 596 1405 D.
613 1366 821 1406 Conradus
844 1365 1064 1404 Pellicanus
1084 1363 1416 1414 Rubeaquensis‚²
1429 1364 1485 1402 vir

89 1421 139 1459 de
155 1420 307 1471 linguis,
327 1420 470 1470 pietate
490 1434 536 1458 ac
557 1419 693 1459 litteris
713 1420 862 1471 optime
879 1419 1051 1458 meritus.
1102 1419 1291 1457 Hebraeo
1308 1418 1484 1456 succedit

90 1475 211 1513 lector
227 1476 413 1522 Graecus,
432 1474 494 1513 hic
516 1474 772 1524 Septuaginta
792 1475 1045 1524 interpretum
1068 1481 1134 1511 aut
1155 1485 1485 1523 quorumcunque

91 1529 252 1567 tandem
282 1528 340 1576 sit,
364 1528 583 1567 versionem
611 1530 803 1567 Graecam
835 1527 1032 1578 percurrit,
1052 1541 1141 1565 cum
1174 1527 1364 1565 Hebraeo
1393 1540 1484 1565 con-

91 1583 172 1629 fert,
189 1589 227 1621 et
243 1590 436 1632 quatenus
456 1583 507 1621 ab
523 1582 590 1620 illo
606 1582 800 1632 discrepet
817 1581 1001 1627 ostendit,
1015 1581 1224 1631 aliquoties
1246 1589 1283 1618 et
1304 1580 1481 1626 restituit,

91 1635 238 1686 ubique
257 1636 442 1686 advigilat
461 1644 651 1675 accurate.
705 1638 823 1674 Hanc
842 1635 1082 1685 provinciam
1100 1634 1209 1680 obiit,
1228 1635 1360 1683 quoad
1377 1633 1483 1680 vixit,

91 1689 174 1739 ipse
198 1689 410 1740 Zuinglius.
471 1692 560 1728 Hac
591 1689 802 1728 collatione
831 1691 933 1727 facta
957 1690 1215 1738 versioneque
1241 1690 1482 1726 Graecorum

90 1743 351 1794 interpretata,
384 1745 544 1783 demum
576 1745 791 1794 prophetae
822 1742 951 1781 officio
981 1742 1162 1792 fungitur,
1196 1741 1262 1792 qui
1292 1743 1482 1780 hactenus

90 1797 279 1847 praestitit
309 1798 570 1848 interpretem.
631 1799 688 1835 Ea
718 1797 822 1836 enim
854 1810 955 1846 quae
986 1798 1060 1834 iam
1091 1795 1241 1842 Latine,
1265 1797 1416 1834 Graece
1445 1804 1482 1833 et

93 1851 291 1890 Hebraice
320 1853 420 1890 lecta
452 1859 553 1899 sunt,
584 1851 690 1890 omni
722 1850 923 1901 diligentia
953 1857 990 1888 et
1025 1864 1179 1888 summa
1210 1850 1288 1888 fide
1318 1857 1481 1895 enarrat,

90 1905 269 1944 indicans
303 1906 507 1956 quomodo
539 1918 722 1955 praesens
757 1905 820 1943 ille
854 1906 963 1943 locus
997 1918 1019 1942 a
1051 1904 1185 1954 priscis
1217 1905 1264 1942 sit
1296 1911 1482 1942 tractatus

89 1959 355 2009 scriptoribus,
378 1959 473 2009 quid
496 1961 545 1998 de
570 1972 617 1998 eo
645 1959 835 1998 senserint
858 1959 1094 1997 Iudaeorum
1122 1958 1363 2008 interpretes,
1386 1957 1481 2007 quid

91 2012 299 2061 Catholici,
334 2013 430 2063 quid
464 2013 591 2052 verbis
630 2012 747 2052 sacris
783 2020 1105 2059 consentaneum,
1139 2025 1241 2062 quae
1273 2012 1480 2050 verborum

90 2068 286 2113 cohaesio,
309 2074 500 2105 structura
524 2076 561 2105 et
583 2068 652 2114 vis,
676 2080 777 2117 quae
807 2066 1087 2105 sententiarum
1120 2065 1301 2104 maiestas
1332 2074 1369 2103 et
1399 2078 1481 2114 pro-

90 2120 243 2169 prietas,
274 2120 331 2159 vis
361 2128 397 2159 et
427 2120 629 2171 elegantia,
662 2134 741 2171 quo
770 2120 904 2159 omnia
933 2121 1158 2158 referenda:
1198 2119 1365 2158 breviter
1395 2118 1482 2168 quis

89 2173 281 2224 genuinus
313 2188 461 2221 sensus,
493 2175 585 2213 item
618 2174 705 2224 quis
739 2188 832 2212 usus
867 2182 904 2212 et
939 2175 1084 2211 fructus
1120 2173 1235 2211 huius
1269 2172 1355 2219 loci,
1388 2185 1481 2221 quo-

91 2228 212 2266 modo
244 2241 289 2266 ex
322 2241 369 2267 eo
400 2230 510 2276 fides,
543 2228 676 2278 pietas,
710 2227 982 2274 sanctimonia,
1015 2227 1159 2265 iustitia
1191 2235 1229 2265 et
1261 2225 1481 2264 constantia

89 2280 280 2320 discenda
298 2281 358 2320 sit.
381 2313 387 2320 .
413 2313 419 2320 .
443 2314 449 2320 .

144 2336 351 2374 Hactenus
372 2349 462 2375 vero
489 2336 745 2375 aedificantur
770 2336 910 2386 linguis
932 2344 968 2374 et
990 2334 1195 2385 prophetia
1215 2333 1332 2379 docti,
1357 2340 1393 2371 et
1414 2333 1481 2382 qui

135 2403 145 2422 ¹
171 2404 281 2445 Jakob
298 2415 361 2436 von
378 2405 631 2447 Wisendangen,
650 2405 736 2436 Prof.
755 2406 791 2437 of
805 2405 948 2437 Hebrew
965 2410 998 2436 at
1016 2404 1144 2441 zurich,
1167 2401 1327 2444 1525—†6.

137 2446 149 2465 ²
173 2447 309 2479 Konrad
328 2448 514 2486 Kirsehner,
532 2449 568 2479 of
578 2448 718 2480 Ruffach
736 2450 768 2480 in
787 2449 909 2487 Elsass,
931 2446 1160 2488 1478-†1556,
1180 2448 1229 2478 his
1247 2456 1420 2479 successor.

143 2507 207 2538 944
747 2506 771 2530 G
793 2507 816 2540 g
