1715 2780
175 90 251 138 436
335 86 455 124 THE
489 82 906 123 DISPUTATIONS
937 82 1008 119 AT
1040 69 1273 124 zt‘JRICH,
1309 89 1408 127 1523
1494 85 1568 124 197

230 190 394 239 Quinto,
423 187 490 238 qui
521 186 685 225 Missam
716 198 804 224 vere
832 183 1028 223 celebrare
1058 181 1235 229 instituit,
1263 194 1344 220 non
1374 194 1415 219 se
1442 179 1570 230 ipsum

177 246 298 284 modo
319 244 388 282 sed
411 249 448 281 et
469 243 564 281 alios
585 239 800 280 esurientes
821 245 858 278 et
879 237 1054 276 sitientes
1080 235 1225 287 Spiritu
1253 248 1412 286 pascere
1439 234 1569 281 debet,

175 299 296 349 idque
326 297 400 336 sub
429 304 594 347 utraque
623 293 764 345 specie.
827 293 941 332 Idem
972 290 1151 332 Christus
1181 297 1219 329 et
1246 289 1373 329 verbis
1398 295 1436 327 et
1460 287 1572 327 factis

176 353 322 400 docuit,
346 353 460 390 Matt.
483 349 579 388 xxvi.
605 361 664 397 27.
689 379 695 386 .
721 380 727 386 .
752 378 758 385 .

231 409 346 445 Haec
367 419 455 444 mea
475 412 544 452 est,
561 405 707 450 fratres,
730 403 779 441 de
801 399 1016 440 simulacris
1033 406 1070 438 et
1088 398 1212 437 Missa
1228 397 1432 445 sententia,
1452 410 1570 448 quam

176 476 222 500 ex
243 462 278 500 S.
303 463 338 500 S.
362 459 494 499 didici.
519 489 525 496 .
551 489 557 496 .
581 489 588 496 .

230 515 447 564 Zainglius.
507 510 710 562 Quicquid
748 509 843 548 citra
882 507 1027 548 Christi
1066 506 1353 546 institutionem
1392 505 1456 544 hic
1486 505 1573 544 sub-

177 570 446 609 introductum
486 574 545 606 est
588 566 734 604 abusus
783 576 931 603 nomen
980 569 1160 601 meretur.
1231 563 1366 610 Quum
1404 573 1496 599 vero
1534 558 1574 596 hi

177 637 316 664 omnes
347 622 463 661 simul
493 621 575 659 tolli
605 627 644 659 et
673 617 850 669 abrogari
879 631 959 656 non
990 616 1152 667 possint,
1181 615 1303 654 divini
1333 615 1439 654 verbi
1469 625 1575 664 prae-

177 678 375 718 dicatione
396 677 545 715 fortiter
565 681 603 714 et
622 674 779 713 assidue
800 670 1060 722 impugnandi
1080 677 1204 709 erunt.

233 735 284 771 Et
305 731 432 782 primo
453 729 615 781 quidem
637 726 945 767 ecclesiasticum
967 725 1076 764 illum
1097 731 1257 763 cantum
1279 729 1317 761 et
1337 723 1574 772 templorum

180 789 319 826 boatus
349 786 399 825 ab
430 783 523 835 ipsis
553 796 712 834 quoque
743 779 1013 820 sacerdotibus
1042 792 1123 818 non
1153 778 1385 825 intellectos,
1407 777 1574 815 abusum

179 843 341 880 stultum
364 847 401 879 et
421 838 592 885 inanem,
616 838 696 875 imo
717 834 871 886 pietatis
893 847 1006 873 verae
1028 832 1359 883 impedimentum
1387 830 1578 881 pernicio—

179 895 376 935 sissimum
393 907 478 933 esse
494 899 660 932 constat.
707 891 851 929 Paulus
869 888 974 928 enim
996 888 1143 926 mavult
1164 885 1203 925 in
1221 885 1386 925 ecclesia
1401 884 1576 935 quinque

179 950 297 989 verba
318 956 450 987 mente
469 946 577 997 loqui
594 953 636 984 ut
653 952 690 984 et
706 946 803 983 alios
818 943 993 982 instituat
1010 955 1127 992 quam
1145 942 1285 980 decem
1302 940 1423 978 millia
1442 939 1577 977 verbo-

179 1018 265 1043 rum
282 1003 423 1054 lingua.
466 1000 588 1051 Atqui
605 999 702 1038 nihil
719 998 758 1037 in
773 998 938 1037 ecclesia
958 997 1157 1047 agendum
1172 1002 1252 1034 erat
1268 1008 1387 1045 quam
1401 994 1509 1044 quod
1526 993 1576 1032 ab

179 1057 345 1098 ecclesia
365 1063 498 1107 posset
514 1053 689 1104 intelligi.
748 1053 907 1092 Abusus
929 1065 1020 1102 ergo
1040 1050 1103 1089 hic
1125 1048 1263 1100 corrigi
1284 1048 1467 1087 debebat.

237 1111 394 1150 Deinde
433 1110 542 1161 quod
581 1116 737 1159 tempus
784 1106 936 1154 attinet,
975 1111 1255 1144 testamentum
1294 1104 1370 1141 hoc
1409 1100 1577 1151 tempori

178 1168 379 1216 alligatum
409 1178 493 1203 esse
526 1177 606 1202 non
636 1162 766 1210 debet,
793 1161 862 1200 sed
892 1172 1131 1211 quocunque
1160 1166 1338 1208 tempore
1367 1155 1454 1207 quis
1481 1155 1577 1194 illud

180 1219 385 1271 postularit
405 1218 583 1269 accipere
604 1218 704 1255 licet.

236 1276 351 1314 Idem
372 1275 422 1312 de
442 1272 616 1312 vestibus
646 1271 790 1321 quibus
817 1268 857 1307 in
886 1267 1009 1306 Missa
1029 1273 1191 1306 utuntur
1211 1264 1375 1305 sacrifici
1396 1262 1575 1303 dicimus.

182 1328 374 1378 Quamvis
406 1327 446 1365 in
484 1326 618 1364 libello
652 1326 703 1363 de
737 1325 903 1364 Canone
941 1321 1086 1372 scripto
1122 1319 1311 1359 amictum
1350 1316 1578 1357 huiusmodi

182 1390 340 1433 propter
378 1380 610 1419 infirmiores
647 1376 884 1424 admiserim,
926 1389 1048 1426 quum
1088 1370 1429 1412 nimirum'etiam
1472 1373 1579 1409 hunc

182 1436 317 1475 mortis
335 1434 480 1475 Christi
500 1441 636 1484 typum
658 1445 743 1471 esse
762 1439 940 1482 putarem
950 1444 960 1478 3
985 1442 1107 1480 quum
1127 1441 1220 1467 vero
1239 1428 1290 1467 ab
1310 1426 1394 1466 aliis
1415 1426 1579 1465 edoctus

183 1491 255 1529 sim
291 1489 474 1529 vestitum
515 1490 621 1526 hunc
660 1499 680 1526 e
719 1486 837 1524 veteri
872 1486 956 1534 lege
991 1485 1246 1533 desumptum
1284 1494 1370 1521 esse
1411 1493 1579 1530 eamque

183 1559 263 1584 non
298 1544 501 1583 minimam
536 1541 655 1581 fuisse
690 1539 939 1579 occasionem
970 1551 1048 1588 qua
1077 1535 1256 1576 nonnulli
1287 1534 1384 1574 moti
1414 1535 1580 1572 Missam

184 1598 418 1638 sacrificium
449 1609 534 1636 esse
563 1601 821 1646 putaverunt:
854 1594 1021 1644 priorem
1052 1593 1155 1630 hanc
1186 1603 1314 1629 meam
1345 1587 1579 1628 sententiam

183 1654 446 1692 revocandam
478 1663 563 1690 esse
594 1648 876 1689 existimabam.
938 1648 1187 1696 Quapropter
1221 1657 1343 1695 quum
1374 1650 1413 1683 et
1442 1648 1580 1681 cantus

183 1716 221 1747 et
242 1706 404 1746 vestitus
430 1707 509 1744 huc
536 1703 815 1743 tantummodo
843 1702 982 1740 serviat
1008 1707 1050 1738 ut
1075 1713 1098 1738 a
1118 1712 1208 1738 vera
1228 1697 1415 1745 oratione,
1439 1697 1480 1736 id
1509 1702 1578 1743 est,

184 1761 327 1801 mentis
348 1762 398 1800 ad
421 1762 552 1799 Deum
577 1757 796 1797 elevatione
823 1769 895 1794 nos
922 1755 1145 1794 abstrahat:
1175 1760 1385 1803 utrumque
1406 1764 1426 1790 e
1447 1749 1580 1790 medio

185 1816 405 1855 tollendum
435 1821 508 1862 est,
527 1826 598 1852 suo
629 1820 762 1851 tamen
791 1811 913 1849 modo
943 1816 981 1847 et
1011 1816 1198 1858 tempore,
1225 1820 1275 1846 ne
1305 1805 1401 1857 quid
1430 1803 1582 1843 dissidii

185 1872 224 1908 in
265 1868 490 1909 Christiano
523 1868 671 1918 populo
703 1864 848 1904 oboriri
886 1863 1080 1914 possit...
1106 1892 1112 1899 .
1137 1863 1312 1912 Populus
1351 1872 1442 1909 ergo
1475 1857 1581 1908 prius

186 1924 415 1963 edocendus
454 1928 512 1960 est
550 1928 592 1959 ut
630 1933 703 1959 nec
743 1918 926 1958 vestitum
966 1930 1038 1955 nec
1077 1923 1236 1954 cantum
1276 1914 1394 1953 istum
1435 1912 1582 1950 Missae

186 1977 327 2016 servire
361 1975 561 2025 intelligat.
621 1974 660 2012 Si
696 1972 783 2023 quis
817 1971 922 2010 enim
957 1983 1063 2008 nunc
1097 1968 1242 2019 vulgari
1274 1975 1381 2007 veste
1414 1965 1582 2004 amictus

188 2033 353 2070 Missam
381 2030 606 2075 celebraret,
629 2027 716 2077 quis
738 2040 818 2065 non
845 2026 1057 2064 tumultum
1079 2022 1322 2062 oboriturum
1345 2034 1430 2060 esse
1457 2018 1582 2059 existi-

187 2087 296 2124 met?
353 2086 425 2122 Per
457 2085 588 2121 Deum
620 2094 711 2131 ergo
735 2093 804 2118 vos
833 2092 902 2117 oro
931 2085 969 2116 et
999 2078 1184 2124 obtestor,
1216 2077 1348 2114 fratres
1380 2105 1387 2112 .
1421 2104 1428 2113 .
1460 2104 1467 2112 .
1499 2104 1507 2121 ‚
1541 2080 1582 2111 ut

190 2139 264 2178 Dei
284 2138 446 2177 verbum
478 2148 634 2175 summo
664 2133 794 2173 studio
824 2146 941 2182 quam
977 2130 1189 2169 clarissime
1217 2128 1452 2169 commissae
1471 2126 1581 2167 vobis

188 2192 293 2243 plebi
315 2190 547 2230 annuntiare
577 2196 614 2228 et
644 2200 838 2238 exponere
868 2184 1089 2233 instituatis,
1113 2192 1155 2222 ut
1183 2183 1279 2234 quid
1310 2183 1434 2221 Missa
1455 2189 1492 2220 et
1513 2181 1580 2231 qui

187 2247 270 2286 eius
291 2247 437 2285 abusus
459 2246 535 2284 sint
565 2244 686 2294 probe
706 2240 934 2290 intelligant.
994 2240 1147 2289 Populo
1177 2237 1282 2277 enim
1312 2238 1382 2277 rite
1402 2235 1580 2275 instituto

189 2301 322 2340 onmia
343 2314 389 2339 ea
410 2299 507 2338 citra
528 2298 740 2336 tumultum
763 2294 934 2344 aliquem
956 2294 1038 2331 tolli
1059 2299 1255 2343 poterunt.

249 2356 450 2395 Conmdus
479 2352 685 2393 Grebelius.
745 2351 843 2388 Sunt
872 2355 1023 2399 praeter
1052 2348 1124 2385 hos
1151 2346 1214 2385 alii
1240 2357 1400 2396 quoque
1419 2343 1578 2389 abusus,

189 2411 240 2448 de
275 2409 418 2459 quibus
449 2407 513 2446 hic
544 2404 826 2456 disputandum
861 2415 946 2441 esse
980 2400 1076 2439 mihi
1110 2400 1271 2440 videtur.
1331 2397 1438 2437 Scire
1475 2397 1580 2436 enim

189 2465 305 2501 velim
327 2475 421 2501 num
444 2475 545 2512 pane
566 2462 799 2499 fermentato
819 2464 884 2495 aut
915 2455 1190 2494 infermentato
1220 2455 1282 2492 hic
1307 2453 1498 2491 utendum
1520 2449 1578 2488 sit.
