1715 2780
172 97 249 133 300
432 84 552 121 THE
585 82 723 121 DIET
754 82 825 122 OF
854 81 1175 128 AUGSBURG,
1210 92 1310 132 1530
1493 91 1564 129 123

172 194 392 237 sequenteS,
419 186 690 237 cuiuscunque
716 186 916 237 dignitatis
943 193 981 225 et
1005 185 1154 225 ordinis
1178 185 1266 233 sint,
1289 184 1502 236 quominus
1522 185 1563 224 id

172 241 326 289 faciant,
349 243 428 280 ulla
448 241 598 280 ratione
618 240 864 292 prohibeant,
887 254 960 279 nec
987 239 1160 290 denique
1181 239 1408 278 monasticis
1428 239 1565 278 utrius-

173 309 250 346 que
269 295 421 346 generis
442 295 630 345 personis,
654 294 866 346 quominus
887 302 926 333 et
945 307 1053 334 sacra
1072 301 1259 345 peragant
1275 301 1313 332 et
1333 293 1565 332 delictorum

171 349 334 388 audiant
364 349 666 396 confessionem,
695 356 733 388 et
762 350 942 388 Coenam
970 347 1134 387 Domini
1163 361 1236 387 suo
1264 361 1374 386 more
1401 347 1567 386 admini-

173 411 305 451 strent,
328 405 451 442 ullum
473 405 666 442 facessant
687 403 901 453 negotium.

226 458 285 509 (5)
315 459 380 497 Ad
411 459 487 496 hoc
516 465 558 495 ut
587 457 810 508 praedictus
835 455 1027 496 Saxoniae
1056 457 1226 503 Elector,
1255 455 1432 506 quinque
1461 455 1567 494 Prin-

173 511 281 562 cipes
311 520 349 551 et
379 525 445 551 sex
472 511 660 551 Civitates
681 524 771 549 cum
800 511 847 551 C.
870 512 939 558 M.,
968 509 1227 558 Electoribus‚
1251 509 1498 560 Principibus
1529 518 1567 549 et

173 568 211 605 S.
244 568 274 605 Ι.
316 565 534 605 Ordinibus
572 565 792 604 deliberent
821 565 1024 615 quomodo
1063 563 1272 603 coercendi
1305 572 1343 603 et
1376 563 1567 615 puniendi

172 628 263 658 sunt
297 620 582 669 Anabaptistae
613 627 652 658 et
683 619 719 666 ii,
754 619 820 669 qui
852 620 902 658 de
934 620 1072 658 Coena
1107 618 1271 657 Domini
1305 631 1417 656 secus
1447 631 1565 668 quam

174 674 351 713 Ecclesia
368 675 540 721 docent,¹
557 687 630 712 nec
651 673 691 711 in
712 674 786 712 hac
810 686 929 712 causa
948 686 989 712 se
1009 686 1032 711 a
1053 674 1096 712 C.
1122 675 1179 711 M.
1199 671 1364 722 aliisque
1381 672 1568 711 Electori-

172 728 246 766 bus
279 736 316 767 et
347 727 565 767 Ordinibus
605 727 811 778 seiungant
850 735 917 766 aut
949 734 1164 777 segregent,
1197 734 1264 765 aut
1303 739 1375 764 suo
1404 739 1565 777 quoque

173 782 339 820 consilio
370 795 452 821 rem
484 782 618 821 iuvent
652 790 770 832 atque
805 789 1073 832 promoveant,
1108 781 1148 819 id
1187 781 1296 830 quod
1335 780 1567 819 auctoritate

172 836 216 876 C.
243 835 332 874 Μἵίε
351 836 536 875 omnibus
559 836 818 883 Electoribus‚
843 835 1091 885 Principibus
1112 843 1150 874 et
1172 833 1333 884 Imperii
1349 834 1567 874 Ordinibus

172 890 418 940 permissum,
441 898 483 928 ut
504 904 619 940 supra
647 890 796 929 dictum
824 897 893 936 est,
922 897 959 928 et
987 889 1224 939 promissum
1252 888 1323 927 fuit
1348 888 1387 927 in
1412 896 1564 928 tantum

172 952 363 995 quantum
385 944 476 983 iuris
497 952 534 983 et
554 944 757 995 potestatis
778 957 824 982 ea
844 943 883 981 in
904 957 944 983 re
964 943 1128 993 quilibet
1148 943 1278 982 habet.

229 999 287 1049 (6)
318 1001 524 1037 Postremo
563 998 656 1049 quia
688 1000 812 1036 multo
846 998 885 1036 in
917 1005 1094 1047 tempore
1133 997 1172 1035 in
1205 997 1383 1036 Ecclesia
1416 997 1566 1035 nullum

171 1054 351 1102 generale
373 1052 642 1093 Christianum
664 1060 701 1091 et
722 1052 889 1091 liberum
906 1051 1086 1090 habiturn
1106 1059 1165 1090 est
1180 1050 1404 1099 concilium,
1420 1058 1459 1090 et
1475 1064 1566 1090 vero

172 1115 249 1145 tam
287 1108 325 1145 in
358 1108 433 1145 hoc
472 1106 574 1144 civili
609 1120 727 1157 quam
759 1106 799 1144 in
834 1105 1099 1145 ecclesiastico
1130 1113 1232 1144 statu
1271 1104 1384 1143 multi
1421 1105 1567 1143 abusus

171 1161 325 1211 aliaque
378 1174 498 1200 onera
544 1162 790 1211 irrepserunt,
837 1173 937 1210 quae
987 1159 1308 1199 emendationem
1351 1158 1564 1209 requirunt,

172 1217 217 1254 C.
251 1217 305 1253 M.
338 1215 388 1253 de
422 1214 680 1254 reformandis
715 1214 889 1253 ecclesiis
922 1222 960 1253 et
993 1213 1178 1253 tollendis
1213 1212 1441 1263 corruptelis
1476 1226 1566 1251 cum

172 1269 365 1307 Pontifice
386 1269 626 1315 deliberavit,
648 1282 694 1307 ac
721 1270 771 1307 de
796 1268 962 1307 consilio
989 1268 1168 1307 omnium
1199 1269 1439 1315 Electorum,
1463 1266 1567 1305 Prin-

170 1323 302 1372 cipum
329 1331 446 1373 atque
478 1323 674 1362 Ordinum
700 1322 738 1360 in
769 1322 951 1362 Comitiis
978 1321 1218 1372 Augustanis
1243 1329 1565 1371 congregatorum

171 1377 355 1423 decrevit,
386 1378 493 1427 apud
526 1376 771 1426 praedictum
809 1376 1054 1422 Pontificem,
1093 1375 1337 1415 Christianos
1369 1377 1498 1425 Reges
1528 1383 1565 1413 et

171 1430 267 1468 alios
292 1433 487 1480 Dynastas
508 1444 668 1480 operam
697 1431 789 1468 dare
812 1438 852 1468 ut
872 1431 1053 1480 generale
1080 1437 1118 1468 et
1146 1429 1313 1468 liberum
1339 1428 1565 1468 Concilium

171 1485 270 1522 intra
292 1493 479 1523 semestre
505 1493 660 1534 tempus
688 1492 776 1534 post
804 1485 924 1522 finem
953 1483 1215 1523 Comitiorum
1245 1483 1282 1521 in
1305 1482 1567 1529 locoiidoneo

171 1539 442 1586 denuncietur,
472 1546 509 1576 et
541 1538 640 1576 intra
669 1551 845 1576 annuum
876 1537 1056 1588 spatium,
1086 1545 1174 1587 post
1201 1538 1312 1576 datas
1340 1536 1566 1575 indictionis

170 1593 326 1640 litteras,
350 1592 567 1639 inchoetur,
592 1592 812 1631 indubitata
843 1606 911 1641 spe
940 1592 1035 1630 illud
1063 1591 1224 1629 unicum
1245 1592 1326 1629 fore
1347 1590 1563 1629 remedium

171 1660 238 1696 per
259 1648 368 1697 quod
382 1647 629 1686 Christianae
651 1646 827 1684 societati
850 1655 928 1684 tam
952 1645 990 1683 in
1012 1645 1284 1684 ecclesiasticis
1305 1652 1342 1683 et
1364 1644 1567 1694 spirituali-

173 1702 244 1739 bus
270 1714 387 1751 quam
420 1701 458 1738 in
489 1700 659 1750 politicis
688 1708 726 1738 et
753 1699 932 1738 civilibus
962 1699 1127 1749 negotiis
1152 1699 1310 1749 publica
1341 1712 1415 1749 pax
1449 1706 1566 1748 atque

173 1754 431 1805 tranquillitas
453 1754 600 1793 restitui
624 1763 661 1793 ct
684 1754 903 1793 conservari
926 1754 1058 1804 possit.

792 1860 945 1896 XXXV

533 1935 932 1973 PROTESTANTS
966 1935 1025 1972 IN
1056 1934 1211 1972 ARMS

219 2012 299 2045 The
319 2011 500 2054 Emperor
519 2010 715 2054 publislied
739 2010 800 2044 the
826 2011 966 2045 Recess
989 2009 1028 2043 of
1050 2009 1250 2052 Augsburg
1271 2017 1312 2051 19
1331 2009 1429 2042 Nov.
1453 2015 1566 2051 153o;

171 2059 245 2093 and
265 2059 326 2092 the
342 2059 569 2091 Protestants
588 2057 661 2091 had
682 2068 763 2090 now
779 2063 816 2091 to
835 2057 913 2091 sace
932 2056 979 2090 its
998 2057 1138 2091 threats
1153 2062 1217 2090 not
1239 2056 1325 2100 only
1343 2055 1381 2089 of
1396 2055 1566 2089 coercion

170 2106 219 2150 by
248 2105 346 2139 force
377 2104 416 2138 of
447 2115 544 2138 arms
573 2103 666 2138 after
698 2112 735 2147 15
767 2104 871 2148 April
903 2112 1003 2148 1331,
1028 2104 1091 2137 but
1118 2103 1159 2137 of
1182 2102 1425 2148 proceedings
1452 2108 1491 2136 to
1519 2101 1565 2136 be

170 2153 281 2187 taken
308 2151 451 2195 against
478 2151 578 2185 them
606 2150 642 2184 in
669 2151 731 2184 the
761 2150 932 2195 Imperial
962 2150 1150 2185 Chamber
1176 2150 1338 2191 (Ranke‚
1363 2149 1444 2194 Res.
1468 2147 1565 2192 631).

171 2201 277 2243 They
296 2199 370 2233 had
401 2199 479 2232 also
507 2204 543 2232 to
572 2197 649 2232 sear
674 2197 737 2231 the
763 2197 919 2231 election
943 2198 984 2232 of
1006 2196 1220 2231 Ferdinand
1244 2208 1286 2230 as
1314 2196 1414 2239 King
1440 2195 1482 2230 of
1501 2195 1565 2229 the

172 2248 350 2281 Romans.
401 2246 458 2279 To
485 2245 557 2279 this
577 2245 639 2278 the
658 2245 808 2278 Elector
831 2245 927 2288 John
956 2244 1031 2278 and
1055 2244 1162 2278 other
1185 2242 1330 2287 princes
1351 2242 1563 2277 assembled

170 2301 207 2328 at
234 2292 535 2334 Schmalkalden,
559 2291 764 2326 Christmas
793 2300 892 2334 1530,
917 2290 1097 2335 objected.
1151 2291 1221 2323 But
1250 2289 1462 2324 Ferdinand
1490 2301 1563 2323 was

170 2341 323 2382 elected,
345 2349 360 2384 5
388 2341 469 2383 Jan.
494 2347 592 2383 1531.
643 2339 691 2372 At
711 2349 733 2372 a
751 2338 890 2372 second
909 2337 1082 2381 meeting‚
1103 2345 1144 2378 27
1173 2337 1272 2377 Feb„
1290 2337 1376 2380 they
1393 2336 1564 2380 formally

171 2387 375 2422 concluded
404 2386 490 2430 [No.
524 2386 602 2431 124]
631 2386 698 2421 the
725 2385 1031 2420 Schmalkaldic
1065 2384 1223 2427 League
1251 2383 1562 2426 (Winckelmann,

564 2460 569 2478 ¹
597 2461 666 2491 'l'he
684 2461 792 2491 buiss.
812 2471 847 2489 or
866 2467 871 2474 ¹
887 2459 1159 2490 sacrauit—marie>
1174 2457 1190 2489 “.
