1715 2780
147 83 195 118 18
648 75 914 124 CAJETAN‚
951 74 1050 123 1518
1500 84 1548 120 39

149 181 347 232 sacrisque
373 178 592 219 canonibus
620 176 775 228 probari
802 182 942 226 potest,
973 182 1014 213 ut
1039 174 1079 213 in
1109 175 1209 213 libro
1243 174 1549 212 Resolutionum

150 249 326 275 mearum
347 233 469 274 videri
489 240 629 283 potest.

205 289 361 329 Idcirco
398 302 421 326 a
458 288 633 338 praefato
664 287 699 324 S.
739 286 787 322 D.
821 286 870 322 N.
904 286 1020 334 Papa,
1054 296 1135 321 non
1180 283 1282 320 bene
1326 283 1549 328 informato,

150 344 314 394 eiusque
351 349 558 394 praetensa
591 338 883 385 commissione,
917 369 923 376 .
957 368 964 376 .
996 368 1003 375 .
1036 338 1087 376 ad
1122 338 1158 375 S.
1186 338 1234 374 D.
1271 337 1320 374 N.
1359 338 1548 381 Leonem,

150 397 282 437 divina
302 395 550 448 providentia
571 397 719 445 Papam
740 395 777 431 X
798 394 938 431 melius
963 392 1257 430 informandum
1280 404 1452 440 provoco
1470 421 1476 427 .
1499 421 1504 426 .
1524 419 1532 427 .

835 522 871 557 X

760 602 870 641 LEO
910 604 947 639 X

199 676 349 721 Shortly
366 676 458 711 after
481 673 650 710 Luther’s
676 679 799 708 return
827 678 865 706 to
888 671 1131 715 Wittenberg,
1156 672 1230 705 Leo
1259 672 1306 714 X,
1331 670 1554 714 addressing

154 725 321 769 Cajetan,
363 722 573 758 reaffirmed
615 721 678 755 the
720 726 865 754 current
916 719 1083 753 doctrine
1135 718 1176 752 of
1217 718 1473 761 Indulgences‚
1505 717 1553 759 in,

151 782 173 816 9
200 773 296 806 Nov.
326 772 415 815 1518
443 769 532 815 [No.
554 768 623 813 19],
648 768 719 803 the
744 768 839 801 Bull
864 766 984 801 ‘Cum
1012 768 1233 810 postquam
1249 766 1256 778 ⁹
1283 764 1462 809 (Lullzeri
1486 765 1554 809 Op.

151 820 235 854 Lat.
257 819 291 853 ii.
308 828 378 863 429
397 828 497 863 sqq.;
528 816 725 859 Loescher,
744 814 779 848 ii.
798 823 868 858 494
888 814 969 859 sq).

307 899 396 942 No.
426 909 491 950 19.
550 895 659 939 The
691 895 803 937 Bull
832 894 843 914 ‘
862 892 991 936 Cum
1021 890 1324 947 postquam'
1358 892 1415 934 of

687 965 717 1006 9
749 953 876 995 Nov.
909 953 1018 1005 1518.

208 1045 324 1091 Cum,
356 1050 565 1092 postquam
597 1039 899 1090 circumspectio
928 1047 994 1077 tua
1014 1039 1269 1077 Germaniam
1299 1037 1552 1087 applicuerat,

153 1099 205 1137 ad
231 1111 342 1136 aures
370 1104 522 1135 nostras
549 1094 790 1146 pervenisset
810 1095 919 1143 quod
940 1092 1121 1131 nonnulli
1150 1092 1336 1142 Religiosi
1360 1123 1366 1129 .
1387 1122 1393 1129 .
1416 1105 1555 1141 ,super

155 1151 417 1202 Indulgentiis
451 1164 473 1189 a
503 1149 618 1188 nobis
651 1156 689 1188 et
720 1148 913 1186 Romanis
944 1146 1214 1193 Pontificibus,
1249 1144 1556 1195 praedecessori-

155 1207 228 1245 bus
250 1206 391 1245 nostris
413 1236 420 1243 .
445 1235 452 1243 .
477 1236 483 1242 .
508 1203 675 1243 concedi
700 1202 834 1249 solitis,
858 1201 1016 1251 publice
1044 1200 1311 1251 praedicando
1340 1201 1553 1238 multorum

154 1260 339 1300 cordibus
378 1259 646 1309 imprimerent
681 1270 840 1302 errores,
880 1256 1000 1305 idque
1030 1254 1145 1293 nobis
1185 1254 1399 1304 intelligere
1439 1252 1555 1291 nimis

154 1328 270 1365 grave
299 1322 336 1353 et
365 1315 576 1352 molestum
608 1319 719 1357 esset,
743 1310 827 1349 aliis
849 1309 990 1349 nostris
1020 1309 1139 1348 literis
1166 1309 1296 1347 eidem
1321 1309 1556 1357 circumspe-

157 1368 278 1408 ctioni
299 1376 389 1407 tuae
412 1399 418 1406 .
445 1398 452 1405 .
475 1399 481 1406 .
505 1365 778 1405 commisimus
800 1373 841 1403 ut
863 1364 1094 1403 auctoritate
1116 1371 1249 1401 nostra
1269 1361 1555 1413 approbatione

156 1423 275 1474 digna
294 1422 543 1473 approbares,
566 1434 612 1459 ea
632 1434 723 1459 vero
745 1432 846 1469 quae
867 1418 996 1456 minus
1019 1426 1122 1456 recte
1143 1417 1250 1456 dicta
1270 1424 1412 1462 essent,
1436 1416 1555 1454 etiam

156 1491 225 1527 per
253 1490 321 1516 eos
348 1477 415 1527 qui
447 1478 653 1514 Romanae
687 1473 888 1512 Ecclesiae
917 1472 1139 1511 doctrinam
1175 1485 1215 1509 se
1255 1470 1364 1521 sequi
1400 1477 1555 1520 paratos

156 1539 386 1578 assererent,
406 1530 614 1580 reprobare
635 1536 673 1567 et
694 1530 881 1566 damnare
903 1540 1067 1565 curares.

213 1587 263 1624 Et
283 1599 334 1624 ne
354 1586 404 1624 de
424 1592 579 1623 caetero
604 1582 811 1633 quisquam
842 1581 1100 1632 ignorantiam
1122 1579 1325 1618 doctrinae
1350 1580 1556 1616 Romanae

160 1639 360 1679 Ecclesiae
390 1638 492 1677 circa
521 1636 749 1675 huiusmodi
782 1636 1054 1686 Indulgentias
1088 1643 1125 1673 et
1157 1634 1309 1671 illarum
1340 1632 1554 1671 efficaciam

158 1695 333 1744 allegare,
355 1701 423 1731 aut
450 1691 691 1743 ignorantiae
719 1689 947 1728 huiusmodi
976 1696 1177 1738 praetextu
1202 1701 1242 1725 se
1270 1700 1465 1732 excusare,
1489 1694 1557 1723 aut

158 1747 439 1799 protestatione
460 1747 631 1784 conficta
644 1759 685 1783 se
702 1744 843 1790 iuvare,
863 1745 932 1782 sed
954 1751 995 1781 ut
1017 1742 1089 1792 ipsi
1104 1743 1154 1780 de
1176 1740 1331 1779 notorio
1349 1740 1557 1778 mendacio

158 1810 200 1840 ut
234 1801 450 1852 culpabiles
483 1799 665 1838 convinci
697 1806 735 1837 et
767 1798 905 1836 merito
940 1796 1129 1843 damnari,
1160 1795 1321 1846 possint,
1354 1808 1422 1845 per
1452 1808 1558 1844 prae-

159 1864 289 1895 sentes
310 1855 381 1894 tibi
402 1854 704 1905 significandum
725 1853 908 1891 duximus
936 1853 1160 1889 Romanam
1183 1849 1414 1896 Ecclesiam,
1437 1862 1557 1898 quam

159 1910 332 1960 reliquae
352 1917 539 1959 tanquam
563 1915 727 1946 matrem
747 1906 858 1956 sequi
879 1913 1072 1952 tenentur,
1094 1904 1311 1951 tradidisse,
1332 1905 1556 1941 Romanam

162 1964 407 2012 Pontificem,
444 1962 547 2001 Petri
585 1962 779 2011 Clavigeri
818 1973 1084 1999 successorem
1125 1966 1163 1997 et
1202 1960 1293 1996 Iesu
1332 1956 1476 1996 Christi
1518 1956 1556 1994 in

161 2018 269 2057 terris
290 2017 502 2065 Vicarium,
526 2023 719 2066 potestate
739 2014 907 2053 clavium
931 2014 1112 2064 (quarum
1135 2020 1193 2051 est
1211 2011 1359 2062 aperire
1380 2012 1557 2049 tollendo

161 2072 262 2111 illius
301 2072 341 2110 in
381 2071 526 2111 Christi
566 2071 748 2109 fidelibus
788 2068 1085 2118 impedimenta,
1125 2068 1281 2117 culpam
1328 2065 1477 2103 scilicet
1519 2072 1557 2103 et

163 2139 332 2177 poenam
376 2139 447 2176 pro
490 2124 709 2163 actualibus
749 2124 920 2174 peccatis
969 2122 1157 2168 debitam,
1198 2122 1355 2170 culpam
1395 2118 1557 2169 quidem

164 2180 362 2219 mediante
390 2187 635 2218 sacramento
665 2176 941 2228 poenitentiae,
971 2189 1140 2225 poenam
1175 2188 1267 2213 vero
1300 2174 1556 2223 temporalem

164 2247 233 2284 pro
258 2234 477 2273 actualibus
506 2232 677 2282 peccatis
708 2232 926 2270 secundum
955 2229 1128 2268 divinam
1154 2227 1340 2267 iustitiam
1368 2227 1554 2273 debitam,

165 2288 363 2327 mediante
397 2286 663 2326 ecclesiastica
698 2284 969 2335 Indulgentia)
1001 2298 1117 2334 posse
1151 2296 1220 2332 pro
1260 2281 1557 2320 rationabilibus

165 2343 291 2381 causis
311 2343 530 2381 concedere
547 2342 696 2379 eisdem
718 2339 863 2379 Christi
880 2339 1074 2383 fidelibus,
1090 2337 1169 2387 qui,
1184 2336 1343 2375 caritate
1359 2335 1556 2384 iungente‚

168 2396 343 2435 membra
365 2404 456 2434 sunt
482 2394 638 2441 Christi,
663 2393 743 2432 sive
772 2393 811 2431 in
839 2394 913 2430 hac
939 2391 1017 2430 vita
1044 2391 1120 2429 sint
1144 2391 1224 2429 sive
1250 2390 1288 2427 in
1318 2387 1555 2437 Purgatorio,

169 2450 438 2499 Indulgentias
467 2462 514 2488 ex
543 2446 905 2498 superabundantia
929 2446 1156 2484 meritorum
1179 2443 1323 2483 Christi
1345 2450 1381 2480 ct
1407 2450 1558 2479 sancto-
