1715 2780
107 91 178 127 166
435 91 554 128 THE
585 90 805 128 SPREAD
836 90 907 129 OF
939 89 1176 128 REFORM
1450 90 1503 137 76

102 206 219 244 opem
253 195 351 233 feras
384 194 570 233 omnibus
605 194 763 241 viribus,
797 193 897 232 sicut
932 192 1003 231 tibi
1038 193 1130 232 fecit
1160 192 1367 241 Christus,
1405 193 1502 233 dicit

101 247 234 298 itaque
257 249 342 288 Ioh.
366 263 398 287 x.
424 262 458 298 9,
484 250 592 299 ‘Ego
614 262 700 288 sum
723 247 892 295 ostium,'
914 249 985 286 &c.

157 304 272 342 Haec
299 310 357 342 est
385 302 608 342 Brismanni
636 302 806 342 haeresis
829 333 835 340 .
860 332 867 340 .
890 333 897 340 .
920 303 1062 341 fatetur
1088 308 1221 340 autem
1248 300 1289 340 in
1316 303 1391 341 hac
1417 301 1501 353 ipsa

101 356 295 396 concione
319 360 382 396 ‘se
409 371 477 408 per
500 371 626 396 annos
654 356 868 396 duodecim
890 355 929 394 in
959 354 1204 406 Theologiae
1234 355 1501 395 Scholasticae

101 410 190 450 rixis
211 412 437 450 demersum
460 411 675 461 Evangelio
697 413 951 450 vehementer
971 409 1169 458 restitisse,
1192 411 1322 449 donec
1347 409 1502 449 misera-

101 464 173 503 tori
197 467 285 504 Deo
306 467 505 517 placuerit,
529 474 570 504 ut
591 480 637 504 ex
659 466 946 516 sophismatum
967 477 1095 504 coeno
1115 463 1225 502 illum
1247 465 1457 504 educeret.'

141 582 230 625 No.
265 592 331 636 77.
384 582 490 625 The
522 582 858 636 proceedings
888 583 943 625 at
973 581 1300 635 Magdeburg‚
1332 590 1456 634 1524.

155 677 383 726 Supplenda
411 682 468 714 est
492 674 653 713 historia
674 676 723 714 de
744 674 1021 713 reformatione
1041 673 1307 724 amplissimae
1328 672 1434 712 urbis
1455 687 1502 712 ex

101 730 273 768 Archivo
297 729 534 768 Vinariensi.
557 760 563 767 .
588 760 595 767 .
621 759 628 767 .
659 729 776 769 Cives
801 730 837 767 d.
868 742 914 778 23
939 728 1043 767 Iunii
1074 728 1112 766 in
1143 728 1340 767 coenobio
1369 729 1502 778 Augu-

100 783 360 823 stinianorum
385 798 475 822 cum
506 791 657 834 septem
688 783 1035 822 concionatoribus
1060 781 1295 833 congregati,
1317 783 1501 821 articulos

101 838 262 877 Senatui
283 846 521 888 proponunt,
540 845 749 888 poscentes
770 836 1105 888 praedicationem
1123 836 1230 875 verbi
1253 836 1330 875 Dei
1350 836 1501 887 absque

99 892 376 931 traditionibus
415 892 624 931 hominum
663 900 701 930 et
740 891 976 930 commentis
1006 890 1193 938 rationis‚¹
1223 904 1338 929 usum
1370 903 1503 929 sacrae

100 946 262 986 Coenae
294 947 367 985 sub
399 947 590 996 utraque,1
621 946 883 985 cessationem
918 945 1097 984 sacrificii
1137 944 1357 992 Missatici,¹
1387 952 1426 984 et
1459 952 1502 983 ut

99 1001 378 1040 fundationum
399 1002 546 1039 reditus
575 1002 626 1039 ad
647 1000 837 1039 aerarium
859 999 1181 1046 ecclesiasticum,
1204 1000 1255 1038 ad
1276 1000 1501 1049 exemplum

100 1056 138 1092 N
142 1054 493 1105 orimbergensium
533 1054 832 1101 instituendum,
870 1055 1162 1104 deputarentur.
1223 1052 1502 1093 Sacerdotibus

98 1110 285 1148 alimenta
309 1111 360 1148 ad
388 1109 489 1147 vitae
516 1116 695 1159 tempora
722 1109 900 1156 offerunt,
925 1115 967 1146 ut
994 1115 1031 1147 et
1059 1107 1265 1147 monachis
1292 1107 1372 1158 qui,
1399 1109 1502 1146 facta

98 1163 271 1203 abeundi
301 1171 507 1214 potestate
539 1176 697 1201 manere
727 1171 859 1201 tamen
890 1161 1023 1210 velint,
1055 1163 1125 1201 sed
1154 1162 1208 1201 ita
1237 1170 1279 1200 ut
1306 1169 1433 1201 vestes
1463 1170 1502 1200 et

99 1217 339 1278 hypocritica
387 1226 540 1257 caetera
579 1219 836 1268 deponerent,
877 1225 915 1255 et
953 1216 993 1254 in
1034 1216 1274 1278 Evangelica
1321 1215 1501 1255 doctrina

99 1271 236 1310 instrui
275 1286 315 1311 se
355 1280 590 1332 paterentur
652 1271 908 1310 Matrimonia
946 1270 1119 1321 permitti
1148 1271 1350 1322 postulant
1378 1270 1424 1309 iis
1454 1284 1501 1309 ex

99 1327 203 1364 clero
242 1326 309 1376 qui
348 1326 632 1365 continentiam
673 1339 824 1365 servare
867 1339 948 1364 non
996 1324 1159 1376 possint,
1201 1338 1335 1375 omnia
1373 1324 1500 1363 officia

99 1380 307 1430 pastoralia
326 1381 443 1430 gratis
468 1379 641 1430 expediri
662 1382 810 1427 volunt,
834 1387 872 1418 et
900 1379 1105 1419 mendicos
1134 1386 1339 1418 extraneos
1365 1378 1497 1418 arceri.

99 1437 265 1473 Senatus
286 1434 359 1473 ista
380 1434 514 1473 omnia
533 1434 703 1482 admisit,
728 1434 928 1485 missoque
950 1436 1111 1485 Legato,
1139 1434 1307 1472 Nicolao
1329 1433 1501 1472 Sturmio

98 1490 271 1536 consule,
295 1496 332 1527 et
362 1489 536 1539 quodam
567 1496 758 1535 senatore,
780 1489 926 1527 litteras
956 1490 993 1528 d.
1020 1502 1067 1538 23
1091 1487 1182 1527 Iulii
1201 1488 1253 1526 ad
1275 1489 1499 1526 Electorem

98 1543 262 1593 scripsit,
294 1556 391 1593 quas
420 1543 473 1581 ita
503 1542 700 1582 exorditur
717 1546 791 1580 2--‘
810 1543 1005 1582 Invictum
1036 1550 1074 1581 et
1103 1550 1306 1581 aeternum
1336 1542 1499 1581 verbum

99 1597 256 1644 Christi,
288 1598 395 1647 quod
427 1598 632 1647 hucusque
663 1598 802 1636 umbra
832 1597 951 1636 veluti
991 1598 1246 1636 obscuratum
1278 1596 1360 1644 fuit,
1393 1609 1500 1634 nunc

99 1653 180 1690 sole
202 1651 342 1690 clarius
364 1653 464 1702 (laus
486 1651 533 1690 sit
557 1652 662 1699 Deo>
684 1653 734 1690 ad
765 1653 931 1690 salutem
951 1659 989 1690 et
1019 1651 1201 1690 solatium
1233 1658 1499 1701 peccatorum,

98 1707 148 1744 ad
169 1707 389 1744 animarum
410 1706 636 1744 felicitatem
665 1713 703 1744 et
734 1705 1011 1756 sempiternam
1034 1705 1197 1756 gloriam
1220 1704 1307 1754 Dei,
1331 1704 1501 1743 maxime

100 1761 138 1796 in
160 1760 256 1798 urbe
285 1760 542 1803 Celsitudinis
564 1762 675 1798 Tuae
698 1759 929 1798 Electoralis
950 1760 1232 1810 Wittenberga,
1256 1773 1302 1798 ex
1323 1760 1501 1810 omnipo·
1533 1795 1536 1797 ,

99 1815 216 1852 tentis
250 1814 324 1852 Dei
355 1814 494 1852 virtute
524 1822 563 1852 et
592 1814 765 1852 efficacia
795 1821 973 1853 exortum
1004 1822 1061 1853 est
1083 1822 1120 1852 et
1150 1827 1246 1864 pure
1275 1827 1321 1852 ac
1352 1813 1502 1863 liquide

99 1869 451 1916 praedicatur,⁷&c.
511 1870 679 1906 Narrant
699 1868 804 1915 inde,
827 1876 868 1906 ut
889 1867 1117 1918 parochiani
1137 1869 1188 1906 ad
1212 1870 1258 1906 D.
1274 1867 1411 1914 Ulrici‚
1434 1867 1503 1905 im-

102 1935 167 1960 mo
183 1929 265 1959 tota
281 1921 427 1968 civitas,
446 1935 628 1972 magnam
650 1922 835 1960 fiduciam
857 1923 907 1960 de
924 1924 969 1961 L.
985 1922 1154 1960 Nicolao
1167 1922 1395 1960 Amsdorfio
1411 1934 1502 1959 con-

101 1975 286 2025 ceperint,
309 1984 346 2014 et
370 1989 438 2026 per
464 1975 574 2014 illum
603 1976 724 2026 magis
753 1975 956 2026 magisque
983 1975 1141 2015 edoceri
1168 1983 1206 2015 et
1230 1974 1436 2014 salubriter
1459 1989 1501 2014 se

101 2029 208 2080 pasci
230 2043 345 2080 posse
366 2037 522 2079 sperent
539 2044 547 2077 ς
576 2037 715 2079 petunt
737 2030 850 2080 igitur
870 2030 924 2068 illi
946 2029 1128 2080 permitti,
1151 2037 1193 2068 ut
1213 2031 1274 2068 vel
1295 2042 1376 2069 uno
1396 2042 1502 2068 anno

101 2083 265 2123 verbum
288 2083 363 2122 Dei
380 2085 486 2134 apud
507 2097 548 2122 se
564 2085 707 2122 docere
724 2092 761 2122 et
782 2083 944 2122 caeteris
961 2083 1307 2123 concionatoribus
1323 2096 1503 2134 praeesse

101 2138 236 2188 possit,
258 2139 327 2177 sed
358 2145 396 2176 et
426 2146 468 2176 ut
497 2137 645 2177 reditus
675 2137 715 2176 in
740 2139 945 2188 collegiata
969 2137 1300 2188 Wittenbergensi
1325 2137 1505 2177 Ecclesia

101 2191 277 2231 retineat.
338 2193 497 2231 Elector
518 2192 658 2230 missos
679 2205 725 2230 ex
753 2194 899 2231 Senatu
921 2200 959 2230 et
979 2205 1001 2230 a
1022 2191 1270 2241 parochianis
1299 2191 1383 2242 ipse
1408 2199 1503 2230 tunc

102 2259 184 2285 non
203 2246 363 2293 audivit,
387 2259 576 2285 excusans
598 2247 705 2296 quod
728 2245 863 2296 Legati
887 2246 1126 2284 Ferdinandi
1148 2245 1268 2296 Regis
1295 2247 1502 2284 adessent:

101 2308 337 2351 potestatem
359 2308 492 2339 tamen
515 2301 833 2350 Magdeburgum
855 2313 940 2339 sese
961 2301 1191 2339 conferendi
1213 2300 1441 2339 Amsdorfio
1461 2299 1502 2339 id

147 2385 157 2405 ¹
184 2386 276 2418 With
307 2386 395 2418 these
427 2396 579 2427 compare
611 2386 666 2418 the
698 2385 765 2417 first
798 2386 889 2417 three
920 2386 1052 2418 articles
1082 2386 1118 2417 of
1145 2386 1199 2417 the
1225 2385 1443 2427 parishioners
1469 2383 1507 2416 os

102 2432 148 2461 St.
164 2431 251 2471 John
267 2431 332 2462 and
348 2430 528 2469 St.Ulrieh,
547 2430 672 2471 14July
687 2439 780 2472 1524,
794 2430 920 2471 printed
944 2430 995 2470 (cf.
1010 2430 1138 2470 Ranke,
1153 2429 1226 2471 Reff.
1242 2429 1321 2470 666)
1339 2430 1373 2461 in
1388 2429 1501 2469 Hahn,

105 2475 252 2506 Colla-(io
270 2475 579 2512 Alomtmenlorum,
597 2474 630 2505 ii.
651 2473 691 2514 46
697 2484 713 2514 3
732 2484 779 2515 sq.
