1715 2780
169 135 235 174 116
427 133 546 171 THE
578 131 716 169 DIET
745 131 817 169 OF
846 130 1166 177 AUGSBURG,
1204 143 1302 180 1530
1490 144 1561 182 275

169 242 341 276 servatur
369 235 476 286 apud
506 248 578 274 nos
610 248 687 273 una
716 232 939 273 communis
971 233 1088 271 missa
1118 233 1279 284 singulis
1311 234 1415 274 feriis
1445 242 1564 286 atque

169 289 254 330 aliis
281 289 400 330 etiam
421 289 574 338 diebus,
601 288 632 327 si
659 289 726 339 qui
754 295 1001 327 sacramento
1028 287 1149 326 velint
1172 288 1239 335 uti,
1262 288 1330 327 ubi
1358 289 1566 339 porrigitur

170 350 460 384 sacramentum
499 343 559 381 his
594 343 661 393 qui
699 349 851 393 petunt.
912 343 1055 392 Neque
1094 341 1158 379 hic
1191 354 1278 380 mos
1317 342 1357 381 in
1396 344 1564 382 ecclesia

169 411 295 438 novus
311 405 381 437 est.
428 399 533 436 Nam
547 404 696 436 veteres
711 404 803 435 ante
816 397 1048 446 Gregorium
1064 409 1145 434 non
1159 397 1307 435 faciunt
1320 397 1564 436 mentionem

169 453 342 504 privatae
379 451 546 490 missae:
589 452 639 490 de
677 452 879 489 communi
925 451 1042 489 missa
1086 449 1299 500 plurimum
1338 452 1564 501 loquuntur.

174 518 232 557 15.
265 507 571 556 Chrysostomus
601 505 677 543 ait:
711 506 989 543 ‘Sacerdotem
1020 504 1198 554 quotidie
1228 512 1328 543 stare
1356 507 1407 544 ad
1432 507 1564 551 altare,

171 567 209 599 et
241 559 339 599 alios
370 561 422 598 ad
459 559 785 598 communionem
818 571 1028 605 accersere,
1064 558 1161 596 alios
1199 560 1355 597 arcere.y
1430 561 1482 598 Et
1520 573 1566 599 ex

170 613 402 654 Canonibus
423 613 619 653 veteribus
639 620 799 663 apparet
820 626 943 651 unum
964 612 1136 662 aliquem
1153 613 1373 652 celebrasse
1393 613 1564 658 missam,

170 681 194 706 a
213 681 292 718 quo
313 667 451 718 reliqui
472 666 687 718 presbyteri
708 675 746 705 et
766 666 923 705 diaconi
945 674 1196 716 sumpserunt
1221 680 1361 717 corpus
1390 668 1565 706 Domini.

171 721 234 761 Sic
248 721 354 761 enim
375 728 517 760 sonant
532 722 651 760 verba
667 720 830 759 canonis
846 719 939 773 [18]
957 720 1123 759 Nicaeni
1140 736 1146 759 ι
1172 720 1396 771 ‘Accipiant
1409 722 1567 761 diaconi

171 777 390 815 secundum
410 775 590 814 ordinem
611 782 700 825 post
721 775 967 824 presbyteros
994 774 1045 812 ab
1075 774 1262 825 episcopo
1283 776 1344 813 vel
1369 789 1392 813 a
1412 777 1568 826 presby-

171 837 253 869 tero
273 843 422 869 sacram
438 829 788 868 communionem?
846 830 897 867 Et
918 830 1062 866 Paulus
1083 829 1134 866 de
1155 829 1438 869 communione
1458 830 1567 869 iubet

172 891 215 922 ut
233 883 299 923 alii
317 884 414 923 alios
428 891 666 934 exspectent,
688 891 731 922 ut
751 884 817 921 fiat
837 882 1060 922 communis
1082 882 1338 932 participatio.

230 941 288 976 16.
319 940 534 988 Postquam
582 937 696 988 igitur
738 937 857 975 missa
907 938 1014 987 apud
1059 949 1131 975 nos
1181 937 1300 976 habet
1342 941 1566 988 exemplum

172 991 372 1040 ecclesiae,
395 1005 441 1031 ex
467 993 666 1042 Scriptura
692 998 730 1030 et
757 991 948 1039 Patribus,
978 990 1216 1029 confidimus
1243 990 1456 1041 improbari
1480 1006 1568 1032 eam

172 1059 254 1085 non
274 1059 401 1096 posse,
424 1045 593 1084 maxime
613 1059 736 1096 quum
758 1045 939 1095 publicae
955 1044 1203 1084 ceremoniae
1231 1058 1372 1095 magna
1392 1059 1439 1085 ex
1459 1055 1568 1097 parte

173 1099 318 1138 similes
363 1099 515 1139 usitatis
565 1106 766 1139 serventur
780 1114 790 1147 3
837 1106 989 1138 tantum
1022 1112 1209 1137 numerus
1254 1099 1459 1139 missarum
1510 1110 1568 1140 est

173 1153 384 1201 dissimilis,
417 1166 536 1204 quem
564 1160 722 1204 propter
749 1153 940 1192 maximos
967 1161 1005 1192 et
1036 1152 1264 1191 manifestos
1294 1154 1440 1192 abusus
1464 1163 1568 1194 certe

174 1207 367 1247 moderari
405 1209 620 1258 prodesset.
683 1220 742 1256 17.
775 1208 879 1246 Nam
918 1208 1013 1246 olim
1051 1206 1169 1246 etiam
1215 1208 1254 1245 in
1297 1208 1472 1247 ecclesiis
1501 1210 1569 1248 fre-

175 1261 443 1311 quentissimis
471 1275 552 1300 non
584 1261 703 1301 fiebat
735 1261 914 1311 quotidie
951 1261 1081 1307 missa,
1118 1268 1160 1299 ut
1190 1268 1352 1300 testatur
1391 1262 1570 1302 Historia

173 1315 383 1365 Tripartita
414 1315 480 1354 lib.
512 1317 583 1362 IX,
614 1329 698 1366 cap.
726 1316 979 1354 XXXVIII:
1026 1316 1202 1353 ‘Rursus
1240 1322 1372 1354 autem
1407 1315 1448 1354 in
1481 1318 1570 1356 Ale-

174 1369 335 1408 xandria
351 1376 488 1419 quarta
504 1377 542 1408 et
556 1376 663 1409 sexta
679 1370 772 1408 feria
785 1368 1006 1419 Scripturae
1019 1370 1212 1418 leguntur,
1228 1381 1373 1420 easque
1386 1371 1569 1410 doctores

174 1423 486 1474 interpretantur,
533 1431 571 1462 et
617 1424 751 1462 onmia
789 1424 887 1462 fiunt
924 1430 1076 1474 praeter
1114 1424 1319 1462 solennem
1359 1424 1570 1464 oblationis

175 1477 372 1517 morem.'¹

610 1533 680 1570 IV.
738 1533 803 1570 DE
833 1543 1129 1571 CONFESSIONE.

229 1595 438 1635 Confessio
457 1595 498 1634 in
519 1595 693 1635 ecclesiis
714 1598 821 1646 apud
851 1609 924 1635 nos
946 1609 1027 1635 non
1048 1604 1106 1635 est
1132 1597 1292 1636 abolita.
1350 1598 1443 1636 Non
1465 1599 1570 1636 enim

177 1650 275 1688 solet
301 1649 443 1700 porrigi
470 1663 611 1700 corpus
638 1650 802 1688 Domini
823 1650 896 1688 nisi
922 1658 1040 1689 antea
1067 1652 1274 1701 exploratis
1303 1658 1341 1690 et
1367 1651 1570 1689 absolutis.

177 1704 228 1741 Et
248 1704 413 1742 docetur
433 1705 602 1754 populus
623 1704 919 1754 diligentissime
949 1705 999 1742 de
1029 1705 1107 1743 fide
1137 1706 1393 1751 absolutionis,
1423 1706 1474 1743 de
1495 1718 1572 1755 qua

176 1764 268 1795 ante
281 1758 379 1796 haec
392 1764 570 1807 tempora
584 1771 770 1807 magnum
787 1766 868 1796 erat
889 1757 1100 1796 silentium.
1151 1760 1355 1797 Docentur
1376 1759 1569 1805 homines,

177 1817 220 1848 ut
242 1810 533 1849 absolutionem
558 1811 713 1860 plurimi
744 1811 898 1858 faciant,
931 1813 1023 1861 quia
1050 1813 1098 1850 sit
1125 1825 1198 1850 vox
1222 1813 1297 1851 Dei
1325 1820 1362 1851 et
1385 1814 1573 1851 mandato

181 1863 256 1903 Dei
285 1864 570 1915 pronuntietur.
632 1879 665 1903 2.
696 1865 868 1904 Ornatur
883 1871 1053 1915 potestas
1078 1867 1253 1913 clavium,
1277 1874 1315 1905 et
1332 1879 1573 1905 commemo-

179 1925 294 1965 ratur,
344 1926 533 1968 quantam
581 1919 895 1957 consolationem
953 1921 1087 1958 afferat
1142 1920 1426 1970 perterrefactis
1482 1934 1573 1958 con-

179 1971 362 2019 scientiis,
402 1979 440 2010 et
475 1973 584 2023 quod
622 1972 791 2022 requirat
833 1974 942 2012 Deus
978 1974 1110 2021 fidem,
1153 1982 1194 2012 ut
1233 1974 1286 2012 illi
1331 1974 1573 2013 absolutioni

179 2032 381 2076 tamquam
395 2027 482 2065 voci
498 2027 549 2065 de
568 2028 682 2065 coelo
702 2027 858 2065 sonanti
872 2029 1090 2074 credamus,
1106 2035 1143 2066 et
1159 2029 1268 2077 quod
1283 2028 1347 2066 illa
1368 2029 1466 2067 fides
1483 2040 1574 2066 vere

180 2087 442 2129 consequatur
480 2088 518 2119 et
548 2080 714 2130 accipiat
748 2081 1019 2120 remissionem
1054 2089 1319 2131 peccatorum.
1377 2096 1412 2131 3.
1446 2084 1573 2120 Antea

181 2131 393 2172 immodice
422 2135 709 2172 extollebantur
735 2134 1045 2174 satisfactiones:
1085 2137 1177 2174 fidei
1207 2143 1244 2174 et
1272 2137 1398 2174 meriti
1427 2135 1575 2174 Christi

181 2198 226 2223 ac
264 2185 434 2225 iustitiae
467 2187 558 2226 fidei
592 2189 700 2226 nulla
738 2188 857 2227 fiebat
896 2188 1058 2227 mentio.
1116 2190 1250 2238 Quare
1282 2190 1322 2227 in
1353 2190 1427 2227 hac
1466 2197 1574 2238 parte

182 2239 344 2279 minime
382 2249 472 2279 sunt
510 2243 730 2292 culpandae
764 2242 953 2281 ecclesiae
985 2249 1152 2281 nostrae.
1212 2244 1317 2281 Nam
1344 2244 1422 2281 hoc
1455 2242 1570 2280 etiam

181 2293 389 2332 adversarii
409 2294 578 2334 tribuere
591 2296 707 2334 nobis
728 2303 931 2345 coguntur,
955 2298 1064 2346 quod
1083 2298 1255 2335 doctrina
1275 2299 1319 2335 de
1336 2297 1573 2346 poenitemca

182 2345 480 2396 diligentissime
499 2362 522 2386 a
542 2349 683 2387 nostris
699 2356 862 2388 tractata
881 2362 928 2388 ac
948 2351 1143 2400 patefacta
1163 2350 1223 2388 sit.

236 2413 272 2446 4.
302 2402 380 2439 Sed
414 2402 464 2440 de
491 2402 714 2451 confessione
741 2404 899 2450 docent,
931 2405 1040 2453 quod
1070 2406 1314 2442 enumeratio
1340 2403 1574 2441 delictorum

184 2464 264 2490 non
305 2455 353 2492 sit
397 2455 626 2504 necessaria,
670 2469 744 2495 nec
786 2457 863 2496 sint
908 2459 1134 2496 onerandae
1178 2456 1444 2495 conscientiae
1483 2469 1574 2494 cura

229 2527 238 2544 ¹
262 2528 307 2559 M.
340 2530 465 2561 Aurelii
498 2531 686 2562 Cassiodori
718 2531 927 2572 [468-†575]
960 2533 1050 2563 llz'sl.
1093 2532 1241 2572 Trz‘parl.
1278 2532 1319 2562 ix.
1357 2532 1396 2570 38
1434 2531 1576 2572 (Migne,

185 2570 370 2612 Patrologia
388 2574 514 2605 Latina
530 2574 604 2605 lxix.
626 2584 705 2615 1155
719 2575 767 2615 D>

844 2630 868 2655 T
892 2631 910 2655 2
