1715 2780
127 118 211 156 286
268 116 453 156 FAREL
482 116 601 154 AND
633 115 845 154 CALVIN
876 115 938 153 IN
969 115 1212 163 GENEVA,
1239 115 1390 165 1536-8
1449 118 1524 165 569

126 221 181 260 illi
200 219 472 272 gratificemur‚
495 232 614 269 quam
635 232 737 269 quae
752 217 830 257 illic
842 218 958 257 nobis
975 217 1280 264 commendavit,
1299 224 1341 256 ut
1357 217 1525 256 habetur

129 275 257 315 Exod.
277 288 336 312 xx.
361 287 380 311 2
403 287 521 324 sqq.

181 328 241 381 (5)
270 330 398 368 Homo
426 329 468 366 in
494 341 530 365 se
552 328 770 365 damnatus.
776 328 965 376 —Quum
988 327 1110 365 homo
1131 327 1194 373 ita,
1218 333 1260 364 ut
1280 326 1429 364 dictum
1453 333 1522 373 est,

127 382 276 422 lumine
304 395 351 421 ac
379 381 526 441 iustitia
557 382 632 420 Dei
662 381 819 432 penitus
848 381 898 419 sit
924 387 1064 419 natura
1093 393 1251 427 vacuus,
1288 379 1386 418 nihil
1413 379 1452 417 in
1483 392 1525 418 se

127 436 214 488 ipso
243 435 318 475 nisi
338 443 484 475 certam
511 434 607 474 iram
628 448 674 474 ac
695 434 1014 474 maledictionem
1038 434 1114 474 Dei
1134 441 1360 485 exspectare
1380 441 1522 484 potest,

127 491 298 542 ideoque
319 489 453 529 salutis
474 503 567 528 suae
586 489 778 528 rationem
800 496 907 528 extra
926 503 967 528 se
987 489 1116 539 ipsum
1137 502 1323 539 quaerere
1345 488 1476 527 debet.

182 545 240 597 (6)
271 545 389 585 Salus
413 558 455 583 m
486 544 649 583 Christo.
655 545 844 582 —Iesum
871 557 963 594 ergo
985 544 1186 583 Christum
1207 556 1230 581 a
1252 545 1366 582 Patre
1386 544 1523 581 datum

126 598 242 638 nobis
273 599 451 646 fatemur,
483 599 523 636 in
558 611 638 648 quo
667 597 901 648 recipiamus
935 597 1131 648 quidquid
1165 596 1280 636 nobis
1312 598 1419 647 apud
1450 610 1524 635 nos

127 655 249 693 deest.
309 651 518 702 Quidquid
546 659 678 690 autem
708 651 800 690 fecit
829 659 867 690 et
892 665 1029 712 passus
1055 659 1113 690 est
1138 651 1178 689 in
1206 651 1523 701 redemptionem

125 715 300 746 nostram
330 706 523 753 Christus,
554 714 661 744 extra
693 706 1000 744 controversiam
1033 719 1168 744 verum
1198 718 1283 744 esse
1316 705 1524 744 ducimus:

127 760 497 812 quemadmodum
487 773 529 798 1n
549 760 740 810 symbolo
759 760 1019 810 perscriptum
1040 760 1256 798 habemus:
1289 760 1413 798 Credo
1432 761 1503 798 &a

182 815 267 867 (12)
295 815 493 855 Invocatio
511 815 596 853 Dei
610 815 726 852 solius
743 821 821 864 per
840 815 994 853 Clzrz'slz'
1010 815 1523 863 intercessionem.—Quem-

125 870 345 908 admodum
366 882 483 919 supra
501 868 631 907 testati
652 881 788 907 sumus
808 882 888 907 non
910 867 1002 907 alibi
1024 881 1144 918 quarn
1165 868 1206 906 in
1228 870 1316 907 Deo
1332 876 1441 918 patre
1455 882 1523 918 per

126 923 329 964 Christum
349 924 522 962 recidere
543 922 677 961 salutis
690 953 698 962 .
715 953 723 961 .
740 953 747 961 .
764 923 951 961 fiduciam
967 930 1158 973 oportere,
1173 922 1228 960 ita
1247 936 1370 960 unum
1393 922 1522 971 ipsum

126 977 167 1016 in
195 979 305 1016 omni
338 977 572 1016 necessitate
600 976 868 1016 invocandum
898 976 1090 1016 dicimus:
1129 976 1250 1026 idque
1279 989 1348 1026 per
1377 975 1523 1015 Christi

126 1045 284 1078 nomen,
316 1031 423 1070 unici
452 1030 679 1070 mediatoris
709 1038 747 1070 et
775 1030 969 1077 advocati,
1000 1044 1069 1081 per
1102 1044 1222 1080 quem
1256 1043 1438 1069 accessus
1472 1031 1522 1069 ad

125 1086 311 1124 thronum
340 1086 553 1125 coelestem
584 1084 700 1124 nobis
728 1093 846 1135 patet.
905 1085 1029 1124 Simul
1059 1084 1098 1122 in
1128 1084 1238 1123 omni
1266 1084 1523 1134 prosperitate

125 1141 370 1179 referendam
408 1139 463 1178 illi
500 1139 709 1190 gratiarum
747 1139 956 1178 actionem.
1016 1138 1166 1178 Contra
1204 1152 1307 1186 vero,
1345 1138 1522 1177 fictitiam

125 1193 232 1232 illam
261 1195 497 1233 Sanctorum
529 1193 597 1243 qui
625 1207 672 1232 ex
691 1192 770 1232 vita
799 1194 873 1231 hac
902 1192 1170 1243 demigrarunt
1198 1192 1522 1231 intercessionem

124 1261 196 1298 pro
237 1247 514 1298 superstitione
561 1254 714 1297 praeter
760 1247 1000 1297 Scripturam
1048 1247 1208 1285 inventa
1248 1246 1521 1297 explodimus:

124 1302 351 1352 praesertim
380 1315 504 1352 quum
534 1314 615 1340 non
643 1300 804 1340 aliunde
834 1308 925 1340 nata
953 1301 1068 1340 fuerit
1088 1314 1207 1351 quam
1232 1313 1279 1340 ex
1303 1300 1524 1340 diffidentia

126 1355 415 1395 intercessionis
436 1355 594 1396 Christi.

179 1409 264 1461 (14)
293 1411 359 1448 De
380 1410 971 1457 Sacramentis.——Sacramenta,
991 1422 1092 1459 quae
1115 1409 1313 1448 Dominus
1333 1408 1523 1448 ecclesiae

124 1476 219 1503 suae
246 1463 551 1510 commendavit,
574 1477 660 1502 esse
687 1463 779 1502 fidei
799 1463 1103 1502 exercitamenta
1123 1465 1381 1502 confitemur:
1420 1476 1522 1513 quae

124 1524 209 1556 tum
238 1519 289 1557 ad
319 1517 443 1568 ipsam
473 1518 512 1556 in
544 1517 621 1556 Dei
650 1517 977 1568 promissionibus
1007 1519 1321 1557 confirmandam
1344 1549 1350 1556 .
1376 1548 1384 1556 .
1407 1548 1413 1555 .
1437 1525 1521 1555 turn

124 1573 231 1622 apud
270 1571 452 1611 homines
498 1571 788 1610 testificandam
827 1573 954 1611 valere
992 1573 1176 1611 debeant.
1257 1574 1349 1610 Duo
1387 1578 1520 1610 autem

125 1626 315 1664 duntaxat
344 1625 592 1666 Christianae
622 1625 826 1673 ecclesiae,
856 1626 932 1664 Dei
962 1626 1204 1674 auctoritate,
1230 1625 1408 1664 instituta
1436 1639 1522 1663 esse

124 1679 380 1728 admittimus,
405 1680 653 1730 Baptismum
685 1687 723 1718 et
753 1681 931 1719 Coenam
965 1680 1139 1719 Domini.
1200 1681 1331 1728 Quam
1357 1680 1409 1717 ob
1439 1692 1519 1718 rem

124 1735 233 1783 quod
253 1735 304 1773 de
333 1733 586 1773 sacramentis
614 1741 763 1783 septem
787 1733 825 1771 in
846 1747 967 1784 regno
990 1736 1120 1784 Papae
1147 1741 1348 1783 receptum
1371 1740 1429 1772 est
1451 1746 1521 1783 pro

123 1788 257 1826 fabula
275 1801 321 1826 ac
342 1789 550 1826 mendacio
570 1788 775 1826 habemus.

178 1841 264 1893 (15)
294 1842 355 1879 De
382 1843 883 1891 Baptzkmo.——Baptismus
914 1849 1118 1880 externum
1150 1849 1208 1880 est
1242 1841 1408 1891 signum,
1442 1854 1522 1890 quo

125 1895 324 1934 Dominus
345 1903 508 1934 testatur
534 1909 576 1934 se
596 1897 695 1934 velle
725 1908 797 1934 nos
825 1895 864 1933 in
885 1895 1053 1934 filiorum
1076 1897 1207 1934 locum
1229 1903 1426 1945 cooptare,
1449 1908 1521 1933 ceu

125 1949 269 1989 Christi
301 1949 369 1987 filii
397 1949 456 1988 sui
491 1949 680 1988 membra.
738 1951 880 1999 Itaque
909 1949 1024 1988 nobis
1054 1951 1093 1987 in
1128 1963 1176 1989 eo
1210 1956 1523 2000 repraesentatur

124 2011 376 2052 peccatorum
398 2011 620 2042 nostrorum
642 2003 830 2054 purgatio,
850 2017 969 2053 quam
999 2003 1039 2041 in
1064 2003 1210 2043 Christi
1239 2003 1428 2054 sanguine
1456 2003 1523 2041 ob-

125 2058 313 2096 tinemus:
335 2057 584 2096 mortificatio
600 2057 726 2096 carnis
748 2065 917 2106 nostrae,
931 2071 1050 2108 quam
1072 2058 1352 2108 consequimur
1373 2071 1419 2096 ex
1439 2058 1522 2095 eius

124 2118 263 2160 morte,
292 2119 334 2150 ut
369 2111 442 2161 ipsi
481 2113 520 2150 in
551 2119 751 2162 posterum
786 2126 854 2162 per
886 2112 1072 2162 Spiritum
1104 2125 1222 2162 quem
1259 2111 1369 2150 dedit
1406 2110 1522 2149 nobis

125 2164 310 2204 vivamus.
364 2167 540 2215 Quando
569 2179 661 2205 vero
691 2165 730 2203 in
760 2166 955 2205 eiusmodi
985 2167 1143 2204 foedere
1173 2167 1282 2216 quod
1312 2165 1520 2203 nobiscum

124 2219 315 2269 percussit
354 2219 564 2267 Dominus,
600 2219 744 2258 liberos
779 2233 939 2270 quoque
974 2227 1129 2259 nostros
1166 2221 1298 2258 adhuc
1338 2219 1519 2265 infantes,

125 2274 354 2323 complexus
386 2281 454 2322 est,
487 2273 641 2323 signum
672 2281 876 2312 externum
907 2274 989 2312 iure
1018 2274 1091 2312 illis
1126 2272 1410 2312 communicari
1440 2285 1521 2309 non

124 2326 365 2365 dubitamus.

180 2380 265 2432 (16)
294 2383 358 2419 De
379 2382 520 2420 Sancta
546 2383 880 2422 Coeum—Coena
902 2381 1066 2420 Domini
1088 2381 1242 2431 signum
1259 2388 1328 2428 est,
1347 2393 1427 2430 quo
1448 2380 1522 2418 sub

125 2446 227 2483 pane
256 2442 295 2473 et
315 2435 407 2473 vino
431 2449 562 2474 veram
593 2437 662 2474 sed
692 2436 933 2486 spiritualem
964 2435 1369 2474 communicationem
1401 2433 1535 2485 quam‘

126 2487 165 2526 in
209 2488 292 2527 eius
335 2502 497 2539 corpore
536 2497 574 2528 et
614 2489 803 2539 sanguine
842 2490 1046 2536 habemus,
1090 2489 1204 2527 nobis
1243 2495 1518 2539 repraesentat.

126 2543 247 2581 Porro
277 2544 495 2581 secundun]
527 2543 609 2581 eius
640 2543 873 2589 institutum,
906 2544 1005 2582 inter
1036 2544 1170 2581 fideles
1206 2543 1519 2582 distribuendam
