1715 2780
152 127 169 150 2
548 109 888 148 DEFINITION
930 108 1001 147 OF
1037 109 1156 146 THE
1527 114 1543 140 1

150 229 230 267 quo
257 215 324 266 qui
349 215 407 254 usi
434 225 523 253 sunt
554 216 629 253 Dei
655 213 850 252 amicitiae
876 212 1083 262 participes
1103 218 1194 250 sunt
1214 210 1352 250 effecti.
1412 211 1543 259 Quem

150 270 313 321 quidem
352 271 578 308 thesaurum
617 281 699 306 non
737 270 776 306 in
815 267 972 306 sudario
1005 265 1232 316 repositum,
1267 277 1349 303 non
1383 265 1423 302 in
1453 276 1545 314 agro

150 323 441 370 absconditum,
461 324 530 362 sed
552 335 619 373 per
641 323 799 361 beatum
818 323 975 360 Petrum
992 320 1092 360 coeli
1112 320 1360 370 clavigerum,
1382 317 1546 369 eiusque

151 391 397 418 successores
418 390 509 417 suos
530 378 570 415 in
590 377 698 416 terris
720 375 894 422 vicarios,
917 373 1116 414 commisit
1135 373 1319 414 fidelibus
1342 371 1547 412 salubriter

151 432 475 483 dispensandum,
507 438 545 471 et
574 429 738 482 propriis
768 438 806 469 et
834 428 1133 468 rationabilibus
1164 428 1302 474 causis,
1335 439 1442 465 nunc
1475 439 1546 476 pro

152 486 272 534 totali,
299 499 405 525 nunc
439 498 510 534 pro
539 483 690 535 partiali
723 483 952 522 remissione
982 495 1134 533 poenae
1163 480 1445 532 temporalibus
1475 492 1546 531 pro

152 539 323 591 peccatis
350 539 518 586 debitae,
542 547 622 577 tam
648 537 879 588 generaliter
899 549 1018 587 quam
1048 536 1280 586 specialiter,
1303 534 1435 585 (prout
1454 546 1546 573 cum

154 596 243 633 Deo
277 593 461 644 expedire
498 592 811 642 cognoscerent),
840 603 929 630 vere
960 589 1256 640 poenitentibus
1289 596 1328 629 et
1356 586 1546 627 confessis

155 647 454 686 misericorditer
474 646 765 697 applicandum.
824 646 888 683 Ad
908 644 1019 684 cuius
1040 643 1201 694 quidem
1224 641 1394 682 thesauri
1415 654 1548 680 cumu-

154 704 234 740 lum
257 702 394 740 beatae
419 700 492 739 Dei
512 699 719 751 genetricis
740 700 999 749 omniumque
1020 699 1233 737 electorum
1254 710 1277 736 a
1297 698 1424 747 primo
1445 697 1547 735 iusto

154 769 278 805 usque
298 756 349 794 ad
369 754 551 793 ultimum
573 755 709 792 merita
729 752 1013 791 adminiculum
1034 759 1229 803 praestare
1249 758 1476 797 noscuntur,
1497 750 1548 788 de

154 809 265 848 cuius
295 807 598 858 consumptione
626 820 694 845 seu
720 805 939 844 minutione
965 819 1046 844 non
1072 813 1131 844 est
1153 805 1401 856 aliquatenus
1420 801 1549 842 formi-

154 863 343 908 dandum,
361 871 440 901 tam
462 870 619 912 propter
633 860 786 899 infinita
802 859 947 899 Christi
969 859 1028 910 (ut
1042 859 1287 910 praedictum
1303 858 1379 908 est)
1399 855 1546 904 merita,

155 929 274 966 quam
304 929 374 966 pro
409 929 468 962 eo,
504 915 624 965 quod,
655 922 803 964 quanto
834 915 963 964 plures
995 926 1040 952 ex
1074 913 1156 952 eius
1185 911 1449 962 applicatione
1478 918 1549 950 tra-

155 972 299 1008 huntur
332 971 383 1008 ad
412 969 611 1016 iustitiam,
643 976 754 1006 tanto
788 967 911 1017 magis
943 966 1130 1006 accrescit
1161 965 1336 1016 ipsorum
1366 965 1549 1004 cumulus

157 1023 394 1063 meritorum.

211 1078 332 1126 Quod
351 1076 474 1115 felicis
490 1074 771 1114 recordationis
787 1074 1014 1114 Bonifacius
1031 1076 1138 1124 Papa
1149 1075 1256 1112 VIII
1274 1073 1551 1123 praedecessor

156 1139 298 1178 noster,
331 1130 394 1180 pie
433 1130 550 1180 (sicut
589 1128 753 1168 indubie
784 1128 998 1178 credimus)
1033 1127 1297 1175 considerans,
1332 1134 1371 1166 et
1402 1133 1551 1166 attenta

158 1184 412 1223 meditatione
440 1184 655 1229 revolvens,
690 1190 882 1232 quantum
916 1183 1022 1232 apud
1051 1181 1232 1221 homines
1261 1181 1417 1232 gloriosi
1451 1180 1550 1232 prin:

157 1240 263 1288 cipes
301 1246 424 1276 terrae
463 1239 600 1275 Petrus
643 1244 680 1275 et
726 1238 871 1275 Paulus
900 1267 908 1275 .
942 1267 949 1274 .
982 1267 990 1275 .
1022 1235 1062 1274 in
1103 1235 1262 1286 speciali
1300 1234 1552 1274 veneratione

158 1291 291 1330 haberi
321 1292 494 1331 debeant
523 1321 531 1331 .
563 1320 571 1330 .
603 1321 609 1329 .
642 1289 1032 1340 inconsumptibilem
1063 1291 1289 1328 thesaurum
1323 1288 1550 1327 huiusmodi

156 1359 227 1396 pro
248 1345 454 1384 excitanda
474 1353 511 1383 et
527 1345 815 1384 remuneranda
830 1345 1041 1383 devotione
1058 1343 1231 1382 fidelium
1249 1342 1371 1381 voluit
1390 1342 1549 1392 aperire,

158 1401 386 1445 decernens,
416 1400 466 1438 de
492 1399 652 1437 fratrum
676 1411 836 1437 suorum
859 1397 1038 1446 consilio,
1060 1405 1102 1436 ut
1121 1410 1259 1436 omnes
1285 1396 1363 1446 qui,
1385 1395 1426 1434 in
1445 1409 1552 1434 anno

158 1467 181 1491 a
208 1452 422 1491 Nativitate
443 1451 607 1491 Domini
632 1463 742 1492 Mccc
768 1461 806 1491 et
830 1452 1007 1502 quolibet
1036 1464 1142 1489 anno
1171 1451 1388 1489 centesimo
1408 1457 1551 1488 extunc

159 1515 342 1545 secuturo
366 1507 418 1544 ad
445 1506 639 1544 dictorum
661 1507 943 1556 Apostolorum
971 1505 1150 1544 basilicas
1180 1505 1231 1544 de
1251 1503 1363 1544 Urbe
1391 1504 1551 1542 accede-

160 1568 244 1599 rent
272 1568 500 1607 reverenter,
531 1559 724 1610 ipsasque‚
753 1560 784 1598 si
813 1559 995 1606 Romani,
1026 1560 1078 1598 ad
1106 1558 1237 1597 minus
1266 1569 1366 1605 xxx,
1398 1557 1429 1596 si
1459 1570 1550 1595 vero

160 1615 350 1664 peregrini
379 1621 447 1652 aut
476 1615 650 1652 forenses
682 1613 834 1660 fuerint,
866 1625 921 1650 xv
952 1612 1092 1651 diebus
1121 1611 1318 1651 continuis
1347 1612 1409 1650 vel
1439 1611 1552 1650 inter-

160 1667 311 1717 polatis,
339 1669 476 1706 saltem
509 1668 629 1705 semel
660 1667 701 1704 in
731 1666 806 1713 die,
833 1668 928 1705 dum
958 1675 1092 1705 tamen
1120 1679 1209 1705 vere
1237 1666 1485 1716 poenitentes
1515 1673 1552 1702 et

160 1720 329 1760 confessi
366 1723 585 1767 existerent,
626 1720 880 1770 personaliter
917 1720 1127 1766 visitarent,
1173 1732 1332 1758 suorum
1372 1718 1549 1757 omnium

160 1774 384 1813 obtinerent
403 1774 672 1824 plenissimam
692 1774 845 1812 veniam
867 1781 1131 1824 peccatorum.

216 1830 300 1866 Nos
320 1836 451 1866 autern
472 1829 721 1866 attendentes
745 1829 853 1877 quod
879 1841 1005 1866 annus
1033 1825 1381 1877 quinquagesimus
1407 1826 1448 1864 in
1466 1826 1552 1875 lege

162 1883 352 1928 Mosaica,
384 1882 520 1933 (quam
550 1894 631 1919 non
664 1882 770 1919 venit
802 1880 997 1919 Dominus
1028 1882 1177 1919 solvere
1206 1881 1276 1919 sed
1305 1878 1553 1930 spiritualiter

160 1936 405 1985 adimplere),
440 1935 631 1973 iubilaeus
665 1934 904 1973 remissionis
931 1943 969 1973 et
1000 1934 1144 1984 gaudii,
1179 1946 1367 1983 sacerque
1400 1932 1549 1972 dierum

161 2002 357 2035 numerus,
393 2001 472 2038 quo
506 1989 590 2037 lege
624 1989 667 2026 fit
696 1988 883 2034 remissio,
916 1989 1150 2027 censebatur
1177 2018 1185 2026 .
1220 2017 1227 2026 .
1257 2017 1266 2026 .
1297 1988 1553 2038 volentesque

162 2055 280 2092 quam
308 2041 495 2091 plurimos
525 2041 752 2080 huiusmodi
779 2041 1045 2092 indulgentiae
1074 2043 1156 2080 fore
1184 2040 1403 2091 participes,
1429 2053 1551 2090 quum

162 2096 275 2146 pauci
309 2097 520 2134 multorum
554 2103 733 2145 respectu
767 2102 925 2145 propter
950 2094 1052 2133 vitae
1085 2095 1293 2133 hominum
1321 2094 1550 2133 brevitatem

161 2150 316 2187 valeant
334 2150 385 2187 ad
405 2162 554 2186 annum
571 2147 830 2187 centesimum
850 2149 1062 2197 pervenire,
1084 2149 1135 2187 de
1155 2149 1315 2186 fratrum
1330 2154 1551 2185 nostrorum

161 2202 326 2241 consilio
355 2201 595 2252 praedictam
625 2201 923 2239 concessionem
953 2200 1218 2250 indulgentiae
1241 2214 1287 2238 ex
1315 2212 1432 2249 supra
1459 2199 1553 2238 scri-

162 2258 239 2306 ptis
260 2264 297 2294 et
317 2256 401 2293 aliis
426 2255 536 2293 iustis
566 2256 692 2292 causis
722 2255 773 2292 ad
796 2267 944 2291 annum
972 2253 1342 2304 quinquagesimum
1368 2254 1551 2291 duximus

163 2310 440 2355 reducendam,
473 2315 687 2346 statuentes
717 2309 768 2345 de
797 2308 955 2345 fratrum
988 2307 1153 2346 consilio
1183 2307 1472 2356 praedictorum
1513 2314 1551 2345 et

161 2363 402 2413 apostolicae
425 2360 671 2412 plenitudine
697 2362 911 2410 potestatis,
935 2367 976 2398 ut
1002 2359 1170 2398 universi
1198 2360 1344 2408 fideles,
1369 2359 1437 2409 qui
1463 2373 1552 2398 vere

163 2416 410 2466 poenitentes
442 2422 480 2454 et
513 2414 683 2453 confessi
714 2415 753 2451 in
783 2427 890 2452 anno
919 2427 941 2451 a
966 2413 1178 2452 Nativitate
1207 2413 1384 2451 eiusdem
1415 2424 1552 2452 MCCCL

163 2469 339 2520 proxime
372 2470 512 2515 futuro,
547 2476 583 2507 et
617 2468 803 2517 deinceps
837 2467 1034 2517 perpetuis
1065 2467 1200 2505 futuris
1229 2466 1472 2517 temporibus
1501 2467 1552 2506 de
