1715 2780
82 67 153 105 218
319 65 562 103 GERMAN
597 63 1004 101 SWITZERLANI)
1035 62 1109 99 ΤΟ
1146 73 1244 111 ῐ52()
1402 63 1471 108 461

136 171 276 210 S.P.D.
301 168 435 207 Mirari
456 176 494 206 te
515 167 694 206 existimo
715 166 905 216 quidnam
930 165 1116 204 acciderit
1141 166 1249 214 quod
1271 177 1357 203 sero
1377 166 1479 203 adeo

81 226 132 264 ad
152 237 222 263 vos
241 223 421 263 scribam.
472 222 644 262 Causam
665 220 783 259 fuisse
806 219 905 258 scito
925 219 1232 258 conciliabulum
1254 220 1313 257 vel
1335 218 1479 268 dispui-

81 278 231 318 tionem
244 276 571 329 (disputationem
587 275 717 315 dicere
730 274 930 324 volebam)
945 275 1261 313 Lutheranorum
1275 274 1336 312 vel
1349 274 1480 323 potius

17 336 19 341 '
81 332 402 383 Zuinglianorum
423 330 708 370 haereticorum
731 331 882 368 Bernae
903 328 1091 367 habitam.
1135 330 1352 377 Utcunque
1373 326 1478 365 enim

82 386 240 438 negotia
265 392 456 437 urgerent,
478 384 705 435 praesertim
729 383 986 422 canonicatus
1012 383 1119 432 apud
1146 384 1194 420 D.
1219 380 1478 427 Mauritium‚¹

82 454 202 492 quem
234 448 326 479 ante
359 439 546 478 bimestre
579 447 735 488 tempus
773 450 982 487 germanus
1020 449 1132 475 meus
1171 435 1342 474 militans
1381 435 1482 473 inter

81 496 252 534 latrones
283 495 435 532 Romae
466 492 561 531 mihi
592 491 812 542 impetravit
842 490 1026 541 (militum
1057 490 1161 529 enim
1192 503 1311 540 quam
1346 489 1480 530 Cardi-

84 549 229 588 nalium
253 549 375 587 modo
395 560 515 598 opera
542 546 638 585 mihi
657 545 788 585 utilior
810 547 963 584 Romae
990 545 1403 595 fuerat)—utcunque,
1427 543 1480 581 in-

83 617 214 654 quam,
232 604 330 642 haec
350 609 388 640 et
407 601 484 640 alia
503 600 661 651 negotia
682 614 746 639 me
767 607 958 650 urgerent,
981 598 1193 638 subsistere
1213 606 1346 637 tamen
1367 597 1479 636 libuit

82 657 295 708 videreque
324 668 405 706 quo
434 668 596 694 evasura
625 662 727 694 esset
756 654 882 693 rabies
910 661 948 692 et
978 667 1097 703 quam
1125 666 1241 691 curae
1270 659 1373 691 esset
1403 652 1479 702 epi-

83 713 213 762 scopis
242 710 385 750 nostris
412 709 590 749 ecclesia.
650 709 728 748 Sed
753 708 848 758 quid
876 709 1037 746 dicam?
1094 707 1306 756 Querimur
1340 707 1480 757 partim

83 767 133 806 de
157 765 386 805 dexteritate
412 765 710 810 haereticorum,
734 762 873 812 partim
895 763 945 801 de
966 761 1219 800 conniventia
1244 760 1477 811 principum,

82 819 264 871 permulti
300 818 418 859 etiam
452 819 530 856 fata
564 817 801 856 incusamus.
873 817 951 855 Sed
986 817 1095 866 quod
1129 815 1314 865 equidem
1350 814 1481 853 dicere

82 876 202 922 soleo,
224 872 424 913 verissime
446 874 485 910 in
505 872 565 910 his
586 870 871 910 haereticorum
900 870 1069 909 comitiis
1097 869 1282 920 comperi.
1342 870 1481 907 Ruunt

83 942 142 968 res
162 935 319 967 nostrae
348 928 431 966 sola
460 935 593 969 nostra
622 925 770 972 inertia,
793 932 830 964 et
859 926 950 974 quia
981 926 1170 963 litteratos
1200 924 1328 961 nullos
1359 922 1480 961 nostri

83 981 291 1033 coryphaei
319 983 441 1020 alunt.

138 1039 361 1076 Effecerant
391 1035 552 1085 quidam
583 1034 651 1073 fidi
682 1033 797 1072 nobis
827 1040 1041 1072 servatores
1072 1034 1235 1078 Bernae,
1259 1039 1297 1069 et
1325 1031 1348 1069 ii
1376 1040 1481 1070 certe

83 1092 190 1142 apud
211 1103 311 1141 quos
336 1091 528 1128 hactenus
556 1101 711 1126 summa
733 1100 861 1126 rerum
883 1086 964 1133 fuit,
988 1095 1030 1124 ut
1051 1094 1088 1125 et
1109 1085 1316 1136 episcopi,²
1335 1085 1480 1135 quibus

82 1152 141 1184 est
161 1144 350 1184 ecclesiae
370 1143 410 1181 in
432 1144 585 1181 illorum
613 1142 763 1180 ditione
790 1140 1016 1187 iurisdictio,
1040 1139 1183 1179 additis
1211 1139 1329 1179 etiam
1351 1139 1478 1185 minis,

82 1200 132 1238 ad
160 1212 271 1238 suam
298 1197 607 1248 disputationem
628 1203 870 1241 vocarentur,
894 1196 963 1233 sed
985 1196 1091 1232 nulla
1112 1193 1187 1232 alia
1207 1206 1276 1244 spe
1297 1206 1416 1243 quam
1439 1201 1480 1231 ut

83 1254 256 1292 eruditos
277 1252 331 1290 illi
350 1253 605 1295 adducerent.
623 1251 690 1300 qui
706 1249 924 1288 haereticos
945 1250 1205 1287 confutarent.
1255 1249 1333 1286 Sed
1355 1247 1481 1296 quid?

85 1308 216 1346 Nemo
235 1306 390 1346 illorum
408 1307 469 1344 vel
489 1306 572 1356 ipse
588 1304 694 1343 venit
711 1305 771 1342 vel
787 1303 961 1342 eruditos
983 1302 1097 1341 misit.
1131 1302 1267 1340 Gallos
1284 1302 1479 1351 quosdam

84 1360 188 1400 misit
218 1360 521 1407 Lausaniensi83
559 1360 628 1398 sed
666 1366 880 1407 antequam
915 1357 1247 1407 congrederentur
1285 1355 1480 1394 revocavit

83 1428 162 1454 eos.
220 1415 340 1454 Venit
370 1421 460 1464 post
492 1412 642 1463 aliquot
677 1412 761 1451 dies
793 1411 1104 1462 Augustinianus
1139 1410 1302 1460 quidam
1342 1411 1456 1448 frater
1473 1424 1481 1455 ς

84 1468 368 1508 Provincialem
416 1467 650 1513 salutabant,
699 1479 744 1504 ac
792 1466 1100 1516 Traegerinum3
1147 1464 1356 1503 dicebant:
1410 1464 1480 1502 sed

82 1524 307 1574 loquentiae
327 1521 487 1572 aliquid,
511 1520 742 1560 eruditionis
761 1533 806 1558 ac
828 1519 1078 1570 eloquentiae
1098 1518 1195 1556 nihil
1217 1518 1255 1556 in
1277 1531 1325 1556 co
1346 1519 1481 1567 depre-

82 1578 250 1616 hensum
279 1584 348 1616 est.
407 1575 489 1616 Ubi
519 1574 623 1614 enim
654 1574 876 1624 Scripturae
905 1573 1171 1624 exigebantur,
1203 1571 1340 1609 maluit
1373 1571 1481 1609 abire

83 1644 202 1681 quarn
222 1630 433 1682 disputare.
492 1629 691 1679 Equidem
721 1628 760 1666 in
789 1641 836 1666 eo
864 1627 960 1665 nihil
985 1626 1063 1665 vidi
1089 1639 1206 1676 quam
1238 1626 1478 1664 monachum

84 1698 256 1735 eumque
289 1686 521 1731 frontosum,
555 1682 645 1721 licet
677 1681 741 1720 alii
777 1681 911 1720 nescio
946 1682 1041 1731 quid
1077 1682 1127 1719 de
1158 1692 1206 1718 eo
1239 1678 1477 1729 praedicent.

83 1738 305 1779 Clamosior
338 1738 447 1785 alius,
481 1738 550 1775 sed
585 1748 836 1785 nequaquam
871 1735 1025 1774 doctior
1060 1733 1377 1772 Dominicaster⁴
1413 1745 1481 1782 per

84 1793 169 1832 dies
202 1792 353 1842 aliquot
384 1791 547 1841 strepuit
579 1803 625 1828 ex
660 1788 878 1839 Scripturis,
915 1790 985 1827 sed
1024 1801 1142 1838 quam
1180 1787 1358 1833 feliciter,
1389 1786 1480 1824 hinc

85 1847 250 1885 coniice.
307 1845 546 1884 Probaturus
574 1843 807 1883 Pontificem
832 1855 992 1893 quoque
1017 1855 1101 1881 esse
1125 1848 1244 1892 caput
1267 1840 1478 1886 Ecclesiae,

83 1901 248 1940 adduxit
274 1900 315 1939 id
340 1913 364 1938 a
391 1901 508 1938 Petro
534 1911 624 1937 eum
651 1898 861 1947 accepisse,
886 1897 952 1947 qui
978 1897 1069 1935 ideo
1096 1897 1231 1934 fuisset
1255 1909 1277 1933 a
1303 1894 1480 1933 Domino

85 1962 246 1993 vocatus
273 1955 442 2004 Cephas,
467 1959 609 2003 caput:
641 1951 696 1989 sic
723 1951 828 1990 enirn
853 1964 893 1989 se
918 1950 1056 2001 legisse
1083 1949 1213 1988 aiebat
1239 1949 1278 1987 in
1299 1949 1481 1987 Vocabu—

84 2008 199 2047 lariis.
256 2009 379 2047 Vides
401 2008 535 2058 quales
556 2006 772 2045 habeamus
799 2013 1132 2055 propugnatores:
1162 2011 1200 2042 et
1218 2004 1350 2041 adhuc
1372 2002 1482 2040 mira-

86 2076 173 2101 mur
201 2064 318 2113 vulgo
347 2075 420 2100 nos
449 2060 650 2100 contemni
681 2068 718 2098 et
748 2059 893 2110 passim
925 2061 1070 2097 multos
1093 2071 1114 2097 a
1139 2057 1255 2096 nobis
1284 2057 1483 2095 deficere?

130 2176 140 2195 ¹
164 2175 209 2208 St.
242 2175 401 2215 Maurice,
427 2175 459 2206 in
489 2174 543 2205 the
572 2173 711 2213 Vallais,
740 2172 881 2205 founded
908 2182 982 2214 515,
1014 2172 1077 2203 and
1110 2171 1186 2202 held
1213 2172 1299 2202 since
1332 2170 1413 2200 1128
1441 2169 1482 2208 by

85 2220 205 2251 Austin
223 2219 363 2251 Canons.

85 2262 393 2346 11²¹The)Bishops
406 2262 444 2294 of
455 2261 651 2302 Constanee,
665 2260 773 2299 Basel,
784 2260 966 2298 Lausanne,
977 2259 1040 2291 and
1058 2259 1162 2290 Sitten
1180 2257 1351 2298 mengliz‘
1365 2257 1484 2297 Opera,

125 2331 131 2337 .
150 2317 169 2338 1.
191 2314 226 2347 71
251 2330 258 2337 .

130 2349 140 2366 ³
164 2349 298 2381 Conrad
315 2349 450 2390 Trhger,
466 2348 649 2380 Provincial
666 2347 703 2379 of
716 2346 771 2379 the
789 2346 1035 2388 Augustinians,
1052 2351 1084 2377 at
1104 2345 1271 2385 Freiburg.

131 2393 142 2412 ⁴
166 2393 304 2424 Alexius
335 2393 427 2431 Grat,
455 2392 492 2424 os
516 2392 609 2424 Bern.
660 2391 714 2422 He
741 2401 844 2423 seems
874 2396 909 2422 to
939 2391 1021 2422 have
1052 2388 1206 2421 confused
1235 2387 1371 2429 Kephas
1403 2385 1482 2418 with

87 2435 211 2476 κεφαλή
229 2436 291 2467 and
309 2436 410 2477 Kopf.
