1715 2780
0 151 9 281 Ξ

103 119 185 160 286
241 121 427 159 FAREL
455 121 574 160 AND
597 120 818 161 CALVIN
849 120 910 159 IN
941 120 1183 167 GENEVA,
1212 121 1366 170 1536-8
1425 130 1497 169 571

103 224 318 276 aliquando
355 223 598 275 resipiscant.
665 225 915 274 Quapropter
953 223 1138 274 expedire
1175 222 1418 270 arbitramur,
1460 231 1502 261 ut

103 280 324 318 secundum
373 278 450 317 Dei
496 277 731 326 institutum,
772 291 910 316 omnes
958 277 1212 317 manifestarii
1258 276 1500 324 idololatrae,

105 332 294 383 sacrilegi,
325 332 560 380 homicidae,
597 333 711 380 fures,
746 339 990 379 scortatores,
1026 331 1111 370 falsi
1150 339 1279 377 testes,
1312 331 1502 379 seditiosi,

105 388 304 435 rixatores,
340 386 636 434 obtrectatoreS,
677 399 939 436 percussores,
980 385 1135 433 ebriosi,
1177 387 1422 433 decoctores,
1464 392 1503 424 et

104 440 188 480 eius
219 442 368 480 formae
397 440 551 488 caeteri,
584 440 657 479 nisi
688 440 727 478 in
757 441 860 479 viam
891 453 931 479 se
961 439 1188 491 receperint,
1226 439 1295 478 ubi
1329 439 1502 490 legitime

105 495 250 534 fuerint
277 496 483 543 admoniti,
515 508 536 533 e
567 494 742 533 fidelium
778 494 977 533 consortio
1017 494 1335 541 exterminentur,
1372 495 1502 532 donec

105 549 399 601 resipiscentiae
419 549 529 599 signa
549 548 742 588 dederint.

157 602 243 656 (20)
273 605 338 642 De
377 604 564 642 ministm's
605 604 871 642 verbz'.—Non
910 603 1007 642 alios
1045 611 1271 654 reputamus
1313 602 1502 641 ecclesiae

104 665 280 708 pastores
300 671 419 708 quam
442 658 542 696 fidos
563 658 670 696 verbi
694 657 770 696 Dei
800 657 1008 706 ministros,
1031 666 1069 696 et
1090 657 1157 708 qui
1179 656 1324 696 Christi
1344 670 1500 707 gregem

105 725 153 750 eo
191 719 364 762 pascant,
398 713 595 757 docendo,
636 712 907 759 admonendo,
945 713 1204 758 consolando,
1241 712 1499 757 exhortando,

104 767 434 816 reprehendendo
472 773 588 817 prout
621 767 836 804 necessitas
876 766 1106 816 postularit:
1156 779 1320 812 rursum,
1357 766 1500 804 eodem

103 820 234 868 verbo,
257 820 362 859 falsis
392 819 581 859 doctrinis
611 819 797 858 omnibus
826 833 872 858 ac
901 823 1069 859 Satanae
1093 820 1319 870 imposturis
1344 827 1500 858 strenue

103 873 293 921 resistant,
317 875 414 912 nihil
444 875 665 924 Scripturae
695 874 853 924 puritati
876 875 927 913 de
948 888 1017 912 sua
1037 874 1313 920 admiscentes,
1336 886 1410 912 nec
1431 887 1502 911 sua

104 928 257 968 somnia
275 936 343 967 aut
362 929 570 967 mendacia
590 928 822 979 ingerentes.
881 930 969 967 Nec
988 929 1095 967 aliud
1117 927 1320 978 quidpiam
1348 927 1501 977 imperii

104 984 165 1022 vel
202 982 444 1022 auctoritatis
483 982 557 1022 illis
595 982 818 1029 deferimus,
856 996 975 1032 quam
1010 990 1053 1021 ut
1089 982 1164 1020 Dei
1199 983 1389 1032 populum
1427 981 1501 1019 sibi

103 1036 295 1075 creditum
317 1038 459 1076 eodem
480 1037 601 1076 verbo
621 1038 822 1076 deducant
843 1045 978 1087 regant
999 1045 1037 1075 et
1058 1037 1324 1075 moderentur.
1377 1035 1500 1075 Cuius

103 1090 362 1130 ministerium
386 1092 482 1130 dum
512 1098 705 1138 exercent,
727 1091 786 1129 ius
816 1092 965 1129 habent
988 1104 1033 1129 ac
1060 1098 1297 1140 potestatem
1323 1089 1502 1137 iubendi,

101 1145 350 1195 prohibendi,
374 1145 631 1196 promittendi
658 1152 696 1184 et
724 1145 926 1183 minandi:
956 1153 998 1183 ut
1019 1144 1102 1183 sine
1123 1144 1210 1194 ipso
1231 1144 1328 1182 nihil
1350 1151 1501 1182 tentare

103 1212 232 1249 neque
270 1199 428 1250 aggredi
466 1206 632 1250 possunt
666 1206 733 1237 aut
765 1199 926 1238 debent.
986 1202 1106 1238 Porro
1138 1207 1181 1237 ut
1220 1199 1356 1237 fideles
1391 1197 1500 1237 verbi

104 1253 302 1292 ministros
349 1267 430 1292 non
478 1266 590 1292 secus
628 1261 747 1303 atque
786 1253 907 1303 ipsius
948 1253 1024 1291 Dei
1063 1252 1230 1291 nuncios
1268 1265 1314 1290 ac
1353 1254 1501 1302 legatos

103 1307 339 1358 suscipimus
369 1321 469 1357 quos
498 1307 662 1357 perinde
681 1321 726 1346 ac
748 1307 910 1346 Deum
902 1321 1031 1357 ipsum
1052 1308 1271 1345 auscultare
1297 1313 1500 1356 oporteat.

104 1362 326 1412 horumque
346 1361 605 1400 ministerium
620 1368 657 1400 et
673 1362 748 1400 Dei
765 1362 954 1400 mandato
966 1361 1243 1411 adprobatum,
1262 1368 1299 1399 et
1313 1360 1502 1400 ecclesiae

104 1415 367 1454 necessarium
406 1429 491 1455 esse
529 1415 748 1455 credimus:
797 1415 850 1454 ita
889 1429 909 1454 e
954 1429 1146 1454 converso
1193 1414 1502 1465 pronunciamus

106 1469 351 1520 impostores,
383 1483 603 1520 omnesque
642 1471 1008 1520 pseudoprophetas
1039 1469 1116 1520 qui,
1147 1469 1280 1508 relicta
1310 1468 1501 1519 evangelii

105 1523 283 1574 puritate,
301 1525 352 1562 ad
373 1537 442 1562 sua
459 1532 686 1563 commenta
701 1524 912 1572 declinant,
931 1537 1183 1574 nequaquam
1205 1537 1289 1562 esse
1306 1524 1500 1570 serendos,

105 1579 400 1628 qualescunque
438 1586 638 1629 pastorum
670 1578 804 1617 titulos
838 1579 1082 1628 praeferant:
1120 1577 1216 1628 quin
1251 1578 1393 1628 potius,
1430 1591 1502 1615 ceu

104 1633 217 1682 lupos
237 1645 396 1682 rapaces
417 1646 437 1671 e
458 1632 590 1672 medio
611 1632 800 1671 ecclesiae
820 1632 1083 1671 eliminandos
1104 1640 1141 1670 et
1161 1631 1392 1681 abigendos.

160 1685 246 1737 (21)
281 1688 346 1725 De
385 1686 1013 1736 77mg2'straln.—l)ominationem
1057 1699 1102 1724 ac
1146 1693 1381 1736 potestatem
1422 1693 1501 1723 tam

106 1753 240 1790 regum
269 1754 315 1779 ac
345 1740 566 1791 principum
588 1754 706 1790 quam
735 1740 974 1790 reliquorum
997 1740 1290 1790 magistratuum
1320 1740 1419 1777 inter
1443 1752 1502 1777 res

107 1802 260 1832 sanctas
287 1808 333 1833 ac
361 1794 553 1844 legitimas
584 1794 657 1833 Dei
683 1794 950 1833 ordinationes
974 1807 1239 1833 numeramus.
1299 1795 1430 1843 Atque
1461 1800 1503 1831 ut

105 1847 170 1895 illi,
205 1850 302 1887 duni
335 1862 496 1887 munere
534 1862 605 1887 suo
645 1850 939 1899 perfunguntur,
983 1850 1072 1886 Deo
1109 1848 1282 1887 serviunt
1321 1855 1359 1886 et
1395 1846 1503 1886 Chri-

105 1901 270 1940 stianam
303 1910 520 1953 sequuntur
550 1902 809 1950 vocationem,
833 1904 913 1941 sive
944 1902 1224 1941 innocentibus
1263 1901 1504 1952 opitulentur

106 1969 205 2005 quos
231 1956 366 2006 inique
395 1956 565 2007 opprimi
596 1956 763 2004 videant,
796 1957 877 1995 sive
906 1956 1175 2007 improborum
1206 1955 1428 2003 audaciam,
1449 1970 1505 1993 se-

106 2023 194 2049 vere
227 2010 267 2048 in
306 2025 374 2050 eos
405 2010 657 2058 vindicando,
694 2019 922 2050 coerceant:
954 2011 1009 2049 sic
1044 2025 1115 2049 nos
1150 2010 1320 2049 vicissim
1353 2023 1420 2048 eos
1451 2024 1505 2047 re-

106 2063 228 2102 vereri
248 2065 441 2103 debemus
461 2079 507 2103 ac
528 2065 737 2115 suscipere,
761 2065 1048 2104 subiectionem
1070 2079 1116 2103 ac
1137 2064 1406 2104 obedientiam
1430 2063 1503 2101 illis

107 2118 301 2165 exhibere,
324 2132 460 2157 eorum
484 2119 586 2157 iussa
607 2119 778 2169 exsequi,
798 2133 918 2158 onera
938 2127 975 2157 et
998 2119 1132 2157 munia
1152 2119 1202 2157 ab
1225 2118 1297 2156 illis
1320 2118 1504 2167 imposita

107 2174 287 2222 proferre,
311 2180 505 2223 quatenus
533 2173 629 2211 citra
658 2173 731 2211 Dei
762 2173 1021 2212 offensionem
1044 2173 1145 2212 licet.
1208 2172 1392 2221 Denique
1422 2184 1503 2209 non

108 2239 219 2264 secus
239 2233 358 2277 atque
376 2226 451 2265 Dei
466 2227 597 2265 vicarii
613 2227 848 2266 aestimandi
866 2235 971 2275 sunt,
985 2227 1128 2277 quibus
1151 2240 1366 2277 repugnare
1384 2238 1502 2263 nemo

107 2279 240 2329 possit,
256 2280 353 2331 quin
373 2294 462 2319 cum
482 2281 566 2330 ipso
590 2283 678 2320 Deo
700 2282 847 2320 bellum
874 2289 993 2332 gerat.
1034 2283 1197 2320 Illorum
1220 2280 1336 2318 etiam
1361 2292 1503 2316 munus

107 2346 178 2383 pro
206 2342 341 2372 sancta
364 2335 704 2373 administratione
733 2350 756 2373 a
787 2338 875 2373 Deo
900 2337 1141 2374 demandata
1170 2343 1227 2372 est
1258 2334 1500 2379 habendum,

106 2389 157 2426 ad
191 2389 301 2438 quod
339 2397 430 2426 sunt
463 2390 664 2439 assumpti,
705 2397 747 2427 ut
786 2390 900 2428 nobis
940 2389 1111 2439 praesint
1148 2402 1194 2426 ac
1237 2387 1502 2426 dominentur.

108 2442 379 2490 Quamobrem
413 2442 623 2482 Christiani
663 2443 834 2481 hominis
868 2451 996 2493 partes
1026 2457 1111 2481 esse
1142 2441 1362 2480 iudicamus
1389 2440 1506 2490 magi-

108 2502 309 2544 stratuum,
326 2497 399 2535 sub
413 2496 556 2546 quibus
569 2497 656 2546 agit,
674 2497 969 2547 prosperitatem
994 2496 1174 2547 precibus
1198 2498 1285 2534 Deo
1307 2508 1506 2533 commen-
