1715 2780
147 125 195 173 56
416 121 677 160 ERASMUS
717 120 835 157 AND
877 119 1126 164 LUTHER,
1170 128 1269 167 1519
1499 125 1540 162 31

146 226 266 266 sionis
297 226 500 276 scrupulos
533 224 685 273 aliquos
715 224 920 269 discutere,
950 223 1020 261 sed
1049 221 1089 260 in
1118 234 1196 271 qua
1231 220 1420 259 Monachi
1456 221 1541 259 sine

146 283 223 321 fine
262 280 475 330 illaqueant
515 277 721 316 hominum
759 275 1033 315 conscientias.
1092 277 1223 314 Ausus
1257 282 1315 313 est
1352 288 1399 313 ex
1431 282 1540 325 parte

146 335 340 385 negligere
362 331 595 371 scholastica
615 333 782 378 decreta,
809 331 879 370 sed
900 329 1042 380 quibus
1070 328 1143 379 ipsi
1164 328 1330 367 nimium
1351 328 1537 375 tribuunt,

148 397 185 428 et
212 389 252 426 in
272 388 415 437 quibus
441 386 513 436 ipsi
541 385 664 424 nihilo
692 385 820 422 minus
848 386 948 423 inter
975 397 1015 422 se
1036 383 1297 431 dissentiunt,
1325 390 1536 433 postremo,

147 456 248 493 quae
273 442 441 480 subinde
463 447 624 485 mutant,
655 452 725 488 pro
749 438 945 477 veteribus
965 437 1136 476 rescissis
1165 437 1398 475 inducentes
1424 449 1537 474 nova.

151 495 423 535 Discruciabat
454 496 529 532 hoc
564 493 645 543 pias
680 500 842 539 mentes,
878 505 969 530 cum
1004 491 1186 530 audirent
1217 490 1256 528 in
1288 490 1432 529 scholis
1461 491 1540 529 fere

149 552 299 589 nullum
344 561 565 587 sermonem
604 548 654 586 de
693 546 872 585 doctrina
911 544 1146 595 evangelica,
1188 557 1317 583 sacros
1356 544 1442 583 illos
1489 543 1540 582 ab

151 605 327 643 Ecclesia
358 603 433 640 iam
469 602 562 639 olim
597 601 782 650 probatos
817 607 996 638 auctores
1027 599 1161 637 haberi
1201 611 1271 648 pro
1304 598 1540 648 antiquatis:

149 659 229 698 imo
264 658 304 695 in
338 658 454 694 sacris
486 654 745 693 concionibus
780 654 987 692 minimum
1021 652 1149 696 audiri
1180 654 1231 691 de
1265 651 1450 700 Christo,
1490 653 1541 691 de

149 718 341 762 potestate
381 709 593 755 Pontificis,
635 710 684 747 de
718 707 973 758 opinionibus
1012 706 1228 745 recentium
1262 707 1342 745 fere
1380 705 1539 754 omnia3

149 774 272 805 totam
306 764 523 803 orationem
563 762 639 800 iam
679 763 807 812 palam
842 769 1061 811 quaestum,
1100 759 1381 808 adulationem,
1421 759 1542 798 ambi-

149 820 309 866 tionem,
345 832 390 857 ac
427 819 561 855 fucum
595 830 686 866 prae
721 829 761 854 se
795 817 903 854 ferre.
963 815 1040 853 His
1078 814 1356 864 imputandum
1387 813 1539 864 opinor,

149 872 301 913 etiamsi
346 885 424 922 qua
466 870 788 921 intemperantius
833 869 984 919 scripsit
1028 869 1224 908 Lutherus
1263 898 1270 907 .
1313 898 1319 906 .
1363 898 1370 907 .
1413 868 1541 906 Multa

150 927 302 978 scripsit
324 927 518 964 Lutherus
541 924 809 974 imprudenter
830 923 952 973 magis
973 936 1092 973 quam
1117 921 1248 973 impie,
1270 935 1438 972 quorum
1465 923 1542 961 hoc

150 981 243 1020 istos
274 981 392 1019 habet
421 979 590 1030 pessime
611 979 720 1028 quod
741 979 922 1017 Thomae
951 990 1031 1015 non
1058 978 1226 1015 multum
1255 975 1400 1023 tribuit,
1432 977 1541 1026 quod

151 1034 291 1074 minuit
330 1040 537 1084 quaestum
576 1032 787 1079 veniarum,
834 1032 943 1081 quod
981 1030 1185 1070 ordinibus
1223 1029 1541 1069 Mendicantium

150 1102 287 1139 parum
317 1088 461 1134 tribuit,
495 1087 603 1136 quod
638 1085 880 1124 scholasticis
908 1084 1160 1135 dogmatibus
1194 1097 1276 1123 non
1307 1084 1542 1122 tantundem

150 1144 273 1182 defert
312 1149 504 1192 quantum
540 1139 771 1190 Evangeliis,
806 1140 915 1190 quod
949 1138 1108 1189 negligit
1145 1140 1338 1177 humanas
1371 1139 1544 1188 disputa-

150 1204 277 1235 torum
302 1196 480 1245 argutias.
541 1196 631 1232 Hae
657 1193 842 1232 nimirum
870 1201 960 1232 sunt
982 1194 1162 1232 haereses
1182 1191 1448 1231 intolerabiles
1469 1222 1476 1230 .
1500 1222 1508 1230 .
1533 1222 1540 1230 .

151 1250 257 1290 Olim
302 1249 518 1287 haereticus
557 1248 776 1287 habebatur
816 1247 884 1297 qui
922 1246 1180 1286 dissentiebat
1216 1246 1267 1285 ab
1308 1245 1540 1296 Evangeliis,

150 1305 200 1343 ab
221 1304 391 1342 articulis
412 1303 503 1341 fidei
521 1333 527 1340 .
552 1333 559 1340 .
583 1333 590 1340 .
615 1304 733 1340 Nunc
754 1303 785 1340 si
806 1301 893 1352 quis
913 1314 1079 1351 usquam
1101 1300 1306 1339 dissentiat
1330 1314 1353 1338 a
1373 1301 1541 1346 Thoma,

151 1366 310 1396 vocatur
344 1358 561 1395 haereticus
591 1387 597 1394 .
631 1386 638 1394 .
673 1385 682 1395 .
716 1355 919 1405 Quicquid
954 1368 1033 1393 non
1067 1356 1205 1405 placet,
1238 1353 1428 1404 quicquid
1462 1366 1543 1392 non

152 1411 382 1461 intelligunt,
410 1410 578 1448 haeresis
607 1418 674 1448 est.
733 1411 884 1449 Graece
907 1409 1015 1457 scire,
1039 1408 1208 1447 haeresis
1232 1416 1302 1447 est.
1351 1407 1544 1458 'Expolite

152 1466 269 1515 loqui,
293 1464 462 1503 haeresis
484 1473 552 1502 est.
604 1465 805 1513 Quicquid
827 1463 900 1514 ipsi
921 1477 1001 1501 non
1024 1462 1181 1510 faciunt,
1204 1461 1374 1501 haeresis
1395 1470 1476 1500 est.
1502 1493 1509 1499 .
1533 1492 1540 1500 .

787 1627 909 1664 XVII

220 1715 457 1752 LUTHER
496 1715 615 1752 AND
655 1714 877 1753 ULRICH
917 1712 1035 1751 VON
1076 1711 1329 1757 HUTTEN,
1374 1721 1474 1760 1520

201 1801 391 1834 Erasmus'
413 1799 565 1844 chilling
591 1798 777 1843 reception
803 1798 844 1832 of
866 1798 1035 1832 Luther’s
1060 1798 1247 1832 advances
1274 1807 1360 1840 was,
1388 1796 1424 1831 in
1450 1803 1544 1841 part,

153 1847 260 1880 made
298 1859 345 1891 up
378 1847 433 1881 sor
467 1848 514 1889 by
549 1847 657 1880 offers
690 1845 730 1879 of
759 1845 965 1880 assistance
999 1846 1093 1879 from
1124 1843 1255 1879 Ulrich
1286 1855 1358 1878 von
1387 1844 1542 1884 Hutten‚

157 1894 398 1936 1488-i‘1523‚
430 1894 510 1927 half
546 1892 745 1935 humanist,
777 1893 855 1927 half
886 1893 1049 1927 German
1084 1891 1230 1936 patriot.
1292 1891 1352 1925 On
1385 1900 1404 1934 3
1439 1890 1545 1935 April

158 1941 246 1984 1518
276 1941 417 1974 Hutten
448 1941 521 1974 had
548 1940 689 1973 written
721 1939 1042 1984 contemptuously
1067 1939 1108 1972 of
1132 1950 1155 1972 a
1180 1937 1332 1972 ‘factio’
1358 1937 1440 1972 that
1468 1938 1543 1972 had

153 1987 273 2021 arisen
297 1994 333 2021 at
354 1986 586 2029 Wittenberg
604 1987 891 2021 ‘monachorum
915 1986 1061 2029 ductu’,
1079 1984 1294 2030 expressing
1318 1996 1340 2018 a
1366 1984 1464 2029 hope
1485 1985 1544 2019 ‘ut

154 2033 269 2067 mutui
298 2033 462 2067 interitus
489 2044 619 2067 causas
645 2032 712 2067 sibi
740 2033 897 2068 invicem
923 2033 1142 2077 praebeant'
1167 2031 1341 2076 (Hutteni
1370 2031 1502 2076 Opera,
1521 2030 1543 2065 i.

157 2081 234 2123 167,
253 2081 310 2114 ed.
338 2080 531 2124 Hocking).
590 2081 658 2113 But
678 2090 723 2113 20
740 2081 822 2124 Jan.
846 2088 934 2124 1520
951 2081 997 2114 he
1023 2086 1135 2114 wrote
1152 2085 1190 2113 to
1209 2078 1488 2121 Melanchthon,
1507 2077 1543 2112 in

153 2128 216 2161 the
240 2138 349 2161 name
372 2127 412 2161 of
433 2128 547 2160 Franz
566 2138 636 2160 von
657 2126 867 2170 Sickingen‚
894 2128 1134 2171 1481—†1523‚
1154 2125 1229 2160 and
1246 2125 1340 2159 from
1358 2125 1414 2159 his
1433 2124 1544 2159 castle

154 2174 195 2208 of
210 2174 427 2215 Landstuhl‚
441 2174 506 2207 ‘At
525 2184 623 2207 nunc
641 2173 800 2208 scribere
819 2175 980 2209 Luthero
998 2173 1076 2218 ipse
1093 2174 1202 2207 heros
1220 2171 1330 2213 iubet,
1351 2171 1381 2206 si
1400 2170 1489 2216 quid
1507 2171 1543 2205 in

154 2232 265 2255 causa
281 2232 347 2255 sua
360 2220 531 2266 patiatur·
544 2219 700 2263 adversi,
724 2232 792 2254 nec
816 2221 947 2256 melius
965 2221 1113 2255 aliunde
1129 2218 1333 2254 remedium
1350 2218 1409 2261 sit,
1433 2218 1482 2252 ad
1506 2229 1545 2253 se

155 2274 193 2302 ut
213 2268 346 2309 veniat,
372 2267 586 2302 effecturum
610 2277 675 2310 pro
694 2278 736 2301 eo
755 2268 852 2311 quod
876 2267 1014 2311 possit:
1045 2271 1301 2312 potestantem
1318 2270 1462 2299 tantum
1478 2276 1545 2309 pro

157 2314 348 2359 Capnione
365 2320 543 2359 quantum
562 2313 732 2357 perfecit’
751 2315 849 2352 (ibid.
867 2315 963 2356 321).
1004 2314 1153 2348 Similar
1170 2312 1277 2347 offers
1291 2322 1393 2346 came
1410 2311 1504 2346 from
1522 2323 1544 2346 a

157 2361 393 2396 Franconian
422 2360 631 2398 nobleman,
661 2360 847 2403 Sylvester
877 2372 947 2394 von
980 2359 1272 2402 Schauenburg;
1304 2359 1379 2392 and
1407 2358 1545 2393 Luther

157 2409 277 2443 writes
305 2407 507 2452 gratesully,
534 2415 572 2448 17
589 2406 672 2450 July
695 2415 795 2450 1520,
815 2408 1003 2441 ‘securum
1029 2419 1087 2442 me
1112 2406 1196 2442 fecit
1223 2407 1261 2440 S.
1282 2405 1544 2449 Schauenberg

156 2464 192 2489 et
207 2457 247 2490 F.
264 2454 462 2498 Sickingen
477 2454 524 2488 ab
538 2453 728 2486 hominum
748 2453 894 2487 timore’
910 2454 972 2497 (de
983 2455 1118 2495 Wette‚
1133 2453 1153 2487 i.
1168 2452 1264 2496 469).
1302 2453 1373 2486 But
1386 2451 1544 2495 nothing

158 2513 264 2536 carne
300 2502 339 2536 of
378 2502 439 2535 the
477 2499 592 2536 affair.
661 2499 827 2534 Luther's
866 2500 958 2534 ainis
995 2512 1087 2534 were
1130 2499 1322 2543 religious;
1364 2499 1469 2533 those
1507 2499 1549 2532 of
