1715 2780
109 103 191 140 262
440 104 622 142 FAREL
655 105 714 142 IN
745 104 989 151 GENEVA,
1027 109 1180 153 1532—(J
1431 120 1504 158 515

108 207 242 245 omnia
263 221 363 257 quae
385 207 669 258 praedicarunt,
694 208 811 247 etiam
834 222 958 259 usque
979 211 1028 248 ad
1052 218 1230 259 mortem,
1254 219 1368 261 prout
1390 220 1427 250 et
1457 213 1507 251 de

109 263 303 312 praesenti
322 274 363 300 se
380 263 548 300 offerunt
570 275 610 301 se
632 271 787 312 paratos
809 262 940 302 subire
955 271 1133 311 mortem,
1153 273 1348 314 quatenus
1370 274 1507 305 contra

109 328 237 355 sacras
265 317 482 366 Scripturas
511 316 660 367 aliquid
692 316 870 365 dixerint,
893 326 930 356 et
960 331 1028 368 per
1057 320 1305 369 presbyteros
1335 320 1505 359 convicti

107 369 262 417 fuerint,
278 369 375 408 nihil
391 371 442 409 de
458 370 693 421 presbyteris
709 371 964 422 requirentes,
980 372 1054 411 nisi
1073 375 1181 423 quod
1197 375 1248 412 ad
1267 375 1399 413 Deum
1417 387 1508 413 con-

108 431 306 463 vertantur
315 439 325 473 3
345 424 611 475 supplicantes
625 425 784 475 insuper
798 425 958 465 iudicari
973 440 1089 476 super
1102 427 1260 478 disputa
1273 428 1378 479 prius
1393 429 1504 467 facta.

163 479 288 529 Super
322 478 381 516 his
409 479 596 518 omnibus
626 479 693 518 diu
726 479 958 530 disceptato,
992 481 1062 519 fuit
1091 482 1271 521 advisum
1304 491 1341 521 et
1370 483 1506 522 maiori

107 545 205 572 voce
225 534 441 572 resolutum
463 535 570 583 quod
593 542 799 573 teneantur
819 534 983 573 consilia
1013 536 1154 575 diebus
1179 537 1505 584 extraordinariis,

106 587 158 626 ad
179 600 280 637 quae
300 595 491 626 vocentur
511 589 746 635 sacerdotes,
769 596 808 627 et
837 602 970 627 coram
995 589 1050 628 eis
1072 598 1314 640 proponatur
1335 591 1366 630 si
1388 591 1507 630 velint

107 642 298 680 sustinere
321 640 464 680 Missas
482 649 519 680 et
540 642 741 692 imagines,
765 650 803 681 et
825 656 884 682 res
905 643 1008 682 bene
1029 644 1218 684 videatur.
1280 647 1330 684 Et
1351 645 1382 684 si
1403 659 1508 685 com-

108 702 262 745 pertum
297 696 411 734 fuerit
446 697 564 734 fuisse
599 698 700 735 male
730 704 862 735 actum
898 697 1133 748 dirumpisse
1168 698 1370 750 imagines,
1412 707 1507 739 tunc

105 748 337 788 advideatur
360 757 398 788 et
427 751 637 789 refferatur.
699 750 861 789 Interim
883 764 975 790 vero
1002 753 1163 791 ulterius
1188 766 1270 792 non
1300 754 1505 801 dirruatur‚

107 817 180 842 nec
219 803 437 842 celebretur
473 803 607 852 Missa,
645 805 774 844 donec
812 805 984 855 cognito.
1061 808 1110 845 Et
1145 809 1254 857 quod
1289 808 1508 847 scribantur

109 858 292 896 Dominis
309 857 544 897 Bernatibus
561 860 784 909 praemissa,
804 868 845 898 ut
867 873 982 910 super
1003 874 1138 900 eorum
1162 862 1418 912 responsione
1435 876 1507 901 nos

106 911 225 951 tutius
246 913 469 951 conducere
489 914 697 952 valeamus.

162 967 268 1015 Quia
287 966 352 1005 illa
372 966 507 1005 herina
529 967 743 1017 imaginum
765 967 956 1020 disruptio
972 978 1107 1008 causat
1123 971 1394 1009 sacerdotibus
1411 972 1507 1010 tales

107 1021 262 1059 dolores
279 1022 388 1071 quod
401 1021 608 1060 verisimile
629 1021 677 1060 sit
699 1023 804 1072 ipsos
825 1023 1028 1062 discedere
1042 1025 1141 1063 velle
1162 1032 1200 1063 et
1221 1024 1441 1075 suspicatur
1457 1039 1507 1064 ne

107 1082 308 1124 asportent
329 1074 411 1113 iura
432 1083 469 1114 et
490 1075 629 1114 iocalia
655 1076 908 1116 ecclesiarum
935 1078 986 1116 ab
1014 1079 1088 1116 hac
1115 1078 1283 1127 civitate,
1306 1078 1377 1117 fuit
1403 1079 1508 1118 advi—

107 1141 194 1167 sum
216 1130 325 1179 quod
346 1129 479 1167 omnia
499 1129 606 1168 bona
626 1130 879 1169 ecclesiarum
902 1132 1230 1171 inventarisentur
1246 1133 1269 1171 ¹.
1292 1163 1299 1170 .
1325 1163 1332 1170 .
1356 1163 1363 1171 .

162 1182 282 1221 Sicuti
311 1182 544 1222 decessisset
573 1184 792 1223 Consilium
826 1186 1176 1234 Ducentenarium‚
1200 1187 1271 1225 fuit
1299 1188 1507 1237 loquutum

108 1238 229 1287 quod,
266 1238 296 1275 si
330 1245 503 1276 cessetur
541 1237 672 1277 dicere
711 1238 866 1287 Missas,
907 1242 1077 1290 populus
1116 1241 1258 1291 poterit
1298 1241 1481 1280 mutinari
1498 1257 1508 1290 ;

107 1299 314 1341 propterea
344 1291 414 1329 fuit
438 1291 616 1330 advisum
646 1294 754 1342 quod
782 1301 870 1342 post
898 1296 1107 1344 prandium
1132 1304 1391 1345 congregetur
1417 1309 1508 1334 con-

108 1344 237 1384 silium
258 1345 499 1384 ordinarium
522 1353 560 1384 et
580 1347 812 1385 advideatur
832 1350 1037 1398 quomodo
1059 1349 1129 1387 erit
1149 1351 1359 1399 agendum.

163 1400 319 1438 Eodem
353 1400 418 1438 die
448 1408 538 1450 post
569 1401 778 1450 prandium
807 1432 814 1440 .
849 1433 856 1440 .
884 1433 891 1440 .
923 1402 994 1441 fuit
1025 1403 1216 1450 advisum,
1247 1417 1317 1453 pro
1342 1403 1508 1443 utilitate

109 1452 347 1504 reipublicae
363 1462 401 1492 et
421 1467 471 1492 ne
493 1455 598 1493 bona
618 1464 888 1494 conventuum
905 1457 1158 1496 devastentur
1174 1466 1212 1496 et
1229 1459 1506 1508 deperdantur,

109 1509 218 1558 quod
248 1508 499 1558 provideatur
527 1510 578 1548 de
606 1509 804 1559 aliquibus
836 1511 968 1560 probis
1000 1511 1102 1560 viris,
1122 1512 1189 1562 qui
1220 1512 1428 1551 intendant
1457 1514 1508 1551 ad

109 1561 472 1601 inventarizandum
512 1570 549 1601 et
588 1565 819 1614 ponendum
860 1565 897 1602 in
938 1573 1023 1604 tuto
1066 1566 1172 1605 bona
1210 1574 1248 1604 et
1287 1566 1369 1604 iura
1407 1580 1508 1616 quae

107 1615 347 1666 reperientur
360 1618 385 1655 ²².
410 1646 417 1655 .
440 1647 446 1654 .
472 1647 479 1655 .

181 1714 269 1757 No.
295 1715 398 1768 263.
447 1715 709 1769 Religious
741 1718 843 1758 and
875 1717 1113 1760 Seculars
1144 1720 1235 1771 put
1266 1719 1434 1769 down,

640 1785 686 1815 12
709 1776 835 1828 Aug.
859 1786 979 1828 1535.

165 1853 594 1901 Relzgiosi.—Fuerunt
625 1855 742 1892 etiam
774 1854 921 1894 ibidem
958 1855 1068 1905 petiti
1105 1855 1294 1906 Religiosi
1327 1856 1508 1894 Conven-

109 1914 220 1944 tuum
244 1906 391 1954 Palatii,
415 1907 581 1958 Rippae,
603 1909 641 1947 S.
657 1909 796 1947 Clarae
817 1917 854 1947 et
878 1911 926 1948 D.
947 1911 996 1947 N.
1015 1911 1065 1948 de
1085 1910 1241 1957 Gratiis,
1264 1918 1305 1948 ut
1325 1908 1507 1948 audirent

109 1960 366 1999 summarium
381 1962 394 1982 ³
413 1961 593 2012 disputae
620 1961 660 2000 in
682 1963 755 2001 hac
775 1962 930 2002 civitate
952 1965 1078 2002 factae
1091 1966 1103 1984 ⁴¹
1121 1979 1128 2009 ;
1157 1965 1207 2003 de
1228 1963 1373 2014 quibus
1394 1976 1507 2002 vene-

109 2022 199 2053 runt
220 2012 368 2067 [twelve
387 2029 516 2053 names
522 2015 662 2064 follow
682 2015 797 2070 ltere]
858 2017 1015 2066 Quibus
1035 2019 1193 2057 fuerunt
1213 2019 1339 2057 factae
1360 2019 1506 2056 multae

110 2069 456 2108 remonstrationes
477 2071 527 2108 de
547 2071 808 2109 occurrenciis
829 2079 868 2110 et
888 2073 1033 2110 lectum
1055 2074 1312 2111 summarium
1334 2071 1506 2122 disputa-

156 2137 164 2157 ¹
190 2138 463 2170 Commissioners
479 2149 532 2170 are
549 2139 624 2171 here
639 2141 819 2182 appointed
838 2141 887 2172 sor
903 2142 958 2173 the
976 2142 1164 2175 Cathedral.
1213 2143 1285 2174 The
1301 2142 1407 2183 goods
1422 2151 1505 2172 were

111 2180 298 2213 afterwards
321 2183 400 2213 used
419 2182 469 2214 for
487 2183 660 2224 endowing
684 2196 702 2215 a
725 2184 883 2226 hospital,
900 2196 936 2216 so
959 2196 995 2217 as
1019 2191 1053 2216 to
1078 2193 1136 2227 put
1159 2187 1255 2217 down
1280 2186 1436 2226 begging,
1464 2185 1504 2225 by

111 2225 240 2257 decrees
251 2225 287 2257 of
297 2235 335 2267 29
346 2225 447 2267 Sept.,
462 2235 479 2266 5
494 2226 581 2264 Oet.,
596 2228 659 2258 and
677 2237 715 2268 14
726 2228 813 2259 Nov.
832 2238 913 2269 1535
928 2230 1020 2269 (Am.
1036 2230 1128 2261 Hist.
1144 2230 1222 2261 Rev.
1234 2230 1304 2261 viii.
1320 2236 1395 2269 227,
1408 2239 1439 2259 n.
1457 2229 1500 2268 2).

155 2267 168 2284 ²
191 2269 461 2300 Commissioners
477 2280 531 2300 are
548 2271 622 2301 here
644 2272 823 2312 appointed
845 2273 894 2303 sor
915 2273 969 2303 the
992 2273 1081 2304 three
1106 2273 1273 2304 Convents
1297 2272 1332 2303 os
1354 2272 1505 2302 Friars—

113 2311 323 2352 Franciscans
341 2313 395 2352 (de
413 2313 523 2353 Rive),
544 2314 760 2346 Dominicans
774 2316 830 2355 (de
847 2316 984 2356 Palais),
1003 2317 1066 2347 and
1085 2317 1318 2357 Augustinians
1332 2316 1385 2355 (de
1396 2315 1503 2345 N.-D.

113 2354 153 2385 de
171 2355 292 2394 Grfice)
307 2368 313 2386 :
337 2356 401 2386 and
419 2356 469 2387 for
484 2357 538 2388 the
556 2358 702 2398 parishes
718 2358 754 2389 of
774 2359 807 2389 la
825 2359 1021 2399 Madeleine,
1039 2360 1085 2391 St.
1104 2360 1269 2397 Gemain,
1287 2358 1334 2390 St.
1354 2357 1500 2397 Gervais,

112 2397 158 2429 St.
175 2397 276 2429 Croix
293 2398 363 2438 (the
379 2399 573 2439 eathedral),
590 2401 652 2431 and
672 2401 777 2434 N.-D.
795 2402 827 2434 la
844 2403 959 2434 Neuve
978 2403 1216 2443 (l'Auditoire).

155 2440 167 2460 ³
192 2441 210 2471 i.
224 2452 250 2472 e.
271 2441 394 2473 Farel’s
407 2443 578 2474 Recueilet
592 2446 798 2484 Conslusion,
812 2448 935 2485 &c.‚as
952 2447 1080 2487 printed
1098 2447 1129 2476 in
1142 2446 1329 2483 Memoires,
1341 2447 1414 2483 δὶα,
1432 2453 1505 2486 ²¹7·

158 2484 169 2503 ⁴
194 2484 240 2516 Of
253 2493 294 2524 30
312 2485 388 2525 May
406 2491 439 2517 to
462 2495 501 2526 24
517 2487 599 2528 June
621 2496 712 2528 1535-

761 2543 783 2569 L
803 2534 813 2569 l
839 2546 856 2569 2
