1715 2780
110 93 158 132 73
268 82 387 120 THE
421 81 653 120 MISSION
688 81 759 119 OF
790 80 1330 128 CAMPEGGIO,1523—4
1436 89 1506 126 147

108 185 367 237 eleemosynis
402 185 636 236 piorumque
671 182 939 223 oblationibus
971 196 1051 221 non
1086 181 1245 220 abusuri
1277 194 1345 231 per
1375 182 1506 219 luxum

109 240 320 292 proprium,
343 239 530 290 religione
560 237 808 278 iurisiurandi
835 236 1061 276 affirmaturi
1089 250 1129 275 se
1156 249 1230 274 nec
1251 242 1414 286 quotam
1436 249 1509 274 nec.

108 303 231 334 totam
261 293 472 346 colligendi
501 295 727 333 facultatem
758 300 863 331 certa
897 304 1051 330 summa
1083 290 1339 341 pecuniarum
1372 298 1509 340 pactos

107 362 203 388 esse.
264 348 463 387 Fratribus
493 356 626 387 tamen
652 345 978 386 Mendicantibus
1003 344 1171 396 integras
1193 346 1398 394 salvasque
1420 357 1511 381 con-

107 402 306 442 cessiones
326 417 349 442 a
369 404 472 442 Sede
492 401 724 452 Apostolica
745 402 865 439 factas
886 399 1154 460 relinquimus.

168 460 225 496 18.
258 458 309 496 Et
330 464 372 496 ut
393 464 525 508 pastor
544 464 732 507 agnoscat
752 469 891 494 vocem
913 454 996 492 ovis
1018 461 1056 492 et
1085 453 1151 491 illa
1174 452 1346 492 vicissim
1369 466 1508 492 vocem

106 511 272 562 pastoris
301 511 435 550 audiat
465 512 701 561 tollaturque
732 509 861 549 omnis
882 508 1049 559 vagandi
1080 507 1248 554 occasio,
1280 506 1509 547 ordinamus

107 567 215 616 quod
236 565 451 616 presbyteri
472 564 662 616 peregrini
685 573 722 603 et
743 563 865 614 ignoti
886 540 953 602 ade
954 562 1160 601 missarum
1177 561 1410 600 sacrificium
1429 574 1509 600 non

105 619 363 659 admittantur
383 633 457 659 nec
476 621 576 658 ultra
598 619 743 658 mensis
773 617 941 669 spatium
973 617 1012 655 in
1043 617 1242 655 consortio
1270 616 1513 666 presbytero-

106 687 191 713 rum
221 676 445 721 tolerentur‚
480 673 554 712 nisi
584 674 795 713 exhibeant
825 672 970 711 litteras
998 670 1250 710 admissionis
1277 670 1434 709 alterius
1465 684 1511 709 ex

105 728 411 780 archiepiscopis
439 730 500 767 vel
529 727 725 778 episcopis
754 727 792 765 in
815 726 926 765 cuius
947 725 1136 785 diocesim
1161 738 1201 764 se
1229 723 1507 770 transtulerint,

106 796 151 822 ac
181 784 422 822 documenta
451 790 489 821 et
524 782 669 821 litteras
703 781 987 820 testimoniales
1019 779 1077 818 sui
1108 779 1305 819 Ordinarii
1341 793 1364 817 a
1398 778 1509 817 cuius

107 836 255 876 diocesi
287 837 463 888 proxime
495 837 771 883 discesserunt,
801 835 945 885 quibus
981 836 1030 873 de
1066 847 1202 873 eorum
1236 833 1441 873 ordinibus
1472 841 1509 872 et

106 893 311 931 honestate
355 898 520 939 constet,
560 904 608 930 ne
647 867 1100 941 aliquis'incorrigibilis
1140 895 1229 938 post
1268 894 1511 938 perpetratos

98 959 287 985 excessus
307 945 470 997 impune
490 947 541 984 ad
561 945 731 984 alienam
752 944 943 984 diocesim
965 943 1207 982 transeundo
1229 943 1379 981 evadat.

163 1014 220 1050 19.
255 1002 311 1040 Ut
331 1008 463 1039 autem
481 998 626 1040 Christi
648 999 824 1038 fidelium
847 1000 1120 1048 eleemosynae
1141 997 1180 1034 in
1202 1010 1317 1035 usum
1340 1010 1409 1046 pro
1431 1010 1511 1046 quo

105 1062 313 1105 erogantur
358 1062 566 1101 v·ertantu1‚
616 1067 696 1092 non
741 1053 855 1091 liceat
895 1051 1219 1112 procuratoribus
1263 1065 1330 1089 seu
1371 1050 1511 1088 villicis

104 1108 361 1148 fabricarum
352 1122 392 1146 m
409 1108 570 1158 singulis
584 1107 759 1146 ecclesiis
773 1107 986 1167 quicquam
1000 1107 1050 1145 de
1064 1105 1267 1156 pecuniis
1257 1106 1308 1144 ad
1323 1104 1452 1142 fabric
1446 1118 1510 1142 1111

105 1162 428 1213 provenientibus
458 1162 692 1202 distribuere
722 1169 788 1200 aut
819 1161 857 1199 in
888 1160 1157 1200 aedificiorum
1190 1161 1249 1198 vel
1277 1160 1435 1197 alterius
1456 1158 1510 1197 rei

106 1231 220 1256 usum
252 1217 480 1268 dispensare
514 1216 598 1255 sine
628 1215 787 1255 rectoris
818 1215 929 1262 scitu,
962 1216 1031 1253 sed
1061 1215 1111 1253 ad
1146 1212 1311 1252 armaria
1340 1213 1510 1252 fabricae

105 1279 354 1322 reponantur,
371 1278 413 1310 ut
427 1273 618 1310 hactenus
635 1277 829 1309 servatum
848 1277 917 1316 est,
936 1269 1093 1308 duobus
1108 1270 1168 1311 vel
1190 1267 1313 1306 tribus
1335 1267 1510 1306 clavibus

104 1339 174 1376 pro
190 1325 266 1365 loci
282 1325 571 1365 consuetudine
588 1324 780 1372 tenendis,
797 1337 961 1374 quarum
980 1336 1058 1362 una
1074 1322 1147 1373 ipsi
1164 1321 1303 1361 rectori
1321 1322 1512 1360 servanda

105 1381 288 1428 tradatur,
311 1380 519 1419 observato
546 1393 619 1418 usu
651 1379 690 1417 in
720 1378 895 1417 clavibus
926 1386 964 1417 et
993 1376 1210 1416 rationibus
1241 1375 1454 1416 reddendis
1489 1390 1510 1413 ’1

106 1433 347 1485 principibus
368 1442 406 1473 et
427 1433 693 1484 superioribus
714 1434 906 1472 hactenus
928 1439 1098 1483 recepto.

164 1503 222 1527 20.
254 1488 470 1528 Statuimus
509 1501 670 1548 quoque
710 1495 748 1527 et
787 1487 1016 1526 ordinamus
1056 1500 1105 1524 ne
1145 1487 1423 1536 episcoporum
1466 1484 1503 1522 in

108 1543 398 1593 pontificalibus
438 1542 569 1581 vicarii
610 1542 649 1580 in
689 1540 968 1581 consecrandis
1009 1539 1184 1579 ecclesiis
1224 1547 1261 1578 et
1304 1539 1506 1585 altaribus,

107 1598 215 1647 quod
236 1596 333 1636 sacri
355 1596 493 1636 iubent
514 1610 699 1643 canones,
722 1596 936 1646 quicquam
958 1594 1123 1634 omnino
1152 1594 1317 1644 exigant,
1342 1600 1506 1643 excepta

107 1651 391 1700 procuratione.
453 1650 651 1691 Convenit
686 1664 860 1700 namqu(
895 1658 936 1687 ut
971 1663 1041 1698 pro
1075 1648 1263 1708 qualitate
1299 1654 1421 1685 status
1453 1661 1505 1696 1p

107 1718 236 1744 sorum
271 1705 447 1756 episcopi
480 1704 730 1755 prospiciant,
768 1705 1006 1754 praestando
1045 1702 1254 1753 praecipue
1294 1701 1506 1751 pensiones

107 1772 221 1810 super
254 1759 444 1798 fructibus
479 1772 639 1798 mensae
674 1758 908 1808 episcopalis
942 1771 964 1795 a
1003 1758 1106 1795 Sede
1146 1755 1376 1806 Apostolica
1415 1768 1506 1793 con—

107 1813 270 1860 stitutas,
305 1826 354 1852 ne
385 1813 533 1864 aliquid
566 1820 758 1852 attentare
797 1813 941 1850 habeat
980 1811 1019 1849 111
1059 1811 1233 1849 dedecus
1273 1808 1506 1859 episcopalis

106 1866 316 1918 dignitatis.

162 1935 221 1960 21.
254 1923 340 1960 Nec
379 1922 429 1960 ab
468 1936 518 1969 re,
556 1921 678 1960 immo
718 1920 828 1959 iustis
860 1921 909 1959 de
941 1920 1068 1958 causis
1102 1918 1275 1965 adducti,
1318 1919 1503 1956 festorum

109 1975 400 2015 multitudinem
442 1975 788 2026 constringendam
830 1988 914 2013 esse
954 1973 1162 2013 duximus:
1212 1979 1428 2011 statuentes
1468 1979 1503 2010 et

107 2029 333 2069 ordinantes
377 2037 420 2068 ut
462 2031 513 2069 de
555 2037 710 2069 caetero
751 2028 964 2067 Dominica
1002 2027 1098 2075 dies,
1139 2026 1303 2078 quaein
1341 2026 1504 2075 gloriam

109 2083 344 2123 Dominicae
373 2084 668 2123 resurrectionis
696 2084 748 2122 ad
777 2096 850 2122 nos
880 2096 902 2121 a
932 2081 1127 2132 primitiva
1147 2079 1315 2120 ecclesia
1336 2078 1505 2118 maxime

106 2136 269 2176 celebris
303 2150 458 2188 semper
488 2137 623 2176 habita
653 2145 734 2176 est:
774 2137 859 2176 dies
889 2149 1049 2196 quoque
1086 2133 1310 2173 Nativitatis
1346 2132 1503 2179 Christi,

107 2190 142 2227 S.
179 2192 378 2241 Stephani,
421 2191 611 2230 Iohannis
647 2199 685 2230 et
717 2189 1009 2236 Innocentium,
1043 2187 1377 2233 Circumcisionis,
1416 2186 1504 2236 Epi-

107 2244 352 2292 phaniorum,
388 2247 563 2284 Paschae
599 2259 689 2283 611111
728 2244 822 2283 feria
861 2244 1036 2282 secunda
1075 2251 1111 2281 et
1151 2241 1262 2281 tertia
1300 2242 1501 2281 duntaxat

108 2297 373 2346 Ascensionis‚
397 2299 566 2350 Georgii,
591 2300 847 2337 Pentecostes
877 2310 967 2335 cum
998 2296 1091 2335 feria
1121 2296 1296 2334 secunda
1326 2302 1363 2333 et
1393 2294 1504 2331 tertia

107 2351 304 2399 duntaxat,
338 2353 522 2402 Corporis
551 2352 708 2399 Christi,
738 2358 905 2402 quatuor
934 2352 976 2389 B.
1001 2349 1048 2387 V·
1041 2349 1172 2399 irginis
1201 2346 1501 2391 Ρ1111Γ16111101115,

110 2405 442 2453 Annuntiationis‚
464 2407 759 2456 Assumptionis
781 2413 817 2444 et
840 2401 1315 2443 Ν1111ν1111115;Ν’1111111111
1337 2403 1505 2449 Xposto

108 2457 676 2509 10111111,1011111111511111115116
695 2453 1503 2508 Μ111161111611516,Ι11111611ῑί1,1)611161110111

773 2523 794 2548 1
819 2525 836 2548 2
