1715 2780
6 2190 12 2303 -η-ἡ
0 964 13 2176 Μ(”ΜῇνήνὟΠ-Μςήήπ-ν
0 931 2 940 v

140 96 204 133 116
398 96 517 133 THE
548 96 687 134 DIET
715 95 787 134 OF
816 95 1137 143 AUGSBURG‚
1173 107 1273 146 1530
1458 108 1532 146 279

197 210 256 235 22.
288 196 498 235 Servantur
523 203 655 236 tamen
685 197 792 248 apud
821 210 893 236 nos
922 198 1132 248 pleraeque
1161 197 1402 244 traditiones,
1433 212 1534 248 quae

141 251 370 289 conducunt
395 251 447 290 ad
473 251 551 289 hoc
580 258 623 290 ut
646 264 706 290 res
735 251 874 290 ordine
896 258 1051 302 geratur
1074 252 1114 290 in
1135 251 1325 301 ecclesia;
1372 259 1415 290 ut
1435 254 1534 291 ordo

139 303 355 343 lectionum
375 303 416 343 in
436 304 555 343 missa
574 312 612 344 et
632 304 866 355 praecipuae
886 305 1014 345 feriae.
1073 307 1152 345 Sed
1173 305 1328 345 interim
1352 305 1534 345 homines

139 359 404 398 admonentur
436 359 546 409 quod
584 358 670 397 talis
701 361 828 398 cultus
860 372 942 410 non
980 359 1164 398 iustificet
1197 373 1329 399 coram
1360 361 1461 406 Deo,
1496 368 1535 398 et

140 413 248 462 quod
277 425 359 450 non
389 411 437 450 sit
466 414 698 462 ponendum
728 420 936 464 peccatum
967 413 1006 452 in
1034 413 1177 452 talibus
1204 414 1331 461 rebus,
1364 415 1395 452 si
1423 414 1535 452 omit-

139 473 270 504 tantur
298 465 382 505 sine
410 467 611 505 scandalo.
675 480 734 517 23.
765 469 880 506 Haec
914 467 1072 507 libertas
1107 469 1147 506 in
1181 467 1319 507 ritibus
1350 467 1533 506 humanis

138 533 220 559 non
240 519 311 558 fuit
331 519 464 570 ignota
484 520 678 560 Patribus.
737 523 840 560 Nam
862 521 902 559 in
924 521 1087 561 Oriente
1113 522 1190 561 alio
1212 529 1390 572 tempore
1411 535 1534 560 serva-

139 581 277 612 verunt
300 575 447 624 pascha
470 588 589 624 quam
622 577 799 614 Romae:
829 583 867 614 et
894 589 1017 625 quum
1043 576 1216 614 Romani
1243 583 1402 626 propter
1431 577 1533 614 hanc

139 627 499 667 dissimilitudinem
544 638 774 668 accusarent
819 630 1023 669 Orientem
1063 629 1296 678 schismatis,
1339 629 1535 669 admoniti

139 689 229 720 sunt
257 681 308 720 ab
338 681 433 729 aliis,
469 683 564 721 tales
596 696 724 722 mores
753 696 835 722 non
869 691 1049 734 oportere
1078 683 1226 734 ubique
1255 683 1401 722 similes
1435 697 1532 723 esse.

142 749 201 783 24.
232 737 283 774 Et
297 737 483 775 Irenaeus
498 736 650 787 inquit:
681 736 960 776 ‘Dissonantia
974 737 1108 776 ieiunii
1122 739 1214 777 fidei
1231 738 1533 777 consonantiam

139 803 220 829 non
252 791 414 830 solvit':
443 791 544 829 sicut
575 798 613 829 et
649 790 750 830 Dist.
783 793 878 830 XII.
911 792 1123 841 Gregorius
1156 794 1291 842 Papa¹
1327 792 1532 842 significat,

138 845 256 883 talem
280 843 640 884 dissimilitudinem
663 858 745 884 non
764 847 919 885 laedere
946 845 1138 884 unitatem
1162 847 1362 885 ecclesiae.
1423 848 1474 884 Et
1494 846 1534 884 in

140 897 317 937 Historia
354 898 565 949 Tripartita
594 900 659 938 lib.
696 901 755 938 IX
789 901 913 938 multa
946 899 1181 950 colliguntur
1214 901 1394 950 exempla
1425 900 1535 939 dissi-

139 951 289 990 milium
309 951 465 1000 rituum‚
488 960 526 992 et
546 953 757 992 recitantur
783 956 881 993 haec
908 955 1050 993 verba:
1083 956 1224 993 ‘Mens
1248 955 1533 1005 Apostolorum

138 1006 220 1054 fuit,
260 1019 342 1045 non
386 1008 437 1045 de
482 1007 623 1046 diebus
662 1008 769 1047 festis
809 1008 970 1056 sancire,
1012 1009 1081 1047 sed
1121 1010 1346 1059 praedicare
1385 1008 1532 1048 bonam

139 1062 479 1100 conversationem
502 1069 540 1100 et
561 1063 772 1112 pietatem?
786 1063 798 1082 2

491 1148 563 1185 VI.
620 1148 687 1184 DE
717 1158 835 1185 voris
866 1158 1183 1186 MONACHORUM.

193 1218 303 1268 Quid
332 1219 383 1258 de
409 1219 509 1258 votis
537 1220 823 1258 monachorum
854 1221 961 1270 apud
985 1233 1057 1259 nos
1084 1221 1284 1267 doceatur,
1314 1220 1453 1259 melius
1480 1221 1535 1259 in-

139 1272 286 1323 telliget
312 1274 343 1311 si
368 1272 455 1323 quis
482 1273 704 1312 meminerit
731 1273 857 1324 qualis
890 1281 1012 1312 status
1044 1274 1158 1312 fuerit
1192 1274 1531 1322 monasteriorum,

139 1339 257 1377 quam
296 1328 420 1366 multa
456 1335 593 1366 contra
637 1329 823 1368 Canones
861 1329 901 1366 in
939 1327 1032 1378 ipsis
1072 1328 1317 1367 monasteriis
1355 1328 1535 1379 quotidie

140 1381 297 1419 fiebant.
358 1395 391 1419 2.
422 1381 633 1431 Augustini
653 1389 832 1432 tempore
858 1390 968 1421 erant
992 1381 1114 1421 libera
1143 1382 1319 1433 collegia.
1377 1385 1531 1431 Postea,

139 1442 320 1485 corrupta
343 1434 562 1485 disciplina,
590 1435 738 1485 ubique
765 1437 902 1475 addita
928 1443 1019 1475 sunt
1043 1444 1144 1484 vota,
1175 1444 1217 1475 ut
1241 1444 1443 1487 tamquam
1474 1451 1535 1476 ex-

140 1489 310 1538 cogitato
357 1502 511 1528 carcere
556 1489 764 1540 disciplina
811 1489 1088 1529 restitueretur.
1159 1504 1193 1541 3.
1226 1491 1400 1530 Additae
1444 1499 1535 1529 sunt

140 1543 327 1591 paulatim
354 1556 470 1593 supra
493 1550 584 1582 vota
612 1545 711 1583 allae
738 1545 885 1583 multae
915 1544 1233 1583 observationes:
1264 1553 1302 1584 et
1327 1546 1425 1584 haec
1455 1546 1535 1583 vin-

141 1597 229 1634 cula
249 1596 380 1636 multis
407 1605 498 1636 ante
528 1597 669 1636 iustam
695 1605 865 1637 aetatem
890 1606 1027 1637 contra
1054 1599 1240 1638 Canones
1264 1598 1408 1638 iniecta
1428 1606 1530 1637 sunt.

142 1649 260 1688 Multi
280 1650 504 1690 inciderunt
525 1664 654 1690 errore
674 1652 714 1689 in
734 1653 812 1690 hoc
831 1653 934 1690 vitae
953 1665 1090 1702 genus,
1113 1652 1257 1702 quibus
1279 1652 1431 1691 etiamsi
1452 1666 1534 1690 non

141 1704 324 1743 deessent
343 1706 448 1752 anni,
470 1712 602 1744 tamen
624 1705 813 1744 iudicium
836 1707 886 1744 de
914 1706 992 1744 suis
1018 1705 1163 1744 viribus
1194 1706 1330 1745 defuit.
1389 1720 1423 1753 4.
1454 1706 1534 1754 Qui

140 1757 195 1796 sic
211 1757 344 1797 irretiti
365 1765 484 1805 erant,
513 1759 756 1808 cogebantur
786 1772 955 1807 manere,
978 1759 1129 1798 etiarnsi
1156 1759 1317 1809 quidam
1340 1760 1535 1798 beneficio

141 1811 351 1851 Canonum
385 1812 537 1851 liberari
570 1820 743 1863 possent.
801 1814 852 1851 Et
886 1814 962 1851 hoc
997 1814 1142 1851 accidit
1181 1814 1303 1864 magis
1342 1814 1460 1852 etiam
1495 1814 1535 1851 in

142 1865 388 1904 monasteriis
419 1865 610 1916 virginum
644 1880 762 1916 quam
795 1868 1093 1915 monachorum,
1123 1880 1246 1917 quum
1274 1869 1381 1906 sexui
1415 1868 1536 1906 imbe-

141 1918 277 1958 cilliori
298 1919 420 1970 magis
441 1921 682 1970 parcendum
705 1928 818 1959 essct.
879 1933 911 1971 5.
946 1921 1026 1959 Hic
1048 1921 1148 1971 rigor
1177 1921 1377 1972 displicuit
1403 1921 1535 1960 multis

141 1973 255 2011 bonis
279 1973 368 2012 viris
397 1982 489 2012 ante
509 1975 606 2013 haec
633 1982 822 2025 tempora,
853 1975 920 2024 qui
947 1975 1135 2014 videbant
1162 1977 1311 2025 puellas
1341 1983 1380 2014 et
1406 1977 1536 2014 adole—

142 2034 294 2066 scentes
320 2027 360 2065 in
390 2028 627 2067 monasteria
655 2028 810 2068 detrudi
840 2036 998 2079 propter
1023 2030 1182 2076 victum,
1201 2029 1389 2068 videbant
1415 2043 1534 2079 quam

142 2079 345 2120 infeliciter
379 2083 608 2121 succederet
647 2083 722 2121 hoc
753 2083 973 2131 consilium,
1015 2097 1116 2133 quae
1155 2084 1341 2122 scandala
1371 2092 1534 2134 pareret,

143 2146 240 2183 quos
277 2137 439 2185 laqueos
477 2136 728 2175 conscientiis
772 2136 958 2175 iniiceret.
1020 2137 1220 2175 Dolebant
1261 2137 1535 2176 auctoritatem

144 2189 353 2227 Canonum
376 2190 414 2227 in
435 2203 474 2227 re
496 2189 826 2239 periculosissima
845 2192 1009 2228 omnino
1030 2191 1181 2241 neglegi
1204 2199 1241 2229 et
1262 2191 1475 2230 contemni.

198 2244 233 2279 6.
264 2244 328 2281 Ad
358 2244 455 2282 haec
486 2245 588 2282 mala
613 2245 829 2283 accedebat
859 2245 945 2283 talis
971 2247 1170 2295 persuasio
1195 2246 1245 2284 de
1275 2245 1385 2291 votis,
1416 2259 1533 2294 quam

144 2303 297 2334 constat
331 2296 448 2335 etiam
480 2298 574 2336 olim
607 2297 852 2347 displicuisse
887 2298 980 2348 ipsis
1016 2299 1232 2346 monachis,
1255 2299 1286 2337 si
1319 2299 1386 2348 qui
1417 2299 1535 2348 paulo

144 2350 380 2389 cordatiores
419 2352 585 2390 fuerunt.
647 2351 857 2391 Docebant
900 2360 992 2391 vota
1030 2353 1136 2403 paria
1181 2366 1266 2391 esse
1312 2352 1534 2401 baptismo;

146 2402 341 2443 docebant
362 2418 403 2443 se
424 2406 500 2443 hoc
529 2405 630 2444 vitae
655 2418 796 2455 genere
822 2406 959 2445 mereri
988 2406 1259 2445 remissionem
1283 2412 1534 2455 peccatorum

145 2462 182 2493 et
194 2455 510 2498 iustificationem
524 2472 652 2498 coram
670 2461 757 2498 Deo
779 2475 784 2497 :
815 2460 894 2497 imo
908 2461 1120 2507 addebant,
1136 2460 1254 2498 vitam
1276 2459 1534 2498 monasticam

231 2527 241 2543 ¹
267 2527 395 2559 Deereti
414 2528 449 2559 1‘.
469 2529 494 2567 1,
513 2529 598 2560 Dist.
618 2530 673 2569 xii,
693 2530 776 2570 Cap.
800 2539 845 2561 10.
1080 2529 1090 2547 ³
1116 2530 1206 2561 llz'ss.
1228 2530 1283 2560 Tr.
1304 2529 1343 2561 ix.
1368 2532 1446 2568 §3S.
