1715 2780
161 102 236 139 310
557 85 676 122 THE
717 82 1041 122 EXTENSION
1083 81 1153 120 OF
1478 80 1554 117 126

167 192 364 242 arcspistis,
401 190 527 240 gratis
560 190 654 226 date.
730 186 805 225 His
841 186 1009 236 primurn
1042 186 1206 232 statutis,
1243 197 1333 223 cuni
1369 183 1553 222 sanctitas

162 254 288 286 vestra
315 246 366 284 ita
390 251 497 294 gerat
521 255 653 281 curam
681 240 870 280 ecclesiae
896 239 1051 287 Christi,
1073 247 1115 278 ut
1140 238 1337 277 ministros
1365 237 1554 288 plurimos

166 301 309 339 habeat
339 312 407 349 per
437 311 535 349 quos
560 298 662 335 hanc
689 309 820 334 curam
847 302 1052 342 exerceat,
1082 293 1121 331 hi
1151 300 1283 332 autem
1308 300 1398 331 sunt
1425 291 1555 330 clerici

164 368 314 402 omnes,
344 352 488 404 quibus
512 352 722 390 mandatus
750 357 807 388 est
835 350 962 387 cultus
986 348 1073 395 Dei,
1096 346 1310 398 presbyteri
1329 344 1555 397 praesertim

167 417 204 448 et
227 408 394 447 maxime
415 405 548 451 curati,
571 413 608 444 et
629 417 721 455 prae
748 403 934 442 omnibus
961 401 1135 453 episcopi
1154 416 1164 449 3
1191 400 1338 440 idcirco
1363 399 1393 438 si
1420 399 1556 450 guber-

166 463 273 501 natio
303 463 400 500 haec
430 461 477 499 sit
505 468 608 498 recte
635 471 875 509 processura,
904 456 1031 507 primo
1060 457 1193 495 danda
1219 462 1277 494 est
1302 467 1421 505 opera
1445 461 1487 492 ut
1517 453 1556 491 hi

168 516 332 556 ministri
353 514 485 554 idonei
507 514 582 552 sint
604 512 756 551 muneri
777 525 856 562 quo
875 510 984 561 fungi
1004 510 1162 549 debent.

220 571 279 622 (ι)
310 569 462 608 Primus
482 569 628 606 abusus
649 567 688 604 in
716 568 789 605 hac
819 573 926 616 parte
954 573 1012 603 est
1036 564 1231 604 ordinatio
1260 562 1490 601 clericorum
1521 569 1558 599 et

171 625 396 676 praesertim
418 622 746 673 presbyterorum,
770 620 809 658 in
839 633 917 670 qua
946 620 1052 657 nulla
1080 617 1291 657 adhibetur
1319 630 1422 663 cura,
1452 616 1559 654 nulla

168 679 378 719 adhibetur
390 676 592 727 diligentia
612 692 618 714 z
641 677 749 725 quod
763 674 907 725 passim
929 673 1156 723 quicunque
1170 672 1246 710 sint
1267 669 1557 721 imperitissimi,

169 734 245 772 sint
284 731 471 771 vilissimo
509 743 651 781 genere
688 730 774 777 orti,
815 729 890 767 sint
934 727 1046 766 malis
1094 726 1268 765 moribus
1306 724 1444 772 ornati,
1484 723 1561 762 sint

168 789 451 832 adolescentes,
490 784 749 823 admittantur
785 784 836 821 ad
874 781 1032 821 ordines
1071 794 1200 819 sacros
1235 787 1273 818 et
1307 778 1476 817 maxime
1509 779 1560 816 ad

169 842 491 893 presbyteratum,
531 840 582 877 ad
626 839 902 884 characterem,
943 836 1116 885 inquam,
1151 833 1351 874 Christum
1391 831 1560 870 maxime

170 895 465 946 exprimentem.
524 892 633 931 Hinc
679 892 884 929 innumera
931 890 1127 935 scandala,
1177 888 1269 926 hinc
1311 892 1561 936 contemptus

172 950 321 990 ordinis
351 947 617 996 ecclesiastici,
651 946 742 984 hinc
770 944 890 984 divini
919 941 1274 993 cultusyeneratio
1299 955 1379 980 non
1412 947 1561 979 tantum

172 1004 378 1050 diminuta,
429 1003 498 1040 sed
542 1001 658 1040 etiam
704 1013 827 1050 prope
874 999 950 1037 iam
996 998 1178 1037 extincta.
1237 997 1337 1035 Ideo
1378 1001 1562 1045 putamus

170 1058 365 1110 optimum
396 1058 478 1095 fore
507 1055 538 1094 si
565 1054 749 1094 sanctitas
776 1062 843 1092 tua
873 1052 999 1104 primo
1033 1052 1073 1089 in
1104 1053 1178 1089 hac
1209 1050 1306 1088 urbe
1338 1050 1565 1099 praeficeret

173 1113 264 1152 huic
294 1110 452 1161 negotio
482 1111 582 1148 duos
612 1117 678 1148 aut
708 1116 784 1147 tres
815 1109 1019 1158 praelatos,
1051 1105 1153 1144 viros
1183 1106 1322 1143 doctos
1352 1111 1390 1142 et
1419 1103 1564 1153 probos

174 1168 241 1218 qui
273 1164 589 1205 ordinationibus
623 1164 852 1202 clericorum
885 1167 1121 1212 praeessent.
1181 1159 1410 1208 Iniungeret
1448 1155 1564 1195 etiam

174 1222 366 1272 episcopis
400 1218 597 1266 omnibus,
627 1217 815 1256 adhibitis
845 1216 963 1254 etiam
993 1215 1130 1264 poenis
1159 1225 1423 1259 censurarum,
1455 1218 1498 1249 ut
1527 1209 1567 1248 id

175 1282 354 1315 curarent
386 1273 425 1310 in
456 1272 534 1310 suis
569 1271 829 1311 dioecesibus.
889 1271 975 1308 Nec
1004 1267 1203 1319 permittat
1232 1265 1418 1305 sanctitas
1442 1271 1568 1303 vestra

176 1338 218 1369 ut
247 1327 441 1379 quispiam
467 1325 669 1364 ordinetur
696 1324 770 1363 nisi
799 1325 849 1362 ab
877 1323 1064 1373 episcopo
1091 1335 1174 1369 suo,
1203 1322 1264 1359 vel
1290 1333 1380 1358 cum
1411 1317 1569 1357 licentia

176 1386 453 1434 deputatorum
477 1380 516 1418 in
546 1380 642 1418 urbe
668 1386 735 1417 aut
762 1377 934 1428 episcopi
964 1376 1022 1415 sui
1042 1392 1048 1414 :
1079 1375 1248 1424 insuper,
1271 1381 1313 1412 ut
1333 1373 1373 1411 in
1394 1371 1568 1411 ecclesiis

177 1438 255 1476 suis
277 1436 443 1487 quisque
464 1434 672 1484 episcopus
693 1432 919 1482 magistrum
940 1431 1084 1468 habeat
1103 1443 1126 1467 a
1146 1442 1226 1479 quo
1247 1427 1376 1466 clerici
1398 1426 1568 1464 minores

176 1500 213 1531 et
230 1491 365 1530 litteris
387 1496 424 1527 et
446 1488 620 1527 moribus
641 1487 890 1532 instruantur,
913 1492 956 1523 ut
971 1484 1053 1522 iura
1073 1482 1328 1533 praecipiunt.

234 1545 291 1598 (2)
322 1543 482 1583 Abusus
520 1542 618 1581 alius
645 1540 803 1579 maximi
833 1538 1018 1590 ponderis
1048 1545 1106 1576 est
1135 1538 1175 1575 in
1209 1535 1420 1575 collatione
1454 1535 1571 1573 bene-

178 1602 357 1639 ficiorum
379 1596 745 1643 ecclesiasticorum,
759 1593 938 1632 -maxime
958 1599 1192 1638 curatorum,
1216 1597 1254 1629 et
1273 1602 1365 1640 prae
1386 1587 1571 1626 omnibus

179 1654 490 1705 episcopatuum,
514 1651 553 1688 in
581 1650 724 1700 quibus
754 1661 846 1686 usus
874 1647 1036 1685 invaluit
1060 1653 1102 1684 ut
1122 1645 1372 1695 provideatur
1398 1643 1572 1692 personis

181 1709 324 1759 quibus
370 1707 625 1744 conferuntur
669 1702 872 1748 beneficia,
914 1714 994 1740 non
1037 1708 1169 1738 autem
1207 1697 1312 1748 gregi
1351 1696 1496 1736 Christi
1535 1703 1572 1734 et

181 1762 381 1801 ecclesiae.
446 1762 545 1799 Ideo
567 1759 606 1796 in
626 1757 875 1796 conferendis
900 1755 959 1793 his
984 1753 1198 1799 beneficiis,
1222 1751 1374 1798 curatis,
1397 1751 1571 1800 inquam,

183 1818 251 1855 sed
273 1829 365 1866 prae
385 1815 468 1854 aliis
489 1811 792 1863 episcopatib11S‚
816 1810 1033 1848 curandum
1055 1816 1113 1846 est
1139 1814 1182 1845 ut
1208 1807 1459 1844 conferantur
1484 1803 1574 1841 viris

186 1870 297 1909 bonis
319 1870 551 1918 doctisque:
584 1866 674 1905 ideo
703 1873 744 1903 ut
771 1878 839 1914 per
864 1877 904 1902 se
929 1864 1080 1913 possint
1109 1860 1217 1910 fungi
1242 1859 1316 1898 illis
1346 1857 1575 1897 muneribus

182 1925 232 1963 ad
254 1936 354 1973 quae
376 1929 557 1962 tenentur
576 1935 584 1968 3
614 1920 772 1969 insuper
791 1918 879 1965 illis,
899 1930 998 1966 quos
1019 1915 1226 1955 verisimile
1247 1921 1305 1952 est
1325 1911 1575 1952 residentiam

184 1981 366 2017 facturos.
425 1978 516 2015 Non
556 1987 647 2023 ergo
688 1974 788 2011 Italo
834 1971 1117 2009 conferendum
1163 1976 1221 2007 est
1260 1965 1497 2006 beneficium
1536 1966 1576 2002 in

186 2031 381 2081 Hispania
401 2039 466 2069 aut
489 2032 528 2066 in
558 2028 770 2073 Britannia,
791 2033 858 2063 aut
889 2038 910 2063 e
937 2031 1082 2062 contra.
1143 2023 1236 2059 Hoc
1263 2021 1496 2059 servandum
1519 2026 1578 2058 est

185 2094 264 2125 tam
293 2085 331 2123 in
362 2082 638 2123 collationibus
668 2093 758 2118 cum
789 2086 927 2117 vacant
950 2090 1018 2127 per
1044 2078 1261 2121 decessum,
1291 2087 1410 2124 quam
1434 2073 1475 2110 in
1502 2085 1578 2111 ces-

187 2139 364 2178 sionibus
409 2138 449 2176 in
492 2135 636 2186 quibus
679 2147 784 2171 nunc
824 2140 976 2171 tantum
1016 2130 1182 2168 habetur
1231 2127 1328 2166 ratio
1366 2126 1578 2165 voluntatis

188 2193 376 2240 cedentis,
418 2192 524 2230 nulla
562 2196 759 2239 praeterea
798 2186 918 2236 ipsius
957 2184 1021 2223 rei.
1082 2185 1129 2221 In
1168 2181 1413 2221 cessionibus
1444 2179 1516 2228 his,
1548 2179 1577 2218 si

188 2248 382 2297 quispiam
413 2245 686 2296 praeficeretur
710 2241 856 2291 probus
887 2253 987 2277 unus
1012 2239 1201 2288 pluresve,
1231 2237 1334 2275 bene
1360 2236 1505 2273 factum
1536 2233 1579 2271 iri

188 2310 425 2353 putaremus.

245 2355 319 2407 (3),
333 2355 446 2393 Alius
466 2353 624 2398 abusus,
647 2363 737 2388 cum
758 2348 951 2387 beneficia
967 2347 1220 2384 conferuntur
1241 2357 1308 2383 seu
1330 2356 1419 2381 cum
1438 2342 1581 2380 cedun-

190 2418 250 2448 tur
271 2410 364 2456 aliis,
384 2406 532 2458 irrepsit
558 2405 597 2443 in
622 2401 909 2443 constituendis
930 2413 1044 2451 super
1064 2413 1198 2437 eorum
1222 2397 1410 2436 fructibus
1431 2395 1582 2446 pensio-

190 2464 331 2501 nibus:
378 2463 457 2500 imo
492 2460 732 2510 quandoque
762 2457 907 2495 cedens
940 2455 1132 2493 beneficio
1163 2465 1299 2490 omnes
1331 2450 1404 2489 sibi
1437 2451 1582 2487 fructus
