1715 2780
221 104 294 142 286
477 103 595 139 THE
629 102 765 140 DIET
795 101 866 140 OF
896 100 1215 147 AUGSBURG,
1250 110 1350 150 1530
1546 102 1611 138 116

217 208 350 245 datam
371 218 443 244 esse
463 207 517 243 ad
533 206 837 254 aedificationem,
861 217 935 242 non
956 205 1010 242 ad
1026 204 1340 243 destructionem?
1396 203 1478 245 Cur
1498 203 1612 255 igitur

218 267 363 310 augent
383 266 545 309 peccata
565 271 633 309 per
652 260 723 297 has
744 258 973 297 traditiones
989 260 1005 296 ?

275 328 334 352 22.
368 315 514 351 Verum
536 320 688 351 exstant
709 314 810 351 clara
831 311 1067 359 testimonia,
1090 325 1191 362 quae
1211 311 1421 362 prohibent
1441 313 1613 352 condere

219 369 315 407 tales
336 366 565 406 traditiones
577 368 629 406 ad
642 367 943 417 promerendam
963 366 1127 416 gratiam
1142 373 1210 404 aut
1222 373 1424 416 tamquam
1437 379 1614 405 necessa-

219 422 293 460 rias
322 422 373 460 ad
403 422 580 459 salutem.
640 421 785 458 Paulus
815 419 968 460 Coloss.
996 419 1044 459 ii:
1073 420 1198 458 Nemo
1224 432 1289 458 vos
1311 420 1448 458 iudicet
1464 421 1505 458 in
1524 421 1612 467 cibo,

215 481 320 525 potu,
352 480 468 524 parte
505 475 583 512 diei
604 474 710 523 festi,
747 475 942 512 novilunio
975 479 1048 511 aut
1081 474 1248 512 sabbatis
1281 480 1353 512 etc.
1413 475 1538 513 Item:
1570 475 1619 512 Si

221 530 367 567 mortui
390 529 477 566 estis
503 541 585 566 cum
618 529 653 566 C
653 529 774 566 lzristo
802 529 850 565 ab
877 528 1064 565 elementis
1093 528 1238 574 mundi,
1268 540 1388 576 qnare
1416 533 1613 577 tamquam

220 584 384 622 viventes
404 583 444 620 in
466 583 606 619 mundo
626 583 770 619 decreta
778 581 944 630 facitis?
981 582 1076 619 Non
1097 582 1278 630 attingas,
1295 594 1370 618 non
1384 587 1522 630 gustes,
1538 594 1613 619 non

218 642 412 674 contrectes
429 649 443 674 .·
473 649 569 684 quae
587 637 716 673 omnia
722 641 890 685 pereunt
907 648 988 682 usn,
1006 640 1043 672 et
1059 641 1152 672 sunt
1167 636 1353 673 mandata
1373 640 1410 672 et
1425 635 1616 673 doctrinae

220 691 427 737 hominum,
463 703 558 738 qnae
595 690 738 727 liabent
770 690 920 739 speciem
958 690 1177 738 sapientiae.
1249 690 1351 727 Item
1389 690 1440 727 ad
1478 689 1615 726 Titum

219 752 353 794 aperte
374 743 556 793 prohibet
577 743 804 782 traditiones
821 759 827 782 :
856 744 950 781 Non
971 744 1200 781 attendentes
1218 743 1390 780 Iudaicis
1403 742 1557 791 fabulis
1581 748 1618 780 et

222 799 417 835 mandatis
445 798 640 835 bominum
671 798 933 835 aversantium
967 797 1176 835 veritatem.
1251 810 1269 833 2
1276 809 1311 845 3.
1353 797 1404 834 Et
1434 795 1614 835 Christus

222 853 366 891 Matth.
389 865 439 889 xv
468 851 594 900 inquit
619 852 669 889 de
697 852 756 888 his
777 852 843 900 qui
874 850 1032 900 exigunt
1062 849 1316 888 traditiones:
1348 850 1471 888 Sinite
1496 851 1581 888 illos
1596 864 1615 893 ,·

220 907 311 944 coeci
335 910 428 942 sunt
453 910 489 942 et
514 907 621 943 duces
648 918 858 952 coecorum3
887 911 924 943 et
949 904 1144 954 improbat
1169 905 1265 942 tales
1293 904 1445 942 cultus:
1480 904 1617 943 Omnis

212 960 421 1009 plantatio,
443 972 559 1007 quam
581 972 654 996 non
666 959 872 1008 plantavit
888 959 1013 997 Pater
1031 971 1132 995 meus
1149 958 1318 1005 coelestis,
1347 958 1613 996 eradicabitur.

278 1027 338 1060 24.
370 1012 409 1051 Si
448 1012 507 1050 ius
539 1013 687 1051 habent
726 1011 901 1062 episcopi
940 1011 1130 1050 onerandi
1156 1010 1341 1050 ecclesias
1364 1010 1525 1049 infinitis
1546 1018 1617 1050 tra-

222 1066 439 1106 ditionibus
478 1073 515 1104 et
554 1065 795 1116 illaqueandi
840 1064 1112 1111 conscientias,
1165 1078 1233 1103 cur
1277 1065 1393 1104 toties
1431 1065 1616 1115 prohibet

222 1121 420 1170 Scriptura
461 1121 633 1158 condere
682 1127 721 1158 et
768 1119 904 1158 audire
954 1118 1213 1158 traditiones?
1279 1119 1361 1158 Cur
1397 1126 1512 1158 vocat
1550 1131 1616 1157 eas

221 1175 414 1212 doctrinas
428 1174 743 1212 daemoniorum?
800 1174 908 1211 Num
921 1174 1061 1212 frustra
1075 1174 1174 1211 haec
1187 1171 1436 1223 praemonuit
1452 1171 1616 1223 Spiritus

222 1229 389 1267 Sanctus
405 1229 422 1266 ?
480 1239 540 1277 25.
574 1226 825 1277 Relinquitur
845 1227 970 1277 igitur,
988 1239 1112 1276 quum
1127 1225 1395 1265 ordinationes
1415 1225 1616 1265 institutae

222 1288 425 1331 tamquam
445 1280 699 1328 necessariae,
721 1288 789 1319 aut
818 1293 909 1319 cum
936 1280 1124 1331 opinione
1151 1281 1436 1330 promerendae
1457 1279 1614 1329 gratiae,

223 1342 400 1385 pugnent
429 1347 519 1372 cum
548 1334 762 1384 evangelio,
795 1335 904 1384 quod
934 1347 1015 1372 non
1044 1335 1158 1372 liceat
1182 1334 1270 1372 ullis
1295 1333 1490 1384 episcopis
1519 1334 1616 1372 tales

223 1390 351 1426 cultus
381 1387 583 1426 instituere
612 1395 678 1426 aut
709 1387 870 1437 exigere.
931 1389 1105 1426 Necesse
1139 1394 1197 1426 est
1231 1386 1337 1426 enim
1368 1388 1410 1425 in
1443 1386 1617 1426 ecclesiis

223 1442 378 1480 retineri
405 1440 625 1480 doctrinam
652 1442 696 1478 de
720 1443 890 1479 libertate
921 1442 1162 1487 Christiana,
1185 1441 1292 1490 quod
1315 1453 1398 1478 non
1417 1439 1466 1479 sit
1485 1453 1617 1479 neces-

224 1495 323 1533 saria
340 1494 503 1533 servitus
524 1494 618 1544 legis
639 1495 690 1533 ad
711 1494 1030 1533 iustificationem
1046 1508 1055 1541 ;
1083 1493 1183 1532 sicut
1202 1493 1244 1532 in
1263 1493 1414 1532 Galatis
1427 1493 1614 1544 scriptum

223 1556 304 1588 est:
334 1549 466 1587 Nolite
485 1549 623 1587 iterum
650 1549 736 1597 iugo
761 1549 955 1587 servitutis
980 1548 1122 1586 subiici.
1181 1549 1355 1586 Necesse
1378 1554 1438 1586 est
1460 1547 1616 1586 retineri

217 1603 465 1652 praecipuum
479 1603 668 1651 evangelii
683 1604 812 1649 locum,
836 1602 944 1651 quod
957 1600 1120 1651 gratiam
1141 1613 1208 1651 per
1222 1601 1342 1639 fidem
1357 1600 1398 1639 in
1414 1600 1615 1640 Christum

223 1655 339 1706 gratis
387 1668 687 1705 consequamur,
728 1669 810 1694 non
843 1663 1000 1705 propter
1042 1662 1166 1693 certas
1210 1654 1505 1694 observationes
1548 1662 1616 1693 aut

224 1716 383 1760 propter
402 1711 530 1748 cultus
550 1709 600 1747 ab
621 1709 849 1748 hominibus
869 1708 1078 1747 institutos.

282 1766 340 1801 26.
375 1764 483 1811 Quid
502 1762 617 1813 igitur
637 1764 889 1801 sentiendum
909 1769 967 1801 est
988 1763 1038 1801 de
1058 1761 1122 1801 die
1144 1760 1358 1800 Dominico
1374 1768 1412 1800 et
1424 1761 1616 1800 similibus

225 1817 362 1855 ritibus
379 1818 616 1866 templorum
632 1818 648 1855 ?
695 1817 760 1855 Ad
781 1817 878 1854 haec
894 1816 1147 1866 respondent,
1169 1816 1278 1865 quod
1294 1816 1408 1854 liceat
1421 1814 1616 1865 episcopis

225 1883 293 1908 seu
321 1870 542 1919 pastoribus
576 1871 701 1908 facere
728 1869 1006 1916 ordinationes,
1040 1877 1082 1907 ut
1115 1882 1174 1907 res
1205 1868 1344 1907 ordine
1369 1875 1551 1918 gerantur
1576 1868 1616 1905 in

226 1923 402 1969 ecclesia,
426 1936 506 1960 non
533 1930 575 1961 ut
595 1936 664 1972 per
693 1924 776 1961 illas
805 1936 1023 1962 mereamur
1048 1921 1221 1972 gratiam,
1243 1929 1311 1960 aut
1335 1921 1616 1960 satisfaciamus

225 1990 296 2027 pro
334 1976 517 2025 peccatis,
559 1985 626 2014 aut
664 1976 886 2026 obligentur
923 1976 1198 2023 conscientiae,
1237 1982 1280 2013 ut
1318 1974 1494 2014 iudicent
1532 1987 1617 2013 esse

226 2029 465 2068 necessarios
487 2031 624 2076 cultus,
643 2042 689 2067 ac
710 2030 880 2068 sentiant
900 2043 941 2069 se
961 2043 1135 2079 peccare,
1151 2042 1274 2079 quum
1295 2028 1379 2066 sine
1399 2027 1618 2067 offensione

225 2084 390 2122 aliorum
425 2082 583 2121 violant.
651 2083 716 2121 Sic
763 2085 908 2122 Paulus
954 2083 1119 2130 ordinat,
1164 2089 1210 2120 ut
1247 2083 1288 2121 in
1337 2082 1618 2131 congregatione

228 2138 402 2175 mulieres
439 2137 562 2174 velent
591 2137 726 2185 capita,
763 2143 808 2174 ut
842 2138 974 2174 ordine
1007 2137 1225 2174 audiantur
1255 2136 1296 2174 in
1329 2136 1474 2173 ecclesia
1503 2136 1617 2174 inter-

216 2196 346 2241 pretes
365 2197 439 2228 etc.
1435 2231 1441 2235 ,

283 2256 343 2292 27.
375 2244 492 2282 Tales
518 2242 786 2281 ordinationes
815 2243 1000 2282 convenit
1027 2242 1211 2281 ecclesias
1235 2248 1393 2291 propter
1415 2240 1616 2280 caritatem

227 2305 265 2337 et
291 2296 611 2347 tranquillitatem
639 2308 789 2335 servare
816 2303 988 2343 eatenus,
1018 2309 1067 2334 ne
1093 2296 1191 2333 alius
1219 2294 1339 2333 alium
1366 2295 1552 2341 offendat,
1573 2301 1617 2333 ut

227 2350 366 2390 ordine
387 2358 425 2389 et
452 2349 535 2388 sine
560 2351 730 2388 tumultu
755 2351 888 2388 omnia
914 2350 1008 2387 fiant
1030 2351 1068 2387 in
1096 2348 1294 2388 ecclesiis:
1324 2361 1458 2387 verum
1479 2347 1542 2394 ita,
1565 2361 1616 2386 ne

228 2404 493 2443 conscientiae
531 2411 751 2450 onerentur,
791 2411 833 2441 ut
871 2404 1018 2442 ducant
1056 2415 1116 2441 res
1154 2415 1239 2440 esse
1284 2402 1520 2440 necessarias
1563 2401 1617 2440 ad

229 2459 405 2506 salutem,
427 2471 473 2496 ac
493 2456 667 2496 iudicent
689 2470 729 2496 se
750 2469 922 2507 peccare,
946 2469 1068 2507 quum
1089 2456 1235 2495 violant
1256 2468 1320 2494 eas
1347 2456 1431 2494 sine
1450 2454 1614 2493 aliorum
1672 2483 1673 2486 η

1686 1318 1693 1330 -·
1682 1015 1697 1301 Διακεέῑσύῶ“3;ν>-
1686 945 1698 1009 ιιι.»
1692 903 1694 906 «
