1715 2780
211 96 286 141 416
373 94 492 131 THE
526 93 945 132 DISPUTATIONS
975 94 1049 130 AT
1078 84 1309 140 ZUR1cH‚
1346 105 1444 143 1523
1536 94 1605 142 187

211 198 425 249 cognitum,
459 211 611 247 nosque
641 196 897 236 devotionem
927 204 1035 235 tuam
1067 196 1212 236 arctius
1241 210 1420 236 amemus
1449 210 1494 236 ac
1521 197 1605 237 dili-

209 266 347 303 gamus
377 266 422 290 ac
452 251 690 302 peculiarem
720 252 921 301 quandam
951 250 991 288 in
1021 257 1059 290 te
1089 252 1209 289 fidem
1238 251 1466 300 habeamus,
1497 265 1605 290 man-

210 307 390 346 davimus
419 307 550 345 eidem
593 305 792 356 episcopo,
834 304 982 343 nuncio
1020 312 1165 353 nostro,
1205 312 1249 343 ut
1285 304 1358 344 tibi
1395 306 1602 356 separatim

210 368 362 399 nostras
392 361 538 399 litteras
568 361 760 406 redderet,
792 366 1047 409 nostramque
1076 372 1166 409 erga
1192 366 1230 398 te
1259 359 1449 409 optimam
1470 361 1603 398 volun-

210 421 330 453 tatem
352 415 578 453 declararet.
635 415 853 451 Hortamur
874 412 1005 463 itaque
1025 413 1279 452 devotionem
1308 420 1416 452 tuam
1448 412 1488 452 in
1522 415 1603 452 Do-

210 469 318 507 mino
350 477 392 507 ut
424 476 462 507 et
493 468 547 506 illi
578 481 739 506 omnem
770 468 890 506 fidem
922 468 1076 514 habeat,
1110 475 1148 506 et
1178 480 1259 517 quo
1287 480 1360 505 nos
1389 466 1522 507 animo
1551 469 1601 506 ad

209 524 379 561 honores
409 530 498 560 tuos
532 529 571 560 et
601 522 814 560 commoda
841 521 1052 568 tendimus,
1081 522 1225 560 eodem
1252 528 1294 560 tu
1323 521 1363 559 in
1395 521 1536 560 nostris
1563 530 1601 561 et

209 577 338 615 dictae
359 577 463 615 sedis
483 576 723 626 apostolicae
751 576 867 614 rebus
898 577 1088 626 procedas
1105 591 1112 614 z
1141 577 1192 614 de
1212 589 1293 625 quo
1312 575 1474 626 gratiam
1495 578 1600 626 apud

208 644 281 669 nos
302 630 477 669 invenies
498 644 578 668 non
600 631 853 669 mediocrem.
913 632 1058 668 Datam
1080 631 1234 668 Romae
1253 631 1361 680 apud
1381 631 1418 668 S.
1441 631 1599 668 Petrum

208 685 282 723 sub
312 686 460 723 annulo
494 684 707 734 piscatoris.
773 685 850 723 Die
882 697 929 734 23
961 685 1131 722 Ianuarii
1161 696 1267 723 anno
1301 695 1412 734 1523.
1471 684 1602 723 Ponti-

208 740 346 777 ficatus
368 738 488 777 nostri
510 752 616 777 anno
637 740 775 789 primo.

296 851 386 894 No.
407 852 499 894 188.
546 850 655 894 The
685 851 899 894 address
931 849 989 892 of
1012 849 1100 893 the
1131 850 1512 904 Burgomaster,

690 920 750 962 29
780 909 893 961 Jan.
926 919 1048 962 1523.

262 1003 601 1054 Quandoquidem
622 1017 703 1042 non
724 1015 874 1053 paucae
894 1002 1208 1042 concertationes
1237 1009 1275 1040 et
1303 1001 1466 1040 dissidia
1490 1002 1600 1051 plura

206 1058 246 1096 in
280 1059 377 1097 urbe
408 1066 541 1096 nostra
575 1065 733 1119 propter
768 1056 952 1096 Huldrici
981 1055 1149 1106 Zuinglii
1177 1054 1390 1094 conciones
1424 1056 1599 1106 publicas

207 1120 340 1151 exorta
354 1120 456 1160 sunt,
473 1111 543 1150 viri
563 1111 673 1149 omni
688 1112 874 1149 virtutum
894 1124 1036 1161 genere
1057 1118 1094 1149 et
1115 1109 1336 1149 eruditione
1356 1109 1599 1160 praestantis—

207 1166 320 1213 simi;
358 1179 459 1217 quae
489 1179 537 1205 eo
566 1167 728 1204 tandem
750 1164 956 1204 devenisse
984 1171 1138 1203 constat
1167 1171 1210 1202 ut
1233 1171 1389 1214 propter
1415 1164 1598 1213 dogmata

206 1198 364 1270 publice
385 1220 527 1259 tradita
547 1220 597 1258 ab
617 1219 701 1257 aliis
722 1219 884 1269 quidem
914 1219 1110 1266 seductor,
1135 1217 1186 1256 ab
1211 1217 1295 1256 aliis
1322 1230 1413 1256 vero
1439 1217 1599 1256 haereti-

206 1288 274 1312 cus
295 1287 456 1325 quoque
476 1287 760 1333 saepenumero
781 1273 909 1312 dictus
931 1272 1004 1311 sit:
1035 1286 1116 1310 non
1143 1271 1184 1310 in
1209 1271 1307 1310 urbe
1326 1271 1448 1310 modo
1468 1270 1566 1310 sed
1557 1284 1596 1308 m

205 1341 341 1378 agrum
362 1341 522 1378 quoque
536 1327 848 1366 concertationes
865 1327 961 1365 istae
977 1326 1141 1365 diffusae
1162 1332 1201 1364 et
1219 1324 1473 1365 ecclesiarum
1489 1324 1597 1363 mini-

206 1390 304 1421 stros
334 1390 372 1420 et
400 1383 540 1420 rudem
569 1395 697 1420 rerum
722 1382 912 1430 populum
935 1379 1141 1430 exagitant,
1165 1386 1203 1418 et
1225 1374 1455 1429 amplissimi
1483 1380 1598 1429 magi-

207 1443 348 1474 stratus
387 1436 509 1474 nostri
548 1448 660 1473 aures
699 1434 897 1473 continuis
936 1442 974 1472 et
1011 1433 1179 1472 assiduis
1217 1432 1385 1483 querelis
1423 1432 1593 1483 fatigant.

208 1491 393 1529 Ceterum
415 1503 538 1539 quum
568 1488 900 1527 obtrectationum
930 1496 967 1527 et
997 1487 1257 1526 convitiorum
1288 1486 1483 1526 eiusmodi
1509 1487 1596 1524 finis

208 1545 338 1582 nullus
368 1550 598 1593 appareret:
636 1542 837 1592 Zuinglius
874 1555 944 1592 pro
975 1541 1134 1592 publica
1171 1540 1364 1579 concione
1398 1553 1440 1579 se
1468 1541 1595 1578 omnis

207 1599 298 1637 fidei
328 1606 366 1636 et
395 1598 598 1636 doctrinae
629 1609 722 1635 suae
751 1596 943 1634 rationem
973 1595 1131 1656 publice
1160 1608 1320 1645 quoque
1353 1593 1595 1633 redditurum

206 1666 291 1691 esse
308 1651 507 1702 pollicitus
521 1658 590 1698 est,
609 1650 640 1689 si
660 1650 819 1710 publica
834 1651 965 1700 aliqua
984 1649 1208 1687 instituatur
1223 1647 1446 1698 disputatio.
1492 1648 1594 1696 Qua-

205 1714 364 1756 propter
384 1714 463 1744 tam
485 1705 586 1743 iusta
605 1704 754 1755 petenti
775 1712 932 1742 sanctus
956 1703 1062 1741 urbis
1088 1710 1245 1741 nostrae
1271 1709 1429 1741 senatus
1454 1714 1594 1751 nequa-

205 1773 324 1809 quam
364 1761 502 1798 deesse
534 1760 679 1806 volens,
717 1766 755 1797 et
793 1757 1132 1796 concertationum
1170 1756 1396 1794 huiusmodi
1435 1754 1593 1794 dissidia

204 1815 340 1852 tollere
360 1813 534 1863 cupiens,
561 1812 722 1850 liberam
753 1819 790 1850 et
820 1811 1019 1862 publicam
1044 1824 1176 1849 coram
1205 1809 1479 1848 Diacosiorum
1505 1821 1594 1846 con-

205 1880 313 1905 sessu
328 1867 634 1916 disputationem
651 1865 828 1913 instituit,
843 1867 893 1904 ad
914 1878 1032 1915 quam
1047 1877 1185 1902 omnes
1199 1871 1279 1902 tam
1300 1863 1339 1901 in
1359 1863 1456 1902 urbe
1475 1875 1592 1912 quam

203 1934 296 1969 affro
330 1920 582 1958 ecclesiarum
618 1920 814 1958 ministros
844 1920 1123 1957 convocandos
1152 1930 1237 1956 esse
1271 1916 1390 1956 duxit.
1449 1917 1526 1954 Sed
1555 1924 1592 1953 et

206 1976 254 2012 R.
280 1977 328 2012 D.
353 1973 669 2013 Constantiensis
699 1974 907 2023 episcopus
928 1980 1088 2011 vocatus
1113 1974 1262 2021 legatos
1291 1984 1383 2009 suos
1412 1969 1593 2008 honorifi-

204 2028 450 2066 centissimos
471 2029 547 2064 huc
565 2027 824 2065 transmittere
841 2028 1023 2076 dignatus
1044 2033 1113 2072 est,
1129 2039 1200 2074 pro
1213 2038 1293 2085 quo
1313 2024 1353 2062 in
1373 2037 1445 2062 nos
1465 2022 1592 2061 officio

205 2094 365 2131 magnas
387 2094 457 2119 nos
479 2080 532 2118 illi
555 2080 694 2129 gratias
720 2080 865 2118 debere
894 2081 1069 2117 fatemur.
1128 2078 1167 2117 Si
1189 2079 1275 2128 quis
1305 2091 1396 2128 ergo
1417 2091 1462 2116 ex
1481 2077 1591 2115 vobis

206 2134 390 2173 Huldrici
422 2134 588 2184 Zuinglii
623 2133 842 2172 doctrinam
875 2133 914 2170 in
949 2134 1064 2170 huius
1096 2131 1201 2170 urbis
1240 2139 1396 2170 nostrae
1429 2129 1592 2169 ecclesia

204 2189 362 2239 publice
382 2188 563 2227 traditam
585 2188 890 2237 reprehensione
910 2187 1071 2236 dignam
1093 2185 1296 2235 putaverit,
1319 2187 1350 2223 si
1372 2184 1458 2235 quis
1477 2185 1590 2222 certis

204 2243 420 2281 rationibus
441 2243 709 2281 demonstrare
730 2240 909 2290 potuerit,
931 2254 1017 2279 eam
1039 2241 1100 2279 vel
1120 2241 1256 2278 falsam
1277 2240 1338 2278 vel
1358 2237 1589 2277 haereticam

204 2310 315 2336 esse:
354 2297 445 2334 huic
471 2295 636 2334 liberum
668 2303 752 2334 esto
782 2294 911 2344 ipsum
945 2295 1103 2344 publice
1133 2307 1264 2332 coram
1298 2294 1374 2331 hoc
1405 2303 1589 2330 consessu

204 2358 333 2388 nestro
367 2349 504 2388 erroris
533 2362 692 2399 arguere
721 2356 759 2387 et
788 2348 943 2386 divinae
978 2350 1199 2397 Scripturae
1232 2347 1397 2385 oraculis
1431 2343 1590 2383 meliora

204 2406 397 2450 edocere·
427 2416 500 2441 nec
521 2411 579 2441 est
599 2411 640 2440 ut
661 2402 775 2440 ullius
797 2401 956 2451 periculi
988 2410 1093 2440 metu
1115 2401 1278 2448 territus,
1301 2413 1402 2450 quae
1422 2397 1590 2437 dicenda

204 2471 288 2498 esse
318 2457 437 2504 novit,
469 2457 637 2495 reticeat.
700 2456 884 2494 Liberum
914 2455 1019 2494 enim
1050 2455 1172 2493 cuixis
1192 2467 1277 2493 esse
1297 2455 1378 2492 vult
1403 2450 1588 2501 amplissi-
