1715 2780
142 122 224 162 305
580 112 641 149 IN
672 110 913 156 GENEVA,
952 120 1098 159 1541-2
1462 110 1536 156 627

144 232 222 271 que
241 219 478 265 resistamus,
501 216 697 267 nobisque
717 214 956 254 desiderium
979 214 1136 264 largitus
1163 219 1232 259 est,
1255 212 1540 263 cupiditatibus

144 272 286 313 nostris
307 271 577 319 renunciandi,
609 283 689 321 quo
719 268 905 308 iustitiam
935 267 1037 306 illius
1068 266 1414 317 sanctissimasque
1435 268 1540 317 leges

144 334 183 367 et
203 326 500 378 praeceptiones
521 326 775 365 observemus
795 340 801 363 :
823 331 972 362 certum
993 330 1112 372 atque
1134 323 1379 371 exploratum
1401 321 1542 360 habea-

145 395 232 421 mus
253 381 346 420 vitia
365 380 499 420 omnia
519 393 620 430 quae
642 379 681 417 in
702 378 816 417 nobis
838 385 929 416 sunt
944 378 1108 415 minime
1123 376 1308 415 obfutura
1328 375 1541 426 quominus

146 449 218 475 nos
252 435 435 474 admittat
469 436 690 485 dignosque
722 434 872 479 reddat,
912 431 979 481 qui
1015 430 1204 481 spirituali
1243 431 1319 468 hoc
1358 430 1542 468 convivio

146 490 437 541 participemus.
497 491 639 538 Neque
670 487 775 526 enim
806 487 859 525 ob
889 499 976 525 eam
1003 499 1163 524 causam
1185 486 1262 523 huc
1284 484 1475 531 venimus,
1500 492 1541 523 ut

146 546 400 595 profiteamur
432 556 504 581 nos
540 542 709 592 integros
738 549 775 580 et
806 542 928 579 iustos
959 553 1043 578 esse
1073 539 1111 576 in
1140 538 1445 589 nobismetipsis,
1470 540 1540 577 scd

145 598 275 649 potius
296 598 415 637 vitam
437 605 611 636 nostram
633 609 778 646 magno
799 595 931 633 studio
952 595 991 632 in
1013 593 1173 634 Christo
1196 595 1286 631 Iesu
1309 601 1542 642 quaerentes

147 655 314 692 fatemur
342 665 416 690 nos
445 651 486 689 in
515 658 640 689 morte
669 658 789 700 atque
819 649 937 688 exitio
966 647 1121 687 versari.
1179 649 1406 686 Teneamus
1428 647 1543 697 igitur

145 716 265 758 atque
285 706 559 756 intelligamus,
583 706 881 743 Sacramentum
904 704 980 741 hoc
1001 702 1141 741 morbo
1168 715 1214 740 ac
1235 703 1372 740 dolore
1393 701 1542 740 affectis

148 761 386 800 medicinam
417 773 513 807 esse,
546 758 859 809 dignitatemque
887 770 1058 803 omnem,
1083 770 1203 806 quam
1232 770 1254 794 a
1284 755 1400 794 nobis
1433 758 1542 794 Deus

146 815 317 866 requirit,
351 815 392 853 in
422 828 470 854 eo
500 815 655 860 versari,
691 821 733 851 ut
762 813 1026 862 nosmetipsos
1059 811 1399 860 quemadmodum
1439 818 1544 849 recta

147 870 245 909 ratio
275 868 502 920 praescribit
530 880 803 918 agnoscamus,
828 868 1088 916 doloremque
1116 864 1331 903 maximum
1362 878 1408 902 ac
1439 878 1544 902 moe-

147 937 275 963 rorem
307 937 353 962 ex
386 922 487 962 vitiis
519 922 660 961 nostris
687 921 900 972 capiamus,
931 922 1256 971 voluptatemque
1286 925 1324 958 et
1355 918 1543 958 laetitiam

147 992 308 1018 omnem
329 978 368 1016 in
390 991 437 1016 eo
459 978 710 1015 collocemus.

204 1034 379 1071 Primum
413 1031 528 1082 igitur
567 1032 686 1070 fidem
726 1030 944 1068 habeamus
978 1027 1192 1077 promissis,
1229 1040 1332 1077 quae
1363 1026 1543 1066 Christus

152 1089 274 1134 Iesus,
297 1087 436 1125 veritas
466 1087 550 1136 ipsa
579 1092 765 1124 constans
796 1091 834 1122 et
865 1084 986 1129 firma,
1011 1082 1126 1120 nobis
1155 1081 1352 1121 ostendit:
1382 1082 1482 1120 velle
1503 1094 1544 1119 se

150 1141 332 1181 videlicet
352 1154 441 1179 vere
458 1139 667 1178 nobiscum
688 1151 847 1176 carnem
878 1144 916 1176 et
937 1136 1168 1187 sanguinem
1191 1149 1305 1175 suum
1327 1135 1545 1174 communi-

149 1208 248 1243 care,
271 1202 313 1234 ut
342 1207 433 1233 eum
464 1201 591 1233 totum
621 1201 740 1243 atque
770 1192 962 1242 integrum
995 1190 1280 1241 possideamus,
1309 1190 1473 1240 ipseque
1505 1191 1544 1228 in

151 1249 266 1289 nobis
290 1249 404 1296 vivat,
428 1255 466 1287 et
493 1261 565 1287 nos
593 1249 632 1285 in
664 1247 741 1285 illo.
803 1248 852 1284 Et
883 1244 1062 1295 quamvis
1092 1244 1189 1282 nihil
1220 1243 1295 1282 nisi
1324 1257 1468 1294 panem
1498 1256 1544 1282 ac

150 1304 284 1342 vinum
306 1303 532 1342 videamus:
564 1301 727 1340 minime
754 1308 887 1339 tamen
914 1299 1143 1338 dubitemus
1171 1298 1267 1348 quin
1296 1298 1546 1348 spiritualiter

149 1358 189 1396 in
209 1356 350 1397 animis
371 1356 512 1395 nostris
534 1356 574 1395 id
593 1369 713 1394 omne
733 1355 893 1404 impleat
909 1366 954 1392 ac
974 1353 1160 1403 perficiat,
1180 1353 1289 1403 quod
1305 1352 1545 1391 extrinsecus

150 1412 190 1450 in
229 1411 288 1450 his
328 1410 634 1461 aspectabilibus
683 1408 802 1460 signis
840 1415 1151 1447 commonstrat:
1193 1407 1322 1456 ipsum
1362 1406 1545 1445 videlicet

150 1479 294 1517 panem
308 1478 393 1504 esse
406 1466 630 1512 coelestem,
649 1463 717 1514 qui
733 1476 805 1501 nos
820 1464 956 1501 alatae
974 1461 1118 1500 nutriat
1131 1462 1182 1500 ad
1195 1461 1314 1499 vitam
1331 1468 1543 1500 aeternam.

152 1522 292 1571 Itaque
313 1532 363 1558 ne
384 1519 424 1557 in
445 1518 665 1557 bonitatem
686 1517 880 1556 infinitam
908 1516 1072 1554 Domini
1101 1515 1239 1566 ingrati
1260 1515 1392 1562 simus,
1417 1515 1483 1564 qui
1506 1515 1544 1552 in

150 1575 224 1613 hac
245 1587 382 1612 mensa
402 1572 557 1612 divitias
584 1585 760 1622 opesque
788 1584 876 1609 suas
904 1583 1043 1608 omnes
1071 1569 1243 1620 exponit,
1267 1577 1308 1608 ut
1330 1582 1395 1608 eas
1415 1569 1546 1607 nobis-

150 1642 241 1667 cum
274 1627 553 1666 communicet.
613 1625 741 1665 Nobis
774 1625 879 1664 enim
912 1637 998 1664 sese
1030 1624 1196 1674 largiens
1236 1622 1466 1661 testificatur
1504 1636 1545 1661 se

151 1681 338 1733 quicquid
362 1681 481 1720 habet
503 1681 541 1719 in
563 1693 635 1719 nos
656 1681 906 1730 profundere.
958 1678 1231 1727 Quamobrem
1248 1679 1544 1715 Sacramentum

150 1738 226 1775 hoc
247 1744 436 1786 tanquam
458 1735 599 1785 pignus
628 1733 798 1772 iustitiae
828 1732 949 1782 ipsius
979 1731 1224 1781 recipiamus,
1248 1744 1350 1780 quae
1371 1730 1487 1769 nobis
1510 1731 1544 1768 vi

152 1790 288 1829 mortis
317 1803 363 1828 ac
393 1788 575 1839 supplicii
596 1788 697 1826 illius
720 1786 988 1837 imputabitur,
1012 1785 1135 1823 nihilo
1157 1785 1284 1823 secius
1305 1798 1425 1834 quam
1446 1785 1477 1822 si
1498 1798 1546 1823 eo

151 1843 345 1895 supplicio
366 1841 599 1892 nosmetipsi
618 1841 747 1880 affecti
764 1853 950 1880 essemus.
1011 1841 1073 1878 Ne
1104 1839 1218 1890 igitur
1246 1846 1325 1877 tam
1353 1838 1547 1888 pervicaci

150 1912 196 1937 ac
217 1897 370 1949 perdita
390 1904 528 1935 natura
548 1896 680 1943 simus,
704 1903 746 1934 ut
773 1902 857 1933 tum
885 1893 1092 1944 fugiamus,
1115 1906 1239 1943 quum
1268 1893 1447 1932 Christus
1473 1906 1546 1931 nos

152 1960 232 1991 tam
261 1951 485 1990 humaniter
513 1964 559 1989 ac
588 1949 798 1989 liberaliter
828 1962 900 1987 suo
930 1948 1050 1986 verbo
1068 1947 1214 1985 invitat.
1274 1948 1353 1986 Sed
1374 1947 1548 1985 muneris

151 2006 278 2054 huius,
302 2006 411 2056 quod
440 2004 556 2043 nobis
586 2003 768 2054 impertit,
790 2002 959 2053 pretium
988 2015 1035 2040 ac
1060 2001 1290 2052 dignitatem
1312 2008 1547 2051 spectantes,

150 2060 304 2100 ardenti
334 2059 466 2098 studio
496 2058 530 2097 ei
561 2071 633 2097 nos
662 2059 883 2104 offeramus,
907 2064 949 2095 ut
978 2063 1057 2094 tam
1088 2056 1261 2106 pretioso
1292 2068 1454 2093 munere
1475 2068 1547 2093 nos

152 2114 294 2165 dignos
313 2114 464 2152 reddat.
525 2113 590 2152 Ob
612 2125 779 2161 eamque
801 2124 959 2149 causam
980 2110 1134 2148 animos
1155 2123 1201 2148 ac
1222 2116 1375 2148 mentes
1395 2116 1548 2147 nostras

152 2181 306 2207 sursum
327 2167 532 2218 erigamus,
549 2167 617 2205 ubi
639 2167 818 2206 Christus
840 2173 897 2204 est
916 2164 957 2202 in
976 2163 1100 2215 gloria
1120 2163 1255 2211 Patris,
1271 2170 1309 2202 et
1330 2164 1437 2201 unde
1457 2175 1548 2201 eum

152 2236 224 2261 nos
262 2223 313 2262 ad
351 2221 666 2271 redemptionem
707 2227 881 2258 nostram
920 2225 1206 2268 exspectamus.
1266 2218 1408 2265 Neque
1456 2229 1549 2254 vero

153 2276 307 2315 animos
328 2275 368 2313 in
389 2275 448 2313 his
469 2274 630 2314 terrenis
651 2282 689 2312 et
709 2273 870 2312 caducis
891 2271 1096 2311 elementis
1109 2283 1363 2320 occupemus,
1386 2283 1489 2319 quae
1510 2278 1548 2308 et

153 2330 279 2369 oculis
310 2329 506 2368 cernimus
532 2336 570 2368 et
595 2328 778 2366 manibus
802 2334 1025 2372 tractamus,
1049 2325 1159 2375 quasi
1188 2338 1279 2363 eum
1311 2323 1364 2362 ibi
1390 2337 1549 2373 quaera-

155 2397 253 2430 mus,
276 2391 319 2422 ut
351 2383 390 2421 in
424 2396 526 2432 pane
553 2382 726 2432 vinoque
756 2381 963 2419 inclusum.
1023 2381 1128 2417 Tum
1154 2378 1260 2416 enim
1281 2377 1401 2415 animi
1424 2378 1547 2416 nostri

154 2436 373 2476 substantia
407 2436 489 2475 eius
520 2436 570 2475 ali
603 2449 649 2474 ac
683 2435 819 2474 nutriri
852 2440 1047 2484 poterunt,
1082 2446 1205 2482 quum
1241 2444 1357 2481 supra
1396 2438 1548 2470 terrena

153 2491 287 2531 omnia
315 2490 433 2530 erecti
462 2491 513 2529 ad
540 2491 673 2529 coelos
703 2501 828 2539 usque
854 2487 1087 2538 pertingent,
1111 2494 1151 2525 ut
1183 2486 1221 2525 in
1251 2487 1434 2538 Regnum
1458 2485 1545 2533 Dei,

795 2553 813 2580 s
835 2555 851 2580 s
874 2556 892 2579 2
