1715 2780
96 74 184 114 206
538 70 598 108 IN
629 59 862 114 zomon,
899 78 1051 117 1524-5
1416 77 1491 113 445

97 174 406 216 communicatio
435 173 625 213 ecclesiae
654 172 735 212 sive
760 170 948 217 fidelium,
972 177 1010 209 et
1041 167 1250 220 spiritualis
1277 181 1494 207 sacramen-

96 232 264 282 talisque
293 229 549 268 manducatio
587 226 761 278 corporis
801 224 973 273 Christi,-
1011 230 1148 262 contra
1181 236 1273 261 vero
1312 221 1494 260 universa

97 286 277 324 omittere
297 297 399 335 quae
428 297 475 322 ex
505 281 651 323 Christi
681 281 859 320 instituto
889 292 969 318 non
1001 285 1114 318 sunt:
1145 284 1250 328 puta,
1280 276 1493 316 Offerimus

96 339 304 379 efficaciter
325 351 395 389 pro
416 338 512 377 vivis
542 344 579 376 et
610 335 797 375 mortuis:
825 333 1038 374 Offerimus
1067 346 1139 383 pro
1166 338 1419 382 peccatorum
1441 344 1495 368 re-

97 393 295 441 missione,
336 400 374 432 et
412 399 541 431 cetera
579 404 681 442 quae
720 390 902 440 Papistae
936 401 1017 428 non
1057 388 1186 426 minus
1227 385 1346 436 impie
1374 398 1492 435 quam

97 449 257 488 indocte
276 447 520 486 adseverant.

150 502 335 552 Sequitur
370 502 465 539 actio
501 514 577 549 qua
619 499 757 548 Tagum·
790 503 826 536 et
862 499 1016 535 Bernae
1053 496 1232 534 Basileae
1271 494 1495 544 reliquisque

101 557 349 597 Clm'stianae
373 555 539 595 cecitatis
568 555 734 602 urbibus,
754 558 943 602 quantum
964 552 1019 589 ad
1034 551 1289 589 substantiam
1309 549 1489 600 pertinet,

97 612 255 650 utimur.

151 666 284 704 Primo
299 665 547 716 praedicatur
568 661 660 701 satis
680 663 799 712 longo
820 673 1002 699 sermone
1024 658 1263 698 beneficium
1286 656 1361 696 Dei
1383 657 1492 707 quod

97 718 211 759 nobis
238 733 306 770 per
336 718 479 757 Filium
504 730 620 756 suum
645 716 851 767 impendit,
875 722 914 753 et
943 713 1107 753 trahitur
1127 713 1298 763 populus
1327 712 1379 751 ad
1409 711 1492 750 eius

97 773 151 814 rei
188 772 455 825 cognitionem
493 779 531 811 et
559 772 767 822 gratiarum
807 768 1018 808 actionem.
1079 769 1140 806 Eo
1179 766 1301 814 finito,
1336 765 1494 816 ponitur

98 841 236 868 mensa
281 835 373 866 ante
411 827 588 874 chorum,
612 833 654 864 ut
688 831 843 871 vocant,
884 837 955 874 pro
993 821 1191 873 gradibus,
1228 834 1274 860 ea
1309 819 1493 859 sternitur

98 883 259 930 mantili,
297 880 512 932 imponitur
543 879 655 930 panis
690 892 849 929 azymus
889 885 926 916 et
959 878 1094 915 vinum
1134 876 1174 914 in
1209 882 1375 914 crateras
1409 875 1493 912 fun-

96 938 212 976 ditur.
271 935 429 975 Deinde
453 934 584 986 prodit
614 936 752 973 Pastor
781 946 872 971 cum
902 931 1061 971 duobus
1090 929 1286 976 ministris,
1316 928 1383 979 qui
1413 942 1493 967 om-

97 1004 168 1030 nes
195 997 477 1030 convertuntur
500 990 550 1029 ad
581 989 785 1040 populum,
808 987 860 1026 ita
887 994 928 1025 ut
954 988 1091 1025 Pastor
1112 984 1192 1023 sive
1220 983 1430 1035 episcopus
1454 982 1493 1021 in

98 1045 231 1085 medio
257 1045 413 1084 illorum
435 1051 508 1083 stet
530 1057 610 1082 non
631 1042 706 1081 alia
725 1048 832 1080 veste
853 1054 972 1092 quam
1000 1053 1102 1090 quae
1125 1040 1243 1089 vulgo
1270 1038 1412 1077 usitata
1436 1046 1494 1076 est

97 1099 273 1139 honestis
302 1098 392 1137 viris
417 1106 456 1137 et
485 1097 670 1136 ministris
699 1095 900 1135 ecclesiae.
959 1097 1074 1133 Tunc
1099 1093 1154 1132 sic
1179 1092 1329 1132 orditur
1357 1093 1495 1130 Pastor

96 1155 175 1192 alta
212 1166 320 1201 voce,
355 1152 487 1203 lingua
518 1165 610 1191 vero
650 1164 730 1191 non
766 1149 906 1189 Latina
940 1150 1010 1188 sed
1040 1147 1198 1198 vulgari,
1236 1160 1316 1197 quo
1355 1159 1495 1185 omnes

97 1207 316 1259 intelligant
336 1208 445 1258 quod
465 1206 590 1257 agitur

324 1263 375 1300 In
397 1262 544 1299 nomine
563 1261 699 1298 Patris
717 1265 754 1297 et
770 1260 868 1297 Elii
884 1264 920 1296 et
939 1258 1109 1307 Spiritus
1127 1257 1258 1295 sancti.

114 1362 117 1365 Ι
155 1317 415 1368 Respondent
436 1314 603 1354 ministri
623 1313 784 1352 nomine
805 1320 844 1352 et
863 1314 952 1352 loco
974 1310 1093 1350 totius
1115 1309 1314 1357 ecclesiae,
1339 1310 1472 1348 Amen.

154 1372 313 1410 Pastor:
348 1371 520 1410 Oremus.
581 1369 699 1408 Nunc
720 1381 848 1418 genua
870 1365 989 1406 flectit
1011 1364 1186 1404 ecclesia.

157 1425 404 1475 Omnipotens
440 1429 589 1462 aeterne
626 1424 745 1470 Deus,
793 1435 900 1472 quem
942 1422 1025 1459 iure
1063 1420 1262 1458 universae
1299 1423 1496 1457 creaturae

98 1480 227 1517 colunt
247 1480 416 1518 adorant
439 1483 476 1517 et
499 1478 729 1524 collaudant,
752 1489 864 1514 snum
887 1475 1056 1515 videlicet
1078 1474 1270 1524 artfficem,
1293 1478 1495 1511 creatorem

99 1546 142 1572 ac
158 1539 324 1583 patrem,
364 1534 415 1571 da
454 1533 558 1571 nobis
595 1532 742 1570 miseris
770 1530 1037 1581 peccatoribus,
1072 1533 1117 1567 ut
1152 1541 1233 1566 eam
1272 1528 1424 1565 laudem
1462 1532 1499 1563 et

94 1589 317 1637 gratiarum
352 1587 532 1626 actionem
559 1599 675 1636 quam
711 1586 928 1635 mngem‘tus
958 1584 1089 1622 Fusus
1119 1588 1206 1620 tuus
1235 1583 1290 1620 D.
1313 1582 1367 1620 N.
1390 1582 1426 1618 J.
1454 1582 1495 1619 C.

100 1643 204 1680 nobis
223 1641 506 1690 adfizcz‘endum
527 1640 698 1679 instituit
711 1640 856 1678 sincera
865 1639 948 1688 fide
952 1644 1198 1688 peragamus.
1249 1636 1330 1674 Per
1341 1636 1495 1672 eundem

99 1697 158 1734 D.
179 1697 233 1734 JV.
255 1697 291 1734 I.
320 1696 364 1734 C.
387 1697 463 1733 &a
524 1696 664 1733 Amen.

156 1749 237 1788 Hie
262 1749 355 1800 legit
384 1748 559 1787 minister
583 1747 651 1798 qui
677 1748 728 1786 ad
755 1748 950 1785 sinistram
976 1752 1061 1784 stat.
1127 1745 1243 1794 Quod
1259 1745 1337 1782 iam
1358 1743 1498 1792 legitur

101 1805 283 1854 scriptum
303 1808 359 1842 est
376 1803 562 1853 inpriore
582 1802 738 1852 epistola
760 1801 887 1839 Pauli
903 1801 957 1838 ad
979 1801 1066 1839 Cor.
1088 1800 1141 1837 xi.
1167 1795 1348 1851 [20-29.]

155 1860 271 1896 Tunc
292 1858 532 1908 respondent
554 1855 719 1895 ministri
741 1868 832 1894 cum
858 1853 1024 1893 ecclesia
1045 1869 1050 1891 :
1082 1855 1190 1891 Laus
1208 1854 1306 1891 Deo.

156 1914 315 1951 Pastor:
351 1912 490 1951 Gloria
506 1912 547 1950 in
560 1911 710 1949 excelsis
723 1911 821 1948 Deo.
866 1908 1096 1947 Diaconus¹
1117 1923 1123 1945 :
1154 1908 1215 1946 Et
1228 1907 1268 1945 in
1286 1911 1494 1956 terrapanf.

103 1966 474 2017 Hypodiaconus¹z
512 1965 746 2004 Hominibus
779 1976 876 2001 sana
911 1968 947 2000 et
984 1962 1199 2011 tranquilla
1235 1974 1345 1999 mens.
1407 1959 1497 1998 Dia-

101 2033 249 2059 conus:
279 2021 508 2059 Laudamus
535 2021 596 2067 Te,
617 2019 882 2057 Benedl'cl‘mus
908 2018 966 2055 Ie.
1028 2018 1078 2054 Et
1108 2023 1262 2054 caetera
1291 2028 1416 2064 usque
1446 2014 1497 2053 ad

103 2075 222 2114 finem
261 2074 377 2113 huius
417 2073 551 2124 hymni
592 2073 841 2123 complentur
870 2070 1028 2109 alternis
1058 2069 1267 2120 agentibus
1298 2067 1495 2113 ministris,

102 2142 256 2168 versum
291 2142 360 2179 pro
392 2141 515 2175 versu,
550 2127 717 2166 ecclesia
751 2125 885 2165 onmia
918 2124 1173 2175 intelligente,
1211 2132 1249 2162 et
1289 2122 1394 2173 prius
1433 2123 1497 2160 ad-

103 2182 251 2222 monita
271 2190 313 2221 ut
332 2182 500 2233 quisque
521 2194 655 2221 secum
677 2194 778 2231 quae
799 2179 984 2220 dicuntur
1004 2178 1043 2217 in
1071 2186 1230 2230 pectore
1253 2179 1432 2226 loquatur
1453 2190 1497 2213 ac

102 2243 265 2287 reputet,
288 2236 328 2274 in
349 2244 565 2287 conspectu
589 2235 663 2274 Dei
684 2242 722 2274 et
743 2233 943 2273 ecclesiae.

157 2290 361 2330 Diaconus
388 2290 509 2330 dicit:
540 2290 736 2329 Dominus
764 2290 958 2328 vobiscum.
1021 2287 1284 2337 Respondent
1311 2283 1499 2322 ministri:

102 2346 164 2384 Et
179 2358 260 2383 cnm
279 2345 418 2395 spiritu
438 2350 512 2383 tuo.

147 2409 154 2427 ¹
182 2409 259 2442 Men
287 2410 351 2441 and
380 2420 505 2441 women
539 2408 753 2448 alternately:
788 2408 817 2438 in
847 2407 900 2439 ihc
934 2408 1076 2439 (jermai
1114 2404 1245 2444 .·ltl1'on,
1275 2406 1335 2435 ἃς.
1367 2401 1501 2444 [Daniel

104 2452 148 2484 iii.
166 2451 241 2493 150]
259 2458 291 2485 at
309 2453 436 2485 Ziirich.
