1715 2780
171 96 247 133 344
357 82 476 121 THE
507 81 816 130 COLLOQUY
849 82 920 121 OF
950 81 1249 127 RATISBON,
1286 92 1381 130 1541
1496 87 1564 128 137

168 196 236 235 est,
269 188 378 238 quod
407 188 480 225 hac
511 186 588 225 fide
618 194 780 224 eatenus
809 185 1074 231 iusfificamur,
1097 184 1138 224 id
1163 192 1233 224 651
1258 191 1508 234 acceptamur
1529 191 1566 222 et

168 240 467 281 leconciliamur
507 242 606 287 Deo,
639 246 833 300 quatenus
875 237 1135 290 apprehendit
1181 225 1487 277 misericordiam
1527 245 1565 276 et

168 295 355 334 iustitiam
384 308 485 345 quae
508 272 624 333 nobis
651 294 864 344 imputatur
888 300 1044 344 propter
1071 291 1273 333 Christum
1294 300 1333 331 et
1353 291 1435 331 eius
1456 291 1566 330 meri-

169 358 266 398 tum,
287 363 369 388 non
390 356 547 400 propter
563 348 792 399 dignitatem
814 361 882 387 seu
904 346 1185 398 perfectionem
1206 345 1375 385 iustitiae
1390 345 1535 385 nobis
1527 359 1565 383 1n

170 403 329 444 Christo
350 402 678 442 communicatae.

226 457 309 497 Etsi
338 464 470 496 autem
501 456 531 495 is
562 457 629 506 qui
658 455 888 494 iustificatur
914 455 1099 494 iustitiam
1129 453 1271 505 accipit
1295 462 1333 493 et
1359 454 1479 493 habet
1499 467 1567 504 per

171 512 372 551 Christum
389 511 507 550 etiam
528 510 810 558 inhaerentem,
834 509 933 548 sicut
954 509 1049 548 dicit
1069 510 1297 559 Apostolus,
1308 507 1445 547 Abluti
1462 508 1565 554 estis,

171 565 400 604 sanctificati
431 564 534 611 estis,
556 564 753 602 iustificati
780 563 871 603 estis
893 571 979 612 etc„
1003 576 1122 614 quare
1143 562 1267 601 sancti
1287 570 1415 612 patres
1436 561 1568 601 iustifi-

172 620 247 658 cari
283 619 400 658 etiam
435 632 506 669 pro
540 631 587 657 eo
627 619 735 668 quod
769 625 827 656 est
861 618 1131 656 inhaerentem
1170 616 1357 656 iustitiam
1391 615 1569 667 accipere

171 681 429 723 usurparunt:
465 681 598 711 tamen
627 672 759 710 anima
789 672 914 711 fidelis
944 671 1035 710 huic
1070 684 1151 710 non
1179 670 1366 718 innititur,
1398 671 1469 709 sed
1495 670 1567 708 soli

171 727 340 766 iustitiae
371 726 516 767 Christi
543 726 659 765 nobis
680 727 863 773 donatae,
886 725 970 765 sine
994 739 1072 776 qua
1100 726 1264 764 omnino
1289 726 1396 763 nulla
1416 732 1474 763 est
1494 737 1567 762 nec

172 794 257 820 esse
287 788 416 832 potest
446 780 600 819 iustitia.
662 782 711 818 Et
741 780 795 818 510
827 781 905 819 fide
934 779 975 818 in
1001 779 1202 819 Christum
1225 778 1480 817 iustificamur
1500 791 1570 816 seu

172 843 398 886 reputamur
426 834 527 882 iusti,
550 834 590 873 id
620 842 688 881 est,
710 834 862 884 accepti
892 847 960 884 per
989 833 1110 883 ipsius
1138 832 1284 881 merita,
1307 846 1389 871 non
1413 839 1570 882 propter

173 897 346 928 nostram
368 888 598 939 dignitatem
619 896 685 926 aut
707 901 826 938 opera
847 918 854 926 .
878 919 885 926 .
910 919 916 926 .

227 943 282 994 (b)
314 945 431 981 From
453 957 477 981 a
498 944 606 980 leller
623 942 993 991 ofslffelcznclztlzon’s,
1017 956 1062 979 10
1086 940 1332 991 May.—Hic
1358 948 1569 991 postquam

173 996 470 1036 conciliationes
486 996 686 1035 institutae
707 1004 809 1044 sunt,
824 995 1014 1046 principia
1031 994 1245 1034 mediocria
1260 996 1427 1033 fuerunt.
1478 995 1571 1044 Περὶ

173 1054 237 1101 τῆς
266 1052 498 1101 δικαιοσύνης
523 1054 587 1101 τῆς
616 1055 655 1090 ἐκ
683 1052 842 1091 πίστεως
865 1049 1060 1089 convenit.
1120 1047 1409 1088 Adsentiuntur
1429 1047 1571 1087 delecti

174 1105 374 1144 iustificari
403 1105 584 1144 homines
614 1106 703 1152 fide,
737 1112 774 1143 et
799 1105 961 1155 quidem
988 1103 1028 1142 in
1055 1116 1140 1143 eam
1172 1102 1407 1142 sententiam
1434 1110 1476 1140 ut
1500 1115 1571 1141 nos

174 1161 376 1199 docemus.
438 1160 622 1198 Formula
648 1159 867 1209 composita
895 1166 953 1197 est
973 1171 1086 1208 quae,
1109 1157 1176 1196 etsi
1200 1156 1353 1196 brevior
1374 1164 1431 1195 est
1452 1170 1571 1207 quam

174 1227 316 1252 causae
337 1213 568 1264 magnitudo
591 1214 774 1263 postulat,
797 1221 931 1251 tamen
958 1211 1166 1250 mediocris
1195 1219 1263 1250 est.
1323 1213 1466 1249 Postea
1495 1211 1572 1249 fue-

176 1275 264 1306 runt
277 1267 549 1306 altercationes
564 1269 613 1306 de
629 1268 860 1306 auctoritate
875 1267 1136 1316 Synodorum.
1169 1264 1478 1305 Contendebant
1491 1277 1572 1303 non

175 1335 290 1372 posse
311 1334 435 1360 errare
456 1321 628 1371 legitime
649 1329 908 1359 convocatam
930 1321 1146 1370 Synodum.
1205 1320 1388 1369 Cumque
1415 1332 1496 1357 non
1516 1332 1576 1356 as-

176 1377 419 1422 sentiremur,
439 1375 580 1414 reiecta
594 1384 651 1413 est
667 1375 881 1425 disputatio
894 1374 934 1412 in
949 1375 1056 1412 aliud
1072 1381 1239 1423 tempus,
1256 1380 1435 1411 secutum
1450 1373 1574 1411 maius

176 1436 373 1468 certamen
405 1431 488 1479 περὶ
516 1431 663 1468 δείπνου
692 1432 874 1480 κυριακοῧ.
943 1429 1094 1466 Volunt
1122 1427 1261 1465 mutari
1291 1440 1433 1476 panem
1461 1433 1500 1465 et
1520 1440 1574 1464 re—

176 1483 347 1533 positum
377 1483 540 1522 adorari.
601 1483 721 1522 Nolui
755 1482 944 1528 assentiri,
976 1481 1109 1531 suique
1144 1482 1276 1519 durior
1310 1493 1427 1530 quam
1463 1493 1574 1518 meus

177 1539 416 1588 παραστάτης
465 1536 652 1589 [Butze1·]‚
699 1537 763 1587 qui
814 1536 905 1575 olim
961 1535 1128 1573 maxime
1179 1534 1420 1584 oppugnavit
1468 1534 1571 1572 illam

175 1592 460 1630 adorationem.

236 1707 323 1749 No.
347 1707 436 1759 138.
499 1705 605 1749 The
635 1707 902 1759 prospects
929 1704 986 1747 of
1009 1703 1264 1754 re·uni0n;
1296 1704 1446 1746 letter
1470 1702 1525 1746 of

486 1763 724 1806 Cardinal
755 1764 890 1814 Ρο16,
911 1773 956 1814 17
979 1763 1099 1816 May
1119 1773 1229 1829 ¹54¹&

298 1892 304 1899 .
336 1861 446 1899 Sensi
477 1874 567 1899 vero
598 1861 661 1899 tali
694 1874 756 1899 me
786 1859 967 1910 perfundi
1001 1858 1146 1909 gaudio
1178 1871 1267 1896 011111
1303 1859 1404 1896 hanc
1440 1870 1576 1896 conso—

181 1915 354 1954 nantiam
399 1914 632 1965 opinionum
673 1914 855 1961 viderem,
892 1921 1042 1963 quanto
1085 1913 1191 1950 nulla
1230 1911 1408 1962 quamvis
1448 1910 1576 1949 suavis

180 1968 356 2008 armonia
394 1968 571 2006 animum
610 1976 647 2006 et
682 1981 794 2006 aures
826 1980 1000 2017 unquam
1033 1967 1275 2016 permulcere
1306 1972 1462 2014 posset;
1502 1977 1575 2003 nec

181 2036 272 2062 vero
307 2029 460 2061 tantum
501 2023 552 2060 ob
593 2035 677 2060 eam
721 2034 878 2059 causam
909 2021 1017 2070 quod
1052 2032 1238 2069 magnum
1272 2019 1575 2056 fundamentum

180 2076 288 2128 pacis
326 2084 363 2115 et
397 2075 632 2114 concordiae
669 2075 815 2113 iactum
854 2087 939 2113 esse
972 2073 1156 2112 videbam
1195 2086 1313 2123 quam
1352 2073 1460 2122 quod
1500 2073 1576 2111 hoc

182 2131 485 2170 fundamentum
518 2130 613 2168 illud
645 2141 896 2179 agnoscerem
930 2128 1038 2177 quod
1073 2140 1188 2176 super
1221 2126 1365 2173 omnia,
1400 2134 1441 2164 ut
1479 2125 1575 2164 mihi

182 2184 345 2235 quidem
384 2183 547 2242 videtur,
583 2182 745 2232 gloriam
786 2181 931 2221 Christi
971 2181 1164 2219 illustrat·
1156 2211 1165 2228 ,
1213 2188 1271 2219 651
1310 2193 1401 2218 vero
1440 2180 1576 2218 funda-

182 2245 361 2277 mentum
402 2237 521 2276 totius
563 2235 765 2275 doctrinae
807 2234 1066 2275 Christianae.
1152 2234 1237 2272 Etsi
1275 2235 1380 2273 enim
1423 2234 1575 2272 diversa

183 2292 335 2330 tractari
367 2291 549 2330 videntur
586 2299 627 2328 ut
667 2291 717 2328 de
756 2289 853 2327 Fide
889 2296 926 2327 et
958 2288 1154 2338 Operibus
1192 2301 1238 2326 ac
1277 2288 1573 2334 Iustificatione‚

184 2354 317 2385 tamen
347 2345 480 2385 omnia
508 2346 559 2384 ad
588 2357 710 2382 unum
742 2342 1036 2382 Iustificationis
1067 2350 1184 2402 caput
1215 2341 1344 2380 referri
1377 2348 1414 2379 et
1445 2342 1495 2380 de
1526 2354 1574 2379 eo

184 2414 285 2438 com
290 2399 417 2438 6111556
438 2399 640 2449 utriusque
660 2398 778 2448 partis
805 2398 1009 2446 theologos
1038 2396 1204 2434 maxime
1224 2396 1404 2456 gratulor,
1427 2403 1464 2433 et
1486 2396 1574 2433 Deo

184 2467 250 2503 pei
283 2454 483 2493 Christum
523 2454 662 2503 gratias
700 2466 745 2501 ag
735 2465 773 2490 o
808 2451 871 2500 qui
906 2453 1001 2488 tales
1041 2464 1108 2488 105
1149 2449 1345 2488 ministros
1384 2448 1498 2498 elegit
1537 2455 1574 2486 et

1712 632 1714 642 ἡ
1710 581 1712 587 -
1713 559 1715 564 Δ
1709 368 1715 541 ΑᾼἸᾼὯ-,ο-
1708 161 1715 343 ᾼῂ»κ-Α-ᾼῌᾼ
