1715 2780
96 98 167 136 251
302 100 308 106 -
431 90 615 127 FAREL
646 89 706 127 IN
737 89 982 135 GENEVA,
1019 91 1172 139 1532-6
1422 101 1493 138 507

149 194 202 246 (b)
232 195 348 233 From
365 199 389 231 'a
411 194 554 232 minute
572 193 619 243 of
630 194 690 232 tlte
715 194 881 240 Coumil,
901 207 948 241 24
972 194 1366 232 Dec.—Resolutum
1388 196 1497 244 quod

95 247 340 299 praedicator
362 278 368 286 .
392 279 399 286 .
422 278 428 286 .
452 248 604 286 curiose
625 249 846 287 detineatur
876 247 915 286 in
936 249 1059 286 domo
1079 247 1305 298 episcopali,
1329 256 1367 286 et
1388 250 1497 299 quod

94 305 168 341 hac
199 309 316 341 nocte
348 301 421 341 sibi
452 303 595 341 dentur
633 309 709 341 tres
740 303 926 341 custodes
956 303 1055 341 ultra
1084 315 1152 341 eos
1182 310 1258 341 tres
1289 315 1389 352 quos
1419 302 1496 341 iarn

95 357 215 396 habet
229 371 240 405 3
268 364 317 404 et,
341 370 387 396 ea
410 357 630 404 occasione,
653 356 891 395 conveniant
918 357 1082 395 Domini
1107 356 1293 395 ordinarii
1318 357 1497 406 Consilii,

95 411 212 450 simul
232 412 422 450 vadamus
443 424 526 449 cras
547 412 598 449 ad
621 412 669 449 D.
686 410 915 459 Vicarium,¹
930 410 1174 461 requiramus
1190 412 1322 450 adhuc
1343 424 1434 450 eum
1456 419 1498 450 ut

95 466 406 516 praedicatorem
427 464 672 516 praedictum
690 466 763 504 sub
785 478 854 503 sua
875 467 1056 504 custodia
1076 496 1083 504 .
1107 497 1115 505 .
1139 496 1146 504 .
1169 465 1367 504 custodiat
1383 466 1498 504 nobis

95 550 103 559 .
127 550 134 557 .
156 551 163 558 .
187 527 236 568 et,
261 526 302 558 ut
322 527 535 569 cognoscat
557 520 633 558 hoc
654 519 781 569 ipsum
813 532 895 558 non
915 527 1050 559 nostro
1071 526 1181 558 motu
1203 527 1347 567 actum,
1371 528 1498 559 osten-

94 575 209 613 datur
246 573 282 612 ei
321 573 479 612 missiva
513 604 520 612 .
557 604 563 612 .
600 605 606 612 .
653 573 917 612 Dominorum
962 574 1234 613 Bernensium.
1305 576 1427 624 Quod
1467 576 1499 612 si

94 627 246 667 dictum
285 627 596 678 praedicatorem
639 628 818 667 detinere
856 628 1080 679 neglexerit,
1113 628 1358 679 accipiantur
1395 630 1499 667 testi-

94 682 296 730 moniales,
321 689 506 721 manente
526 682 784 721 nihilominus
805 684 985 721 custodia
1006 683 1254 733 praescripta,
1278 691 1316 722 et
1336 684 1498 722 tandem

97 736 281 775 Dominis
303 736 570 775 Bernensibus
591 750 709 787 quam
730 736 936 787 gratiosius
956 738 1098 787 poterit
1119 737 1321 777 scribatur.

95 824 185 870 No,
209 836 310 878 252.
363 825 607 878 Freiburg
627 825 858 926 reqssires
879 825 967 868 the
991 825 1240 879 silencing
1263 824 1320 867 of
1335 825 1500 877 Farel,

631 896 689 937 24
759 895 829 926 ec.
852 895 975 937 1533.

151 966 263 1004 Nous
283 977 405 1004 avons
426 965 624 1004 entenduz
644 972 847 1004 comment
869 966 980 1004 Farel
1002 978 1178 1015 avecque
1204 966 1348 1004 aultres
1376 964 1500 1015 pre'di-

96 1026 209 1057 cantz
223 1026 313 1058 sont
326 1032 374 1058 en
391 1027 518 1058 vostre
539 1019 637 1070 cyte',
656 1020 677 1057 a
694 1021 730 1058 la
744 1019 986 1070 postulation
1002 1020 1072 1058 des
1094 1021 1261 1058 certains
1278 1033 1374 1058 vous
1397 1027 1500 1069 cyto-

96 1086 191 1124 yens
204 1073 472 1123 particulierS.2
499 1073 724 1122 Messieurs‚
735 1087 831 1112 vous
846 1074 979 1124 scaves
993 1082 1195 1113 comment
1212 1088 1280 1124 par
1293 1075 1500 1124 cy-devant

96 1141 165 1178 par
185 1127 376 1178 plusieurs
396 1127 469 1166 fois
490 1141 587 1166 vous
608 1141 730 1166 avons
751 1128 911 1175 adverti,
930 1141 999 1178 par
1020 1142 1120 1167 nous
1140 1128 1441 1167 ambassadeurs
1463 1136 1500 1167 et

97 1194 166 1232 par
197 1195 297 1220 nous
329 1184 471 1229 lettres,
499 1195 576 1232 que
610 1183 646 1220 la
682 1182 912 1232 Bourgoisie
947 1183 1097 1221 d'entre
1128 1195 1225 1221 vous
1260 1190 1298 1221 et
1325 1196 1425 1221 nous
1450 1196 1501 1221 ne

97 1237 204 1286 peult
237 1236 389 1275 souffrir
422 1236 540 1275 tieulx
581 1236 815 1286 predicantz.
877 1238 927 1275 Et
961 1249 1104 1275 encore
1134 1238 1183 1275 de
1216 1237 1381 1275 rechiefs
1405 1250 1501 1275 vous

97 1303 241 1340 pryons
261 1291 298 1340 yl
319 1291 472 1329 donner
492 1291 606 1329 ordre
620 1303 697 1340 que
718 1303 768 1329 ne
789 1290 921 1329 laisses
943 1292 978 1329 le
999 1292 1055 1329 dit
1076 1290 1281 1341 predicant
1303 1304 1351 1329 en
1373 1298 1501 1329 vostre

97 1344 184 1394 cyte
204 1344 377 1394 precher,
399 1358 451 1395 ny
471 1358 521 1384 en
542 1344 766 1394 publicque,
790 1358 841 1394 ny
862 1357 912 1384 en
937 1345 1184 1395 particullier.
1243 1345 1321 1385 Car
1342 1358 1384 1395 sy
1405 1358 1501 1383 vous

97 1398 232 1437 voules
267 1406 368 1438 estre
400 1400 450 1437 de
489 1407 594 1438 ceste
634 1400 787 1438 novelle
826 1400 889 1449 loy
921 1408 959 1438 et
997 1399 1230 1438 annichiller
1270 1397 1500 1452 [annihiler]

98 1461 230 1491 nostre
258 1466 348 1503 vray
377 1452 571 1492 ancienne
601 1454 676 1503 foy,
708 1467 805 1491 vous
834 1453 1110 1501 advertissons,
1144 1467 1222 1492 une
1251 1452 1372 1506 foy[s]
1403 1467 1503 1504 pour

99 1513 256 1555 touttes‚
279 1521 357 1558 que
379 1505 515 1560 [nous]
537 1520 635 1546 vous
662 1507 881 1557 quitterons
908 1509 944 1546 la
966 1508 1197 1558 Bourgoisie
1212 1522 1222 1557 3
1251 1509 1302 1547 de
1323 1521 1367 1546 ce
1389 1508 1502 1558 soye's

98 1560 274 1609 certain3
302 1562 412 1609 dont,
436 1575 478 1611 sy
499 1575 595 1600 vous
620 1561 768 1610 voule's‚
790 1563 826 1612 yl
854 1576 903 1601 en
927 1563 1088 1612 pourres
1109 1562 1304 1613 pourvoir.
1365 1564 1437 1601 Sur
1458 1576 1503 1601 ce

98 1628 195 1653 vous
216 1623 355 1666 pryant
376 1624 505 1655 vostre
529 1616 663 1654 bonne
691 1629 882 1666 responce
914 1630 983 1666 par
1010 1630 1054 1655 ce
1082 1616 1239 1666 present
1260 1623 1430 1666 porteur,
1453 1630 1502 1654 en

98 1676 236 1720 pryant
256 1671 292 1709 le
307 1669 505 1717 Cre'ateur,
524 1670 741 1709 tres-chiers
763 1670 1054 1720 combourgois,
1073 1684 1170 1709 vous
1192 1672 1346 1709 donner
1367 1670 1502 1708 bonne

97 1731 135 1762 et
156 1725 301 1774 longue
322 1723 381 1763 vie
403 1755 410 1762 .
434 1755 440 1762 .
467 1755 473 1762 .

130 1811 218 1854 No.
243 1822 344 1864 253.
395 1811 528 1854 Bern
561 1812 718 1854 sends
751 1824 817 1855 an
848 1813 1150 1865 ultimatum,
1175 1824 1221 1855 21
1245 1812 1357 1865 Jan.
1380 1824 1502 1866 1534.

156 1892 473 1939 Premierement,
501 1893 692 1931 touchant
720 1893 755 1931 le
780 1893 936 1941 caffard,
966 1894 1095 1943 lequel
1125 1906 1148 1931 a
1177 1894 1342 1943 presche‘
1367 1900 1504 1932 contre

100 1947 307 1984 l⁷honneur
327 1947 376 1985 dc
399 1946 515 1995 Dieu,
538 1960 588 1985 en
614 1946 727 1997 apres
753 1946 882 1986 blesse
904 1961 986 1986 mes
1014 1947 1090 1986 dits
1112 1948 1321 1997 Seigneurs
1345 1962 1394 1986 en
1422 1949 1505 1985 leur

102 2001 292 2048 honneur,
315 2001 337 2038 a
367 2014 483 2039 cause
513 2002 564 2040 de
584 2014 688 2051 quoy
710 2002 757 2039 ilz
786 2008 876 2040 sont
906 2003 1007 2040 estes
1035 2001 1265 2040 occasiones
1295 2001 1506 2052 d'envoyer

38 2087 41 2102 ,ἵ
102 2055 185 2092 leur
225 2054 471 2102 ambassade,
508 2069 606 2105 pour
644 2055 839 2094 seccourir
873 2070 942 2106 par
979 2056 1105 2094 droict
1137 2057 1220 2094 leur
1254 2057 1436 2095 honneur
1468 2064 1505 2094 et

39 2118 41 2125 ⁴
103 2110 342 2157 renommee,
369 2108 445 2161 [et]
473 2109 757 2159 pareilliement
782 2109 929 2160 depute'
954 2109 1111 2149 maistre
1139 2111 1366 2149 Guillaume
1394 2111 1505 2148 Farel

103 2170 141 2201 et
179 2162 289 2202 Viret
327 2164 459 2201 d'aller
497 2164 664 2202 confe'rir
701 2176 796 2202 avec
836 2166 871 2202 le
902 2165 959 2204 dit
992 2165 1136 2203 caffard
1166 2164 1503 2214 publicquement,

104 2218 294 2255 touchant
315 2218 370 2256 les
390 2218 543 2257 articles
564 2217 678 2268 qu'ilz
698 2232 720 2256 a
741 2218 904 2268 presche
925 2226 1060 2257 contre
1076 2218 1356 2268 evangelioque
1372 2217 1503 2264 verite,

148 2300 159 2318 ¹
178 2300 249 2332 The
262 2301 359 2332 Vicar
371 2300 426 2331 (lid
442 2302 592 2343 nothing,
605 2302 682 2341 and,
696 2302 713 2331 S
728 2302 800 2343 Jan.
818 2312 912 2344 1534,
928 2303 1054 2334 Fnrbiti
1070 2313 1136 2334 was
1147 2301 1339 2333 transferred
1354 2301 1436 2331 from
1451 2301 1506 2332 the

106 2342 252 2385 bishop’s
269 2349 303 2375 to
320 2344 375 2376 the
392 2349 479 2376 town
497 2346 606 2387 prison
624 2346 861 2387 (Hermffljard,
880 2347 928 2386 iii,
944 2347 1008 2378 No.
1026 2347 1101 2387 446,
1120 2357 1150 2377 n.
1169 2344 1216 2384 6).
1262 2345 1357 2385 They
1375 2345 1418 2376 let
1436 2344 1505 2375 him

105 2392 162 2418 out
174 2393 208 2419 to
225 2387 354 2428 dispute
369 2398 386 2427 3
402 2389 569 2428 Feb.,and
580 2395 614 2420 to
626 2391 744 2431 preaeh
764 2398 799 2430 15
819 2391 897 2423 Feb.
911 2402 917 2426 ;
944 2391 1002 2421 but
1020 2391 1097 2431 kept
1114 2390 1181 2420 him
1194 2389 1283 2420 there
1296 2389 1347 2419 till
1366 2399 1382 2429 5
1396 2389 1504 2430 April,

108 2430 188 2471 1536
208 2430 424 2471 (Fromment,
442 2434 536 2463 Acfes
553 2437 582 2464 el
602 2434 718 2471 Gcsles,
736 2434 824 2475 App.
844 2445 875 2474 p.
896 2434 996 2473 cciii).

150 2473 162 2493 ²
186 2474 266 2515 Jean
286 2475 488 2514 Baudichon,
506 2476 544 2507 (le
562 2476 593 2508 ln
612 2477 741 2508 Maison
760 2487 872 2508 neure.
