1715 2780
129 91 184 140 98
341 90 657 129 LUTHERAN
697 90 1124 138 COMMUNITIES,
1158 93 1312 140 1526—9
1454 103 1528 139 223

130 192 316 233 Ecclesiis
346 193 455 232 utilia
485 195 566 232 fore
588 193 770 240 vidimus,
797 195 847 232 de
877 193 1021 243 quibus
1053 193 1176 244 parati
1206 206 1342 232 sumus
1374 196 1462 232 Deo
1492 203 1529 233 et

129 248 285 288 Caesari
317 260 364 286 ex
394 247 469 286 Dei
499 248 619 287 verbo
650 249 814 287 reddere
847 247 1051 295 rationem,
1085 255 1200 298 prout
1232 247 1271 286 in
1307 248 1529 287 novissimis

129 301 404 351 Imperialibus
426 302 608 341 Comitiis
630 301 764 352 Spirae
785 302 991 340 celebratis
1012 301 1083 340 fuit
1104 301 1323 340 definitum.
1347 333 1354 341 .
1379 332 1386 340 .
1411 332 1418 341 .

182 356 279 406 Cap.
297 354 319 394 i.
342 357 407 394 De
425 358 528 394 cultu
543 355 913 401 Dez'ver0.-÷xfe11it
933 356 1040 403 hora,
1059 369 1138 406 qua
1160 357 1269 395 Deus
1289 358 1372 395 vult
1391 355 1528 406 spiritu

129 417 168 448 et
187 409 347 448 veritate
367 411 443 448 coli
466 411 624 458 (Iohan.
648 409 693 448 iv.
721 425 739 448 2
747 411 786 461 3)
809 411 917 460 quod
942 416 1026 448 turn
1048 411 1090 449 fit
1115 411 1212 448 dum
1234 410 1339 449 iuxta
1363 411 1527 449 verbum

127 471 307 502 aeternae
333 463 503 502 veritatis
532 477 626 502 suae
656 464 806 502 colitur.
868 464 1039 503 Proinde
1060 463 1100 502 in
1127 464 1313 503 omnibus
1341 464 1529 503 Ecclesiis

75 518 80 522 ’
127 517 267 557 nostris
287 517 394 556 iuxta
413 518 518 556 idem
539 518 702 557 verbum
727 517 935 568 purissime
955 519 1115 566 colatur,
1138 526 1176 557 et
1196 518 1325 557 omnis
1353 518 1529 558 diversus

127 573 253 610 cultus
273 572 324 610 ab
344 571 399 610 eis
420 573 659 622 propellatur
674 587 683 621 ;
708 572 864 611 tametsi
885 572 1003 611 etiam
1023 574 1152 611 cultus
1177 574 1260 623 ipse
1280 572 1354 612 Dei
1376 573 1415 611 in
1437 573 1526 612 fidei

127 625 293 676 puritate
308 625 367 673 sit,
384 638 503 676 opera
515 634 649 665 tamen
663 640 924 677 quaecunque
941 635 1109 674 externa,
1127 640 1229 677 quae
1246 627 1352 666 iuxta
1364 627 1527 666 verbum

129 679 219 718 fidei
241 693 265 718 a
293 679 408 719 nobis
438 681 547 728 fiunt,
579 688 617 719 et
638 680 782 730 quibus
812 694 885 719 nos
917 681 992 719 Dei
1013 683 1182 720 cultores
1212 694 1298 721 esse
1327 689 1526 729 testamur,

127 735 177 772 ad
198 735 346 772 cultum
397 734 471 774 Dei
510 736 717 785 pertinent.
777 735 840 773 Sic
881 737 990 774 Deus
1040 735 1079 773 in
1118 736 1304 774 omnibus
1353 736 1528 775 ecclesiis

127 789 317 827 colendus
347 795 415 827 est.

181 842 277 892 Cap.
300 842 337 881 ii.
369 844 432 881 De
451 843 686 881 ecclesiarum
716 843 1072 893 regimina—Quia
1099 856 1190 893 grex
1220 843 1366 883 Christi
1403 845 1527 883 solam

127 897 235 935 audit
251 909 389 936 vocem
412 897 582 936 Pastoris
604 897 663 936 sui
684 905 722 936 et
742 911 823 936 non
844 898 954 936 audit
971 910 1086 936 voces
1103 897 1269 937 aliorum
1293 898 1396 948 (Iob.
1416 913 1450 936 x.
1474 899 1526 949 5),

128 963 208 989 non
228 950 473 990 admittimus
488 952 651 990 verbum
673 953 779 991 aliud
796 965 916 1002 quam
937 951 1057 1002 ipsius
1078 952 1244 1002 pastoris
1264 952 1386 991 nostri
1402 966 1412 1000 3
1432 954 1527 1003 quin

127 1004 256 1054 potius
277 1005 317 1042 in
340 1005 415 1043 Dei
435 1006 576 1044 virtute
597 1005 867 1044 interdicimus
893 1018 943 1044 ne
969 1005 1076 1045 aliud
1097 1006 1262 1045 omnino
1283 1007 1446 1045 verbum
1477 1007 1527 1045 ab

127 1058 322 1109 episcopis
357 1060 396 1097 in
425 1058 603 1097 Ecclesia
636 1060 824 1098 doceatur
856 1068 894 1098 et
920 1061 1140 1099 secundum
1173 1062 1270 1099 illud
1312 1061 1362 1099 de
1396 1068 1528 1099 cetero

126 1111 232 1163 ipsae
263 1112 464 1152 Ecclesiae
503 1120 696 1163 regantur.
749 1115 871 1162 Quod
903 1113 933 1152 si
966 1115 1053 1164 quis
1082 1113 1189 1153 aliud
1221 1114 1385 1153 verbum
1416 1116 1526 1164 quasi

126 1167 176 1206 ad
206 1168 372 1206 salutem
405 1167 667 1206 necessarium
699 1168 889 1214 docuerit,
920 1168 1142 1218 deponatur
1175 1176 1213 1207 et
1244 1170 1528 1207 communione

127 1220 307 1270 privetur.
368 1223 489 1260 Porro
523 1234 785 1271 quaecunque
816 1223 880 1259 hic
914 1235 985 1272 pro
1019 1221 1177 1261 decenti
1210 1222 1527 1273 agendormnin

129 1274 314 1314 Ecclesiis
344 1276 482 1314 ordine
513 1275 833 1325 conscripsimus,
853 1283 891 1314 et
922 1275 997 1315 Dei
1032 1276 1153 1315 verbo
1184 1275 1387 1326 speciatim
1420 1278 1527 1315 haud

127 1341 324 1379 quaquam
346 1329 540 1377 iubentur,
562 1331 747 1368 nolumus
773 1329 919 1380 alioqui
942 1343 1061 1381 quam
1082 1343 1152 1380 pro
1181 1332 1284 1369 sanis
1306 1338 1344 1370 et
1364 1344 1386 1369 a
1406 1331 1528 1370 verbo

129 1383 204 1421 Dei
243 1396 324 1422 non
361 1383 685 1422 dissentientibus
723 1384 897 1423 consiliis
935 1398 959 1422 a
996 1397 1198 1435 quoquam
1226 1384 1385 1432 haberi,
1425 1398 1527 1435 quae

129 1443 259 1475 tamen
279 1437 432 1487 possint
451 1445 613 1488 urgente
635 1438 780 1478 Christi
801 1438 924 1488 gloria
944 1438 1152 1477 immutari.

181 1491 278 1541 Cap.
310 1491 358 1530 iii.
396 1493 460 1529 De
492 1493 747 1530 Euclzamtia
786 1495 848 1531 vel
881 1494 1006 1531 Coena
1037 1493 1527 1542 Dominam—Quotquot

129 1544 288 1584 Coenae
320 1545 556 1584 Dominicae
589 1546 805 1596 participes·
829 1559 914 1586 esse
945 1548 1094 1594 volunt,
1129 1546 1245 1586 simul
1284 1554 1321 1586 et
1359 1546 1451 1597 pani
1490 1554 1528 1586 et

127 1600 270 1648 poculo
304 1599 593 1638 benedictionis
626 1602 934 1647 communicent,
975 1600 1076 1639 sicut
1111 1601 1309 1640 Dominus
1347 1601 1525 1648 instituit,

127 1659 165 1690 et
185 1654 251 1702 qui
272 1654 379 1692 aliud
399 1654 588 1702 docuerit,
618 1661 655 1693 et
679 1655 906 1693 admonitus
929 1655 1006 1693 Dei
1025 1655 1146 1694 verbo
1170 1668 1251 1693 non
1275 1656 1526 1705 acquieverit,

128 1707 408 1746 communione
429 1707 609 1757 privetur,
632 1716 670 1747 et
697 1716 897 1758 praeterea
921 1708 952 1747 si
979 1710 1188 1759 episcopus
1213 1717 1271 1747 est
1292 1710 1524 1758 deponatur.

130 1761 222 1799 Non
241 1761 459 1800 celebretur
480 1761 564 1812 ipsa
584 1762 733 1809 Coena,
750 1763 823 1801 nisi
844 1762 974 1801 adsint
995 1762 1062 1812 qui
1082 1762 1391 1801 communicent.
1448 1764 1527 1801 Ad-

129 1822 316 1854 moneant
349 1823 480 1854 autem
515 1816 735 1854 Ecclesiam
763 1816 949 1866 episcopi,
976 1824 1018 1854 ut
1046 1817 1097 1855 ad
1128 1818 1230 1855 hanc
1259 1816 1525 1856 venerabilem

130 1867 307 1907 Coenam
343 1869 503 1919 singulis
545 1869 765 1908 Dominicis
799 1871 1037 1909 conveniant
1077 1870 1207 1909 eidem
1247 1870 1524 1921 participaturi,

129 1934 261 1961 verum
287 1935 328 1962 se
354 1924 460 1974 ipsos
487 1923 593 1973 prius
616 1924 796 1974 probent,
827 1937 878 1963 ne
904 1925 942 1962 in
969 1923 1157 1963 iudicium
1183 1926 1447 1972 conveniant3
1476 1925 1526 1963 ad

129 1975 258 2026 idque,
299 1978 329 2015 si
368 1979 568 2016 desolatae
599 1986 690 2016 sunt
728 1978 902 2028 ipsorum
937 1978 1215 2026 conscientiae,
1251 1980 1459 2018 laudamus
1490 1986 1528 2017 et

130 2029 370 2070 consulimus
412 2038 455 2069 ut
491 2033 637 2071 adeant
684 2034 914 2082 episcopum
954 2034 1014 2071 vel
1054 2032 1155 2071 illius
1202 2032 1422 2071 adiutorem
1461 2039 1528 2070 aut

129 2081 298 2133 aliquem
318 2097 366 2124 ex
384 2085 458 2135 piis
478 2087 685 2135 doctisque
712 2086 892 2124 fratribus
913 2087 1148 2125 confitentes
1169 2093 1377 2136 peccatum
1398 2099 1525 2134 suum,

131 2142 169 2174 et
189 2137 354 2176 audituri
379 2139 428 2177 ab
457 2139 501 2177 iis
523 2140 684 2178 verbum
711 2146 902 2187 sanctum,
926 2147 968 2178 ut
992 2139 1089 2178 infra
1113 2141 1164 2179 de
1184 2140 1525 2180 ConfessionibuS.

133 2189 314 2229 Ceterum
337 2192 403 2242 qui
428 2206 514 2231 eam
535 2193 710 2243 cupiunt,
737 2193 924 2244 episcopo
949 2201 1015 2232 aut
1041 2194 1218 2233 ministro
1243 2194 1326 2233 eius
1354 2208 1394 2233 se
1422 2195 1527 2243 ipsos

133 2243 316 2292 indicent,
339 2253 378 2284 et
403 2255 495 2285 ante
525 2247 704 2286 Coenam
736 2248 861 2297 ipsam
892 2255 1144 2298 segregentur
1173 2248 1212 2286 in
1239 2249 1370 2287 locum
1403 2261 1525 2285 unum

131 2296 181 2334 ab
219 2298 278 2337 his
311 2301 377 2349 qui
412 2307 494 2338 tum
528 2301 758 2351 participare
792 2302 943 2347 nolunt,
979 2309 1021 2340 ut
1052 2315 1189 2341 eorum
1221 2314 1407 2341 numerus
1441 2300 1528 2339 sciri

133 2351 266 2389 valeat.
324 2354 599 2393 Admonemus
638 2363 768 2394 autem
802 2356 1004 2394 universos
1044 2355 1083 2394 in
1123 2355 1300 2394 Domino
1338 2355 1404 2406 qui
1444 2362 1526 2392 tum

132 2404 308 2452 aderunt,
339 2408 455 2446 etiam
486 2410 552 2458 qui
583 2416 740 2448 sanctae
771 2422 931 2448 mensae
962 2422 1040 2448 non
1071 2417 1161 2448 sunt
1191 2417 1348 2448 externe
1379 2409 1528 2458 partici<

134 2458 268 2505 paturi,
290 2467 331 2497 ut
356 2461 431 2499 sint
453 2474 646 2501 memores
668 2462 845 2501 sacrificii
866 2463 985 2501 nostri
1007 2462 1151 2502 Christi
1174 2464 1294 2501 semel
1323 2475 1392 2511 pro
1413 2461 1528 2500 nobis
