1715 2780
189 105 238 151 98
352 99 705 139 RADICALISM
737 100 809 136 AT
839 97 1422 146 WITTENBERG,1521—2
1525 105 1583 143 49

189 214 226 246 et
257 207 443 244 fundatae
473 205 560 252 sint,
583 211 734 255 praeter
763 203 857 241 alias
887 202 1071 241 funebres
1098 208 1136 240 et
1165 214 1262 252 quas
1291 201 1441 240 votivas
1470 213 1585 240 voca-

190 268 280 300 runt
300 273 403 310 quae
424 261 463 297 in
485 259 569 298 dies
594 271 738 318 magno
768 270 933 296 numero
960 257 1183 295 cumulatae
1213 262 1316 294 sunt.
1372 254 1522 295 Unde
1512 269 1586 293 lm·

190 314 276 366 puri
318 314 535 360 sacrificuli,
572 312 781 352 occasione
815 311 1082 350 corradendae
1120 309 1312 361 pecuniae
1345 316 1384 349 et
1416 309 1586 348 faciendi

190 376 387 420 quaestUS,
420 367 553 407 oblata
581 369 770 406 laetanter
799 373 837 404 et
866 364 1010 415 cupide
1039 364 1130 403 talia
1169 364 1381 402 Missarum
1419 363 1588 414 aucupia

190 424 491 474 amplectuntur,
523 435 569 460 ac
600 421 630 459 si
660 420 726 470 qui
758 421 857 459 forte
887 418 1024 469 integri
1053 418 1230 469 bonique
1257 417 1326 457 viri
1365 417 1405 456 in
1434 417 1501 456 illo
1531 431 1587 456 or-

191 479 283 517 dine
305 478 525 515 secundum
547 474 830 514 conscientiam
853 487 964 512 suam
985 473 1049 524 pie
1069 480 1315 511 sacramento
1336 473 1497 511 mallent
1517 471 1588 519 uti,
1605 493 1607 495 -

191 533 231 569 hi
262 539 405 578 tamen,
435 531 486 569 ob
526 530 610 568 illas
640 527 942 567 constitutiones
973 535 1011 566 et
1051 526 1254 577 pactiones
1284 526 1394 565 inviti
1427 533 1466 565 et
1496 539 1586 564 611111

193 585 373 624 1110165113
411 597 484 623 1166
523 583 606 622 51116
645 582 867 621 31111110111111
903 581 1121 621 offensione
1160 587 1353 631 coguntur
1391 580 1588 619 celebrare

193 641 347 678 Missas.
372 670 379 677 .
404 669 412 676 .

247 694 444 742 Quocirca
483 691 651 743 pertinet
691 693 742 730 ad
788 689 960 729 officium
1001 691 1045 729 C.
1065 691 1112 728 V.
1147 697 1336 739 tanquam
1375 687 1590 728 Christiani

194 747 394 798 Principis,
418 747 458 784 in
479 746 590 785 cuius
607 745 768 793 ditione,
787 743 970 795 singulari
989 743 1061 783 Dei
1079 743 1286 791 beneficio,
1305 745 1370 781 lux
1387 741 1590 802 Evangelii

192 815 322 840 rursus
344 801 497 849 effulsit,
520 814 590 850 pro
607 814 683 839 eo.
740 812 904 837 .curare
934 806 976 836 ut
1005 798 1091 836 talis
1122 797 1270 837 Missae
1299 796 1519 856 profanatio
1550 796 1589 835 in

193 855 367 894 ecclesiis
408 856 452 895 C.
484 832 531 893 V.
573 867 729 904 prorsus
768 853 983 899 aboleatur,
1015 865 1060 890 ac
1099 859 1236 890 contra
1269 864 1382 890 verus
1421 850 1589 901 piusque

194 909 427 948 sacramenti
448 922 541 947 usus
559 922 676 959 quem
694 907 874 947 Christus
895 906 1061 944 instituit
1078 914 1116 945 et
1135 905 1303 956 apostoli
1320 905 1586 952 observarunt,

193 964 438 1002 instauretur.
499 962 562 1001 Sic
593 962 698 1001 enim
721 961 899 1001 Christus
926 960 1010 1010 ipse
1038 961 1077 998 in
1104 960 1168 998 illa
1195 960 1279 1010 ipsa
1307 960 1433 1010 prima
1453 959 1591 998 Coena

195 1017 327 1056 multis
366 1017 494 1056 1611115
534 1024 571 1055 61
610 1024 701 1055 31116
740 1023 778 1054 61
825 1022 914 1065 post
953 1013 1272 1053 distributionem
1320 1013 1591 1052 Eucharistiae

195 1072 453 1111 concionatur
472 1070 660 1121 apostolis
681 1071 732 1109 de
754 1077 888 1116 morte,
913 1070 963 1107 de
984 1068 1266 1107 resurrectione
1293 1081 1374 1115 sua,
1397 1068 1448 1106 de
1471 1080 1591 1127 regno

194 1139 266 1164 suo
288 1127 327 1163 in
344 1126 520 1172 ecclesia,
539 1127 623 1171 &c.‚
643 1132 680 1163 et
701 1124 740 1162 in
761 1122 1007 1162 institutione
1028 1121 1261 1161 sacramenti
1281 1123 1384 1161 clare
1403 1120 1592 1172 praecipit

195 1188 247 1227 ut,
271 1179 426 1230 quoties
453 1155 691 1218 conveniant
716 1179 766 1216 ad
794 1179 896 1216 hanc
918 1178 1108 1224 Coenam,
1131 1176 1191 1215 sui
1218 1176 1481 1215 recordentur.
1541 1177 1591 1213 Et

195 1236 292 1272 haec
331 1242 469 1284 postea
508 1233 579 1271 fuit
614 1232 804 1271 ecclesiae
843 1232 1092 1270 consuetudo
1130 1237 1184 1277 111,
1215 1229 1369 1281 quoties
1407 1229 1592 1268 convenit

195 1289 377 1338 populus,
418 1287 586 1337 primum
635 1285 904 1337 praedicatum
951 1285 999 1323 sit
1038 1284 1201 1323 verbum
1251 1284 1338 1331 Dei,
1379 1297 1470 1322 narn
1518 1284 1592 1322 hae

196 1341 410 1380 conciones
431 1354 585 1401 semper
611 1342 768 1379 fuerunt
798 1341 1007 1389 praecipua
1030 1352 1148 1377 causa
1172 1345 1210 1377 et
1239 1351 1380 1376 nervus
1411 1336 1592 1388 publicae

195 1395 520 1445 congregationis,
545 1402 582 1433 et
610 1393 868 1432 ministerium
891 1392 1094 1443 Evangelii
1119 1392 1238 1431 debet
1268 1404 1354 1430 esse
1374 1391 1589 1442 publicum,

196 1449 342 1488 deinde
390 1448 728 1487 benedicebantur
775 1447 886 1497 panis
925 1455 963 1485 et
1002 1446 1136 1485 1·11111111
1175 1453 1214 1485 61
1258 1445 1593 1485 distribuebantur

197 1504 432 1553 petentibus.
493 1504 607 1541 Haec
638 1503 772 1549 forma,
796 1508 838 1539 ut
868 1508 925 1539 est
955 1500 1181 1547 rectissima,
1203 1500 1256 1538 ita
1286 1501 1385 1538 foret
1413 1498 1591 1538 omniurn

197 1557 401 1603 tutissima,
434 1570 508 1595 nec
546 1556 782 1606 relinqueret
821 1556 953 1593 locum
987 1562 1054 1593 aut
1086 1554 1337 1593 occasionem
1366 1553 1482 1592 alicui
1509 1567 1593 1613 pro-

198 1611 398 1649 fanationi.
458 1612 579 1660 Quod
601 1610 895 1648 considerantes
917 1608 1193 1659 Augustiniani
1214 1607 1502 1647 restitutionem
1519 1607 1593 1645 sin-

197 1665 274 1703 ceri
302 1678 347 1703 ac
377 1665 516 1703 veteris
544 1678 636 1703 usus
664 1664 826 1703 Coenae
856 1663 1135 1713 expetiverunt,
1159 1670 1197 1701 et
1221 1662 1314 1722 quia
1339 1661 1551 1700 abhorrent
1571 1674 1594 1699 a

199 1719 410 1757 Missarum
433 1718 587 1757 nefariis
608 1718 796 1756 abusibus
818 1719 1048 1767 maluntque
1078 1716 1162 1755 sine
1182 1715 1387 1754 coactione
1407 1715 1528 1754 libere
1548 1728 1594 1754 ac

198 1786 268 1810 5113
295 1781 436 1823 sponte
456 1772 728 1811 administrare
749 1773 850 1810 hanc
872 1770 1147 1817 ceremoniam,
1170 1770 1436 1821 approbamus
1457 1782 1592 1808 eorum

198 1827 444 1866 sententiam.

254 1879 305 1932 [2
310 1878 334 1932 ]
367 1881 488 1929 Quod
517 1888 649 1918 autem
690 1881 789 1918 inter
822 1879 970 1930 reliqua
1009 1887 1046 1918 et
1085 1880 1187 1917 hanc
1218 1891 1377 1917 causam
1412 1877 1471 1916 sui
1502 1878 1592 1916 facti

198 1942 411 1983 exponunt,
431 1935 630 1972 neminem
652 1934 735 1993 prix
737 1934 831 1971 atim
853 1942 891 1972 et
912 1935 1039 1972 solum
1061 1933 1206 1972 debere
1225 1931 1529 1979 communicare,
1548 1944 1593 1970 ea

199 1988 314 2026 nobis
336 1987 497 2037 quidem
519 2001 598 2025 non
621 1987 711 2025 satis
734 1989 842 2025 firma
864 1987 1057 2026 videtur..
1082 2018 1089 2025 .
1113 2018 1120 2025 .

255 2040 333 2093 [30]
366 2042 479 2089 Quae
518 2049 717 2091 postremo
757 2043 845 2079 loco
884 2042 1036 2080 addunt
1070 2042 1120 2079 de
1159 2048 1326 2090 utraque
1359 2039 1490 2090 specie
1524 2052 1593 2078 seu

199 2095 349 2145 integro
370 2102 625 2140 sacramento,
649 2108 695 2132 ea
715 2094 981 2133 existimamus
1002 2108 1083 2133 non
1104 2107 1220 2144 posse
1240 2093 1407 2133 refutari.
1430 2124 1438 2132 .
1462 2124 1469 2132 .
1494 2124 1501 2131 .

256 2150 505 2199 Quapropter
521 2148 719 2186 humiliter
734 2162 779 2186 ac
796 2156 1014 2186 reverenter
1030 2149 1274 2186 obtestamur
1286 2148 1330 2187 C.
1349 2149 1397 2185 V.
1415 2154 1468 2194 ut,
1485 2147 1593 2197 quod

201 2202 382 2252 Principe
399 2202 624 2241 Christiano
645 2201 807 2251 dignum
829 2209 896 2248 est,
921 2203 1021 2240 serio
1042 2201 1243 2251 negotium
1265 2201 1370 2239 istud
1396 2200 1594 2250 suscipere

199 2270 244 2295 ac
276 2269 518 2306 promovere,
542 2264 579 2294 et
609 2255 803 2293 eiusmodi
832 2255 1145 2304 profanationem
1174 2255 1335 2294 Coenae
1360 2253 1525 2292 Domini
1554 2253 1594 2292 in

202 2310 424 2349 Ducatibus
448 2322 494 2348 ac
524 2309 716 2348 territorio
747 2322 818 2347 5110
839 2322 958 2358 quam
979 2308 1148 2358 primum
1178 2308 1346 2355 abolere,
1370 2320 1594 2358 magnoque

199 2372 237 2403 et
258 2366 411 2402 excelso
428 2363 560 2402 animo
577 2363 789 2409 infamiam,
808 2362 838 2400 si
860 2364 1021 2401 fortasse
1043 2370 1247 2412 propterea
1263 2361 1307 2401 C.
1325 2363 1371 2400 V.
1391 2362 1592 2400 Bohemus

199 2426 265 2456 aut
287 2417 506 2457 haereticus
527 2417 672 2464 audiat,
705 2424 959 2456 contemnere
980 2416 1082 2454 velit.
1115 2447 1121 2453 .
1157 2445 1165 2453 .
1198 2446 1204 2453 .
