1715 2780
143 79 216 124 238
456 71 742 110 PROGRESS
773 70 844 108 OF
876 67 1108 106 REFORM
1141 66 1202 104 IN
1459 73 1533 101 102

141 178 314 226 Christi3
344 179 435 215 item
459 178 713 213 Pentecostes
743 181 780 211 et
804 172 1087 221 Apostolorum
1117 169 1244 215 feriae,
1277 181 1368 206 curn
1395 167 1534 205 diebus

142 235 412 277 Patronorum‚
445 236 656 268 serventur.
715 225 826 265 Aliae
853 224 970 264 feriae
996 237 1087 262 cum
1113 231 1290 273 tempore
1311 221 1449 260 sileant
1470 233 1537 270 per

141 285 389 337 prudentiam
411 284 686 333 episcoporum
707 280 930 330 abrogatae.

196 340 252 391 (6)
284 341 333 378 In
363 337 584 377 civitatibus
614 348 716 385 quae
750 332 907 383 templis
945 344 1026 371 uno
1059 330 1237 382 pluribus
1266 335 1464 375 ornantur,
1495 335 1537 366 ut

140 395 180 433 in
218 393 292 433 illis
332 394 461 443 plures
495 396 713 429 conventus
754 385 1008 427 ecclesiastici
1046 385 1162 424 simul
1200 385 1307 432 fiant,
1341 383 1535 434 parebunt

142 461 281 488 omnes
302 446 370 486 uni
391 444 548 497 pastori.

196 502 255 554 (7)
287 503 389 540 Item
420 499 617 538 cavebunt
651 495 826 547 episcopi
857 509 907 534 ne
941 493 1093 533 levibus
1123 493 1175 532 de
1206 490 1333 531 causis
1367 490 1539 530 scribant

141 557 307 596 schedas
328 551 647 594 mendicantibus
668 550 822 602 stipem,
845 562 896 588 ne
915 549 1086 600 populus
1106 547 1193 598 plus
1213 545 1317 585 iusto
1337 552 1527 596 gravetur.

197 612 276 649 III.
308 610 469 648 Abusus
495 604 806 646 ceremoniarum
835 616 1031 642 sacrarum
1055 601 1177 652 viguit
1202 601 1394 639 hactenus
1415 599 1541 638 multi-

142 666 232 716 plex
249 680 255 703 :
276 676 397 714 quare
417 675 532 700 usum
546 660 763 710 vulgarium
784 656 1096 697 ceremoniarum
1117 654 1238 705 gratia
1253 652 1540 693 informationis

142 719 207 757 hic
236 716 530 768 explicabimus.
589 716 706 764 Aqua
734 711 901 751 lustralis
931 724 1011 749 non
1031 708 1218 759 abstergit
1237 715 1409 759 peccata,
1432 707 1541 758 quod

143 774 250 812 solus
271 770 428 822 sanguis
448 767 596 810 Christi
619 767 711 806 facit
730 781 736 805 :
768 767 838 805 sed
864 778 911 804 ea
937 772 1094 804 revocat
1113 764 1153 802 in
1174 761 1406 802 memoriam
1425 773 1541 799 usum

144 826 342 877 baptismi,
364 837 445 874 quo
466 835 601 862 sumus
621 819 738 860 lavati
758 820 798 858 in
825 826 1078 870 peccatorum
1098 815 1381 856 remissionem.
1442 816 1543 853 Ima-

143 880 253 931 gines
283 887 508 918 sanctorum
537 889 619 915 non
648 874 865 913 retinentur
892 880 1051 924 propter
1079 873 1253 911 cultum:
1288 870 1358 909 sed
1385 876 1543 920 propter

143 932 377 973 memoriam
394 930 540 972 Christi
561 938 598 968 et
619 936 857 975 sanctorum,
880 935 922 965 ut
938 926 1137 965 imitemur
1156 924 1275 963 vitam
1297 931 1335 963 et
1355 922 1540 973 pietatem

145 988 312 1027 illorum.
372 987 527 1024 Palmas
557 996 637 1022 non
671 988 950 1022 consecrarunt
979 979 1159 1031 primitus
1189 977 1357 1029 religiosi
1384 984 1544 1028 propter

147 1041 332 1081 fiduciam
353 1038 485 1078 auxilii
504 1038 598 1077 inde
618 1035 874 1087 expectandi:
905 1036 975 1074 sed
994 1035 1046 1074 ad
1066 1031 1380 1073 recordationem
1399 1031 1544 1081 palma-

146 1109 231 1134 rum
263 1093 421 1135 Christo
451 1092 744 1131 substratarum.
804 1088 993 1130 Candelis
1034 1085 1270 1127 consecratis
1309 1085 1375 1125 die
1410 1084 1544 1123 Purifi-

147 1149 312 1189 cationis
333 1146 484 1187 Mariae
499 1159 580 1185 non
601 1144 782 1184 tribuitur
798 1143 983 1182 sanctitas
1000 1157 1007 1181 z
1035 1142 1106 1181 sed
1125 1139 1264 1180 lumini
1277 1152 1369 1178 vero
1386 1138 1544 1179 Christo

148 1205 187 1242 in
209 1204 379 1253 Templo
400 1201 615 1240 Ierusalem
636 1199 781 1245 oblato,
797 1211 915 1248 quem
932 1203 1161 1235 consecrata
1175 1195 1340 1233 candela
1352 1192 1542 1243 designat.

149 1256 300 1297 Unctio
313 1264 472 1295 externa
485 1252 704 1293 chrismatis
718 1251 911 1303 significat
924 1251 1119 1289 internam
1136 1247 1366 1288 unctionem
1380 1246 1544 1297 Spiritus

149 1312 282 1350 Sancti
311 1309 494 1348 fidelibus
523 1306 796 1346 necessariam.
856 1307 964 1345 Usus
994 1315 1276 1354 campanarum
1305 1308 1458 1340 tantum
1492 1301 1543 1339 ad

148 1365 447 1404 convocandam
460 1362 618 1412 plebem
632 1360 853 1399 adhibetur.
889 1359 1126 1397 Aedificatio
1141 1357 1378 1406 templorum
1392 1368 1474 1393 non
1487 1361 1546 1393 est

149 1432 218 1469 per
238 1431 279 1457 se
296 1419 423 1456 cultus
446 1415 533 1462 Dei,
550 1414 745 1465 siquidem
768 1415 878 1451 Deus
899 1426 980 1451 non
1001 1411 1152 1450 habitat
1172 1410 1213 1448 in
1233 1408 1390 1460 templis
1410 1421 1544 1447 manu-

150 1472 261 1511 factis
285 1488 291 1511 :
346 1472 417 1510 sed
456 1469 667 1509 necessitas
706 1475 841 1506 monet
880 1466 1125 1507 Christianos
1169 1464 1313 1503 habere
1351 1464 1439 1502 loca
1476 1462 1544 1501 ubi

149 1525 387 1565 conveniant
415 1525 465 1563 ad
494 1523 718 1574 peragenda
751 1535 870 1560 sacra.
940 1521 1231 1560 Consecrantur
1261 1518 1419 1567 templa,
1451 1515 1545 1555 item

152 1582 217 1627 sal,
240 1579 352 1618 cibus
382 1578 537 1628 aliaque
558 1576 644 1615 usui
667 1577 821 1626 piorum
851 1573 1057 1621 destinata,
1083 1586 1165 1612 non
1188 1580 1231 1611 ut
1251 1571 1328 1610 sint
1348 1570 1390 1609 in
1409 1569 1546 1620 seipsis

150 1642 295 1681 sancta,
312 1634 382 1672 sed
403 1640 444 1670 ut
466 1632 542 1670 sint
560 1630 675 1669 nobis
691 1638 827 1668 sancta
842 1644 849 1668 z
879 1641 952 1667 ceu
969 1640 1125 1667 oramus
1141 1633 1183 1664 ut
1199 1625 1259 1664 his
1275 1625 1392 1664 rebus
1412 1631 1546 1663 sancte

150 1696 316 1735 utamur,
338 1700 388 1725 ne
417 1686 669 1736 profanemus
699 1696 846 1722 nomen
876 1682 953 1721 Dei
983 1681 1022 1720 in
1046 1682 1196 1731 templo
1219 1687 1287 1718 aut
1307 1678 1409 1717 circa
1429 1691 1544 1716 usum

150 1755 278 1781 rerum
308 1753 503 1779 sacrarum
534 1737 726 1788 occupati.
797 1738 860 1775 Sic
890 1737 1050 1786 prodest
1079 1736 1177 1773 haec
1205 1732 1432 1773 benedictio
1465 1744 1545 1770 non

151 1795 267 1833 rebus
288 1793 535 1840 consecratis,
551 1793 621 1831 sed
641 1791 758 1830 nobis
774 1790 841 1841 qui
861 1790 935 1828 illis
952 1790 1007 1828 uti
1023 1789 1228 1828 debemus,
1278 1787 1546 1825 Informentur

151 1862 243 1899 ergo
277 1849 476 1887 auditores
515 1846 711 1896 simplices
743 1852 785 1883 ut
820 1845 915 1883 dent
949 1843 1080 1893 potius
1113 1854 1202 1881 suas
1237 1841 1421 1880 candelas
1455 1851 1546 1889 pau-

151 1902 310 1953 peribus
331 1914 449 1951 quam
471 1907 513 1938 ut
537 1900 620 1938 illas
647 1912 780 1937 coram
802 1897 1037 1948 imaginibus
1057 1896 1289 1934 accendant.
1348 1892 1546 1932 Ieiunium

152 1968 233 1994 non
263 1963 321 1994 est
350 1955 432 2005 ipse
462 1955 590 1993 cultus
622 1953 697 1991 Dei
712 1968 722 2000 ,-
751 1953 822 1991 sed
851 1950 1090 1990 subtrahitur
1118 1951 1195 1987 hoc
1224 1948 1346 1986 modo
1366 1948 1546 1996 voluptas

151 2009 274 2057 carni,
293 2016 334 2047 ut
355 2014 604 2058 praeparetur
623 2006 778 2045 animus
798 2005 851 2056 pii
872 2004 1044 2043 hominis
1063 2004 1114 2042 ad
1134 2001 1277 2041 serium
1299 2000 1376 2039 Dei
1396 2001 1546 2039 cultum

151 2063 445 2102 celebrandum.
505 2062 640 2099 Feriae
668 2067 904 2109 peraguntur
933 2071 1013 2096 non
1042 2063 1201 2107 propter
1229 2054 1440 2105 specialem
1471 2054 1547 2092 Dei

153 2117 303 2156 cultum
337 2115 515 2155 feriando
546 2114 837 2164 peragendpm:
876 2112 946 2151 sed
980 2118 1022 2149 ut
1056 2119 1212 2160 tempus
1246 2110 1361 2148 detur
1394 2107 1547 2146 auditui

154 2170 262 2210 verbi
293 2169 369 2208 Dei
399 2176 666 2219 opportunum
696 2174 734 2205 et
763 2173 986 2205 recreentur
1006 2163 1171 2214 operarii
1192 2162 1394 2202 laboribus
1413 2160 1547 2200 defati-
1596 2186 1602 2191 -

153 2223 243 2275 gati.
289 2224 434 2262 Adhuc
455 2222 714 2260 informentur
734 2219 991 2269 simpliciores
1011 2219 1119 2268 quod
1140 2218 1234 2256 ritus
1254 2214 1386 2255 usitati
1406 2214 1547 2254 diebus

155 2280 390 2316 Parasceves
403 2283 441 2315 et
455 2273 770 2314 Resurrectionis
784 2272 929 2313 Christi
944 2273 1095 2310 nullum
1109 2271 1281 2310 habeant
1292 2270 1413 2308 alium
1433 2280 1548 2307 usum

155 2344 273 2382 quam
303 2338 345 2369 ut
373 2330 573 2368 inculcent
607 2329 647 2366 in
681 2326 910 2365 memoriam
940 2327 1041 2364 facta
1068 2324 1225 2371 Christi,
1248 2322 1316 2374 qui
1341 2335 1412 2373 pro
1430 2320 1547 2360 nobis

154 2397 292 2435 passus
312 2391 370 2423 est
391 2391 429 2422 et
448 2381 663 2422 resurrexit.
714 2381 1050 2430 Peregrinationes
1070 2380 1120 2418 ad
1141 2380 1228 2417 loca
1247 2384 1382 2416 sancta
1400 2382 1548 2425 quanta

156 2438 237 2477 fieri
267 2437 389 2488 possit
415 2435 686 2476 moderatione
715 2433 1030 2474 removebuntur.
1091 2434 1213 2470 Erant
1239 2430 1401 2480 quidem
1421 2429 1548 2479 primo

1680 1069 1690 1246 l
