1715 2780
121 101 195 143 197
279 95 400 132 THE
431 91 849 132 DISPUTATIONS
880 92 954 129 AT
984 81 1218 135 ZURICH,
1255 101 1354 140 1523
1441 100 1516 139 435

122 199 293 249 proferre
314 198 574 245 sententiam3
603 196 725 235 modo
746 207 827 234 non
847 207 894 234 ex
915 193 1108 232 humani
1099 192 1244 244 mgenii
1272 192 1428 241 scrinio,
1450 194 1520 232 sed

122 266 143 291 e
172 252 279 292 libris
309 251 427 291 sacris
461 251 526 289 illa
554 228 820 311 depromatur.
878 224 1163 299 Quapropter:D
1173 249 1204 286 si
1235 247 1302 298 qui
1332 262 1378 286 ex
1408 247 1520 286 vobis

121 314 213 346 sunt
246 305 315 357 qui
344 308 474 357 plures
503 306 634 344 adhuc
661 304 702 343 in
733 303 858 342 Missa
885 303 1033 341 abusus
1062 302 1234 352 reliquos
1261 315 1347 340 esse
1378 309 1519 352 putant

123 360 309 412 (quorum
338 361 420 399 heri
450 359 581 410 aliqua
610 357 760 398 mentio
789 371 857 408 per
886 358 1099 396 nonnullos
1130 358 1232 395 facta
1261 357 1360 407 est):
1409 369 1520 395 suam

123 428 284 466 quoque
304 414 383 453 de
374 415 419 453 115
441 414 677 453 sententiam
698 425 916 486 proponere
937 418 1135 461 poterunt.

176 471 233 508 D.
246 470 446 507 Baltazar
459 467 789 506 Paczmontanusk
833 464 1198 526 Quandoquidem
1189 479 1229 503 111
1247 464 1382 513 Missa,
1401 478 1521 515 quam

122 537 196 575 ego
216 530 497 562 testamentum
519 521 665 562 Christi
685 522 816 571 potius
836 528 904 559 aut
930 519 1065 559 mortis
1095 519 1155 558 sui
1181 518 1524 559 commemoratio-

123 591 215 617 nem
235 577 365 617 dicere
386 576 532 624 malim,
554 576 700 615 abusus
721 575 872 626 aliquot
892 574 1031 625 reliqui
1051 582 1164 613 sunt:
1194 588 1240 613 ea
1259 581 1364 613 certe
1385 573 1525 624 princi-

123 632 221 683 palis
250 631 429 670 omnium
460 632 602 669 horum
632 643 751 669 causa
780 643 865 668 esse
895 628 1058 676 videtur,
1090 629 1199 679 quod
1240 641 1313 667 nos
1354 629 1521 667 Missam

122 700 194 747 pro
215 685 405 725 sacrificio
425 686 683 724 celebramus.
742 684 941 729 Ceterum,
964 691 1006 722 ut
1033 682 1151 722 etiam
1179 683 1277 722 illud
1297 684 1406 733 quod
1427 682 1524 721 mihi

121 741 162 779 in
198 740 333 779 animo
370 747 544 779 versatur
582 740 778 790 proferam
910 751 992 776 non
1030 737 1139 776 aliud
1176 736 1361 787 equidem
1402 738 1525 776 modo

122 794 376 846 pronuntiare
404 807 567 845 possum
595 807 714 844 quarn
739 800 782 831 ut
808 805 900 830 cum
929 791 1108 842 Zuinglio
1129 798 1167 830 et
1190 794 1325 830 Leone
1356 793 1522 829 Missam

123 848 357 888 sacrificium
378 849 530 887 nullum
545 861 630 887 esse
645 847 787 894 dicam,
807 847 876 885 sed
893 845 1227 896 praedicationem
1245 845 1375 896 potius
1389 847 1525 884 Testa-

124 905 245 942 menti
267 902 425 951 Christi,
448 916 526 953 qua
554 903 690 940 mortis
711 901 833 952 ipsius
852 900 1042 939 memoria
1062 900 1291 947 celebratur,
1315 913 1384 949 per
1404 913 1523 950 quam

124 957 309 996 nimirum
330 971 371 997 se
391 957 521 1008 ipsum
539 957 661 996 semel
681 957 721 994 in
737 969 801 994 ara
817 955 942 994 crucis
956 954 1109 1002 obtulit,
1127 968 1200 993 nec
1213 954 1382 1004 amplius
1396 953 1524 993 offerri

124 1019 265 1062 potest.
325 1013 469 1059 Huius,
488 1012 662 1061 inquam,
679 1018 837 1049 externa
852 1017 998 1049 tessera
1018 1017 1056 1048 et
1077 1009 1246 1060 sigillum
1268 1010 1344 1048 hoc
1365 1017 1424 1048 est
1444 1022 1525 1059 quo

124 1068 175 1105 de
199 1065 429 1105 remissione
454 1073 705 1116 peccatorum
731 1064 914 1103 certiores
939 1063 1166 1115 plenissime
1187 1064 1399 1103 reddimur.
1433 1093 1440 1101 .

124 1121 305 1161 Christus
328 1122 420 1160 Hoc
441 1119 568 1167 facite,
587 1118 725 1169 inquit,
749 1132 831 1158 non
850 1125 982 1156 autem
1006 1120 1100 1156 Hoc
1120 1119 1267 1157 offerte.

179 1176 301 1215 Unde
321 1174 419 1213 illud
438 1173 566 1225 primo
581 1173 758 1224 sequitur
778 1172 956 1220 Missam,
975 1172 1007 1211 si
1027 1185 1098 1222 pro
1114 1171 1305 1210 sacrificio
1321 1172 1522 1219 habeatur,

123 1242 197 1268 nec
213 1228 434 1268 viventibus
454 1241 528 1267 nec
549 1227 713 1266 mortuis
734 1228 933 1278 prodesse.
982 1228 1039 1266 Ut
1056 1226 1161 1265 enim
1183 1240 1253 1277 pro
1269 1225 1346 1264 alio
1367 1226 1526 1264 credere

123 1297 206 1322 non
225 1296 398 1334 possum,
422 1284 475 1322 ita
495 1295 569 1321 nec
590 1281 756 1321 Missam
784 1295 854 1332 pro
874 1283 997 1320 altero
1017 1281 1215 1319 celebrare
1244 1280 1340 1318 mihi
1367 1280 1501 1318 licebit
1515 1294 1526 1327 3

123 1351 247 1388 quum
281 1337 464 1377 videlicet
503 1338 600 1376 haec
634 1350 657 1375 a
690 1335 851 1376 Christo
881 1335 1059 1374 instituta
1091 1335 1139 1373 sit
1171 1334 1211 1373 in
1243 1335 1409 1385 signum,
1445 1348 1525 1384 quo

124 1391 300 1431 fidelium
321 1392 419 1431 fides
438 1392 702 1430 confirmetur.

179 1447 375 1494 Secundo,
405 1459 528 1496 quum
550 1459 691 1496 corpus
719 1452 757 1484 et
784 1444 941 1495 sanguis
964 1443 1109 1484 Christi
1137 1442 1262 1493 sigilla
1289 1451 1326 1481 et
1356 1450 1525 1482 tesserae

125 1500 201 1539 sint
233 1501 443 1540 verborum
474 1499 621 1540 Christi
655 1512 757 1550 quae
791 1498 832 1537 in
866 1498 991 1537 Missa
1024 1497 1174 1537 recitari
1210 1505 1523 1536 consueverunt:

125 1556 308 1594 sacerdos
338 1554 474 1604 utique
503 1554 601 1592 nihil
630 1561 782 1604 praeter
813 1567 954 1603 purum
989 1554 1218 1602 clarumque
1255 1551 1330 1590 Dei
1360 1552 1522 1590 verbum

125 1608 237 1648 cuius
258 1610 355 1648 haec
376 1608 485 1659 signa
505 1616 596 1647 sunt
623 1607 876 1659 pronuntiare
897 1607 1028 1646 debet.
1079 1606 1336 1656 Quicumque
1359 1607 1523 1644 Missam

125 1663 235 1702 aliter
254 1663 426 1702 celebrat
446 1676 468 1702 a
488 1664 650 1702 veritate
669 1663 833 1701 aberrat.

179 1717 326 1765 Tertio,
345 1716 413 1767 qui
435 1718 510 1756 Dei
531 1717 694 1756 verbum
716 1730 796 1754 non
818 1714 1058 1766 pronuntiat,
1077 1713 1243 1752 Missam
1263 1727 1424 1764 quoque
1445 1727 1527 1753 11011

125 1771 309 1810 celebrat.
369 1773 525 1810 Fatetur
556 1770 662 1810 idem
698 1769 878 1810 Christus
910 1777 948 1808 et
981 1770 1126 1807 Paulus
1161 1768 1244 1807 eius
1283 1767 1524 1818 discipulus:

128 1827 222 1864 Hoc
254 1825 370 1864 facite
404 1825 445 1863 111
479 1824 555 1863 11101
585 1823 1029 1864 commemorationem!
1089 1823 1419 1873 Quotiescunque
1449 1824 1525 1861 hoc

127 1879 306 1927 feceritis,
329 1879 552 1930 praedicate
574 1887 741 1918 mortem
768 1877 954 1917 Domini!
1013 1879 1093 1915 Aut
1123 1890 1214 1927 ergo
1246 1876 1426 1916 Christus
1456 1891 1525 1915 sua

127 1935 322 1973 sententia
342 1934 457 1973 cedat
477 1941 642 1984 oportet,
665 1941 732 1971 aut
752 1931 1038 1983 consequentia
1059 1939 1192 1970 nostra
1212 1945 1301 1970 vera
1321 1939 1389 1970 est

182 1990 346 2037 Quarto,
368 1996 411 2026 ut
442 1987 590 2026 Latinis
623 1987 746 2026 Missa
777 1986 928 2034 Latine,
952 1985 1004 2024 ita
1031 1987 1155 2025 Gallis
1182 1986 1345 2033 Gallice,
1369 1993 1406 2024 et
1434 1986 1526 2025 Ger-

129 2041 255 2081 manis
283 2042 520 2081 Germanice
550 2041 624 2101 legi
653 2041 786 2080 debet.
845 2041 968 2079 Haud
1002 2039 1107 2078 enim
1140 2040 1306 2078 dubium
1339 2047 1397 2078 est
1431 2039 1526 2089 quin

129 2096 309 2135 Christus
334 2110 380 2135 ea
406 2096 538 2147 lingua
567 2110 607 2134 111
633 2096 773 2136 Coena
796 2109 886 2134 cum
912 2093 1114 2144 discipulis
1145 2108 1238 2132 115115
1268 2095 1315 2132 511
1346 2107 1446 2144 quae
1476 2094 1526 2132 ab

129 2150 314 2189 omnibus
353 2150 426 2189 illis
464 2158 616 2200 poterat
654 2149 828 2199 intelligi.
889 2151 940 2188 Et
969 2162 1092 2198 quum
1133 2148 1280 2186 Missae
1314 2148 1527 2186 celebratio

129 2203 292 2254 perinde
330 2206 378 2243 sit
414 2218 460 2243 ac
500 2204 530 2243 51
578 2204 723 2243 litteras
762 2203 1009 2243 Testamenti
1055 2203 1278 2247 recitemus,
1317 2202 1523 2240 ridiculum

129 2257 265 2308 utique
285 2267 343 2298 est
370 2259 582 2305 Germano,
607 2258 770 2297 Latinae
794 2258 950 2309 linguae
977 2256 1168 2306 imperito,
1194 2255 1353 2294 Latinas
1381 2255 1526 2294 litteras

129 2312 299 2351 recitare.
359 2315 452 2351 Hoc
477 2312 573 2363 quid
596 2312 704 2353 aliud
730 2320 787 2351 est
814 2311 888 2350 nisi
917 2311 1136 2350 Dominum
1163 2323 1280 2360 quem
1303 2309 1528 2359 praedicare

130 2365 387 2414 debebamus,
407 2368 683 2406 abscondere?
739 2368 884 2405 Paulus
906 2365 958 2404 ita
978 2378 1049 2404 nos
1071 2364 1109 2402 in
1131 2363 1297 2402 ecclesia
1317 2363 1426 2414 loqui
1447 2365 1528 2402 vult

129 2427 172 2458 ut
193 2420 453 2470 intelligamur
471 2421 522 2460 ab
543 2421 729 2460 omnibus
751 2452 757 2459 .
783 2453 789 2459 .
813 2451 819 2459 .
850 2435 862 2458 1
889 2421 979 2460 Cor.
1004 2418 1075 2457 xiv.
1106 2432 1162 2467 19.

212 2498 380 2530 Balthasar
395 2500 589 2539 Iliibmaier,
607 2500 687 2531 born
703 2510 730 2531 c.
748 2501 831 2539 1480
847 2503 881 2529 at
898 2498 1089 2537 Friedberg,
1103 2506 1177 2527 near
1188 2495 1385 2536 Augsburg5
1410 2502 1522 2536 pastor

131 2541 169 2573 of
181 2541 367 2580 Waldshut
387 2551 510 2583 15215
559 2543 653 2574 burnt
670 2553 705 2574 as
721 2553 761 2573 an
779 2542 977 2582 Anabaptist
992 2546 1024 2572 at
1041 2541 1177 2578 Vienna,
1198 2548 1234 2570 10
1253 2539 1379 2578 March,
1398 2541 1487 2581 1528.

780 2587 875 2623 Ffz
