1715 2780
197 109 244 157 78
274 109 394 146 THE
425 107 1004 148 EXCOMMUNICATION
1029 106 1100 146 OF
1128 106 1377 152 LUTHER,
1406 117 1505 156 1520
1535 105 1587 153 38

196 226 281 252 esse
301 220 470 252 statuere
496 212 680 251 articulos
701 210 804 259 fidei,
824 210 904 250 imo
924 223 997 250 nec
1013 212 1118 261 leges
1135 223 1289 250 morum
1305 223 1374 250 seu
1391 210 1587 250 bonorum

196 281 372 318 operum.

251 321 338 373 (28)
367 321 407 360 Si
430 323 537 370 Papa
556 333 646 358 cum
669 332 810 370 magna
830 326 938 369 parte
968 318 1157 358 ecclesiae
1177 319 1232 357 sic
1252 320 1313 358 vel
1335 318 1390 357 sic
1416 318 1587 366 sentiret,

197 389 270 415 nec
309 375 427 414 etiam
461 381 603 413 erraret
621 389 631 422 3
676 375 807 412 adhuc
852 386 933 412 non
971 380 1030 411 est
1068 379 1275 423 peccatum
1313 380 1380 411 aut
1418 373 1588 412 haeresis

195 431 433 468 contrarium
454 428 608 475 sentire,
631 427 855 478 praesertim
878 428 917 465 in
938 440 977 465 re
998 440 1078 465 non
1099 426 1319 466 necessaria
1337 428 1388 466 ad
1409 428 1587 474 salutem,

196 485 325 522 donec
363 484 477 522 fuerit
510 495 578 532 per
616 481 827 521 concilium
867 482 1085 520 universale
1122 482 1287 520 alterurn
1322 481 1587 532 reprobatum,

195 539 359 577 alterum
379 537 652 587 approbatum.

252 591 336 643 (29)
367 591 442 629 Via
463 590 577 629 nobis
599 591 699 628 facta
720 596 777 628 est
799 588 1005 628 enarrandi
1028 588 1300 634 auctoritatem
1318 588 1586 636 conciliorum,

197 653 234 684 et
250 645 371 684 libere
384 643 682 683 contradicendi
699 656 835 682 eorum
851 644 980 693 gestis,
999 650 1037 681 et
1050 642 1251 682 iudicandi
1265 656 1402 682 eorum
1418 643 1587 689 decreta,

196 706 234 738 et
264 700 509 738 confidenter
539 698 757 737 confitendi
791 697 986 747 quidquid
1020 709 1154 735 verum
1188 696 1353 744 videtur,
1389 696 1470 736 sive
1504 711 1588 747 pro-

198 754 332 792 batum
354 752 479 799 fuerit,
501 752 582 791 sive
602 752 853 802 reprobatum
874 765 896 789 a
917 764 1171 801 quocumque
1190 751 1371 790 concilio.

251 807 335 857 (3ο)
368 806 498 857 Aliqui
537 805 688 844 articuli
724 806 885 844 Ioannis
917 807 1027 843 Huss
1057 804 1310 844 condemnati
1345 805 1383 843 in
1418 804 1589 844 concilio

197 861 492 901 Constantiensi
514 867 603 899 sunt
624 858 960 907 Christianissimi,
979 858 1168 898 verissimi
1190 867 1228 898 et
1241 859 1466 910 evangelici,
1489 872 1588 910 quos

198 929 270 953 nec
291 914 518 954 universalis
541 913 719 952 Ecclesia
739 921 872 963 posset
892 914 1090 952 damnare.

252 968 337 1019 (31)
370 971 417 1007 In
439 968 547 1007 omni
569 980 686 1018 opere
708 968 815 1006 bono
835 966 959 1006 iustus
980 974 1127 1018 peccat.

252 1023 337 1073 (32)
369 1024 480 1073 Opus
502 1023 652 1061 bonum
674 1021 823 1071 optime
844 1022 989 1059 factum
1012 1029 1069 1059 est
1089 1022 1241 1060 veniale
1263 1028 1482 1071 peccatum.

250 1076 336 1128 (33)
367 1076 600 1115 Haereticos
620 1074 811 1123 comburi,
834 1082 892 1114 est
912 1082 1048 1114 contra
1067 1076 1309 1114 voluntatem
1326 1074 1502 1125 Spiritus.

248 1131 335 1181 (34)
368 1129 552 1169 Proeliari
581 1131 767 1169 adversus
787 1131 949 1177 Turcas,
973 1136 1030 1167 est
1054 1142 1270 1180 repugnare
1301 1131 1389 1168 Deo
1418 1127 1589 1168 visitanti

196 1185 420 1236 iniquitates
441 1191 593 1223 nostras
614 1197 681 1234 per
703 1183 799 1222 illos.

251 1238 336 1290 (35)
367 1240 499 1278 Nemo
533 1245 591 1277 est
623 1244 765 1285 certus,
794 1250 834 1276 se
867 1250 947 1275 non
982 1249 1135 1288 semper
1168 1250 1332 1288 peccare
1362 1236 1586 1283 mortaliter,

196 1302 352 1343 propter
373 1292 684 1332 occultissimum
706 1291 911 1341 superbiae
932 1290 1079 1329 vitium.

249 1346 335 1397 (36)
368 1347 554 1386 Liberum
594 1345 795 1384 arbitrium
835 1353 924 1395 post
962 1352 1168 1395 peccatum
1208 1352 1266 1384 est
1294 1358 1370 1383 *res
1416 1346 1466 1384 de
1505 1346 1590 1384 solo

196 1402 309 1439 titulo
326 1416 334 1447 ;
363 1408 401 1439 et
422 1402 517 1440 dum
539 1399 630 1438 facit
651 1400 759 1449 quod
781 1400 819 1437 in
842 1412 881 1437 se
903 1406 971 1446 est,
994 1406 1131 1449 peccat
1152 1397 1375 1438 mortaliter.

251 1456 335 1505 (37)
369 1454 638 1504 Purgatorium
678 1466 757 1491 non
798 1460 926 1503 potest
961 1452 1116 1503 probari
1154 1467 1201 1492 ex
1238 1465 1346 1491 sacra
1380 1452 1588 1503 Scriptura,

195 1522 296 1559 quae
318 1508 365 1547 sit
386 1508 425 1546 in
446 1522 610 1547 canone.

250 1563 335 1612 (38)
366 1562 534 1601 Animae
573 1562 611 1599 in
652 1560 875 1612 purgatorio
919 1574 998 1600 non
1043 1568 1133 1599 sunt
1172 1574 1330 1600 securae
1368 1562 1418 1599 de
1457 1574 1589 1600 earum

195 1618 330 1663 salute,
363 1618 499 1655 saltem
531 1629 693 1654 omnes:
733 1629 804 1654 nec
835 1616 1045 1665 probatum
1075 1622 1132 1654 est
1162 1615 1249 1653 ullis
1279 1622 1345 1653 aut
1374 1614 1590 1653 rationibus

195 1679 261 1709 aut
282 1670 498 1721 Scripturis‚
523 1669 625 1720 ipsas
647 1683 731 1708 esse
761 1676 866 1708 extra
895 1676 1038 1707 statum
1074 1669 1250 1708 merendi
1283 1676 1350 1707 aut
1388 1669 1591 1719 augendae

193 1724 401 1763 charitatis.

251 1779 334 1829 (39)
368 1778 534 1816 Animae
552 1777 589 1815 in
612 1777 834 1827 purgatorio
850 1785 1016 1827 peccant
1037 1776 1120 1816 sine
1140 1776 1439 1824 intermissione,
1457 1789 1591 1827 quam-

195 1832 262 1870 diu
284 1839 475 1882 quaerunt
496 1831 670 1881 requiem
691 1839 728 1870 et
750 1833 908 1870 horrent
929 1844 1086 1881 poenas.

251 1886 335 1935 (40)
367 1885 534 1923 Animae
573 1899 619 1923 ex
662 1884 885 1935 purgatorio
924 1885 1109 1923 liberatae
1148 1883 1336 1934 suffragiis
1374 1883 1588 1923 viventium

197 1939 326 1977 minus
348 1939 512 1977 beantur
532 1951 650 1987 quam
673 1938 703 1975 si
725 1952 792 1988 per
812 1952 852 1976 se
874 1938 1161 1977 satisfecissent.

252 1992 337 2043 (41)
372 1991 532 2030 Praelati
559 1991 811 2030 ecclesiastici
839 2001 877 2030 et
904 1992 1100 2042 principes
1130 1993 1347 2030 saeculares
1377 2004 1457 2029 non
1489 1993 1590 2030 male

194 2047 377 2093 facerent,
401 2045 429 2084 si
453 2058 590 2083 omnes
611 2058 746 2083 saccos
768 2045 1030 2084 mendicitatis
1051 2046 1235 2084 delerent.

250 2101 267 2149 §
289 2112 321 2149 3.
356 2099 435 2147 Qui
466 2098 626 2148 quidem
657 2112 803 2136 errores
825 2129 831 2136 .
856 2129 862 2135 .
890 2129 896 2136 .
918 2112 1036 2148 quam
1067 2098 1144 2136 sint
1182 2097 1381 2148 pestiferi.
1408 2128 1414 2135 .
1439 2128 1444 2135 .
1470 2111 1588 2137 nemo

196 2167 313 2192 sanae
335 2151 475 2191 mentis
496 2151 657 2201 ignorat.
718 2152 803 2189 Nos
824 2151 981 2201 igitur..
1002 2182 1011 2190 .
1025 2151 1236 2201 reperimus
1258 2152 1419 2190 eosdem
1441 2165 1588 2191 errores

195 2214 341 2246 ...aut
371 2206 553 2245 articulos
585 2219 662 2243 non
694 2218 778 2243 esse
808 2205 1023 2243 catholicos
1054 2218 1126 2243 nec
1155 2212 1343 2255 tanquam
1375 2206 1471 2243 tales
1503 2218 1588 2244 esse

196 2260 530 2312 dogmatizandos.
555 2290 561 2297 .
585 2290 591 2296 .
615 2289 621 2296 .
656 2260 759 2297 Nam
792 2272 838 2297 ex
877 2258 1026 2297 eisdem
1048 2289 1055 2295 .
1080 2289 1086 2296 .
1111 2289 1117 2297 .
1142 2260 1271 2308 palam
1310 2258 1495 2309 sequitur.
1517 2289 1524 2297 .
1544 2289 1551 2297 .
1578 2290 1584 2297 .

197 2314 426 2361 Ecclesiam,
466 2326 567 2363 quae
607 2312 751 2363 Spiritu
799 2314 944 2351 Sancto
991 2312 1143 2362 regitur,
1185 2326 1309 2350 errare
1348 2320 1386 2351 et
1433 2325 1588 2363 semper

194 2382 350 2408 errasse.
370 2397 378 2407 .
397 2399 403 2406 .
425 2399 430 2405 .

248 2425 266 2473 ξ
287 2437 320 2471 4.
354 2453 360 2460 .
380 2453 387 2460 .
408 2452 414 2460 .
435 2423 574 2471 Itaque
593 2450 622 2459 ..
642 2450 649 2459 .
667 2420 897 2459 auctoritate
917 2418 1200 2470 omnipotentis
1222 2419 1308 2467 Dei,
1323 2427 1360 2458 et
1381 2420 1585 2459 beatorum

194 2478 461 2527 apostolorum
502 2474 604 2513 Petri
644 2482 681 2513 et
718 2474 837 2521 Pauli,
879 2482 915 2512 et
955 2481 1097 2520 nostra,
1138 2474 1330 2523 praefatos
1371 2486 1510 2513 omnes
1549 2482 1586 2513 et
